Ticker,Date,Time,LTP,BuyPrice,BuyQty,SellPrice,SellQty,LTQ,OpenInterest
200EQW.BSE_IDX,01/07/2025,09:00:00,13246.1,0,0,0,0,0,0
200EQW.BSE_IDX,01/07/2025,09:00:07,13307.61,0,0,0,0,0,0
200EQW.BSE_IDX,01/07/2025,09:00:15,13280.01,0,0,0,0,0,0
200EQW.BSE_IDX,01/07/2025,09:00:23,13286.11,0,0,0,0,0,0
200EQW.BSE_IDX,01/07/2025,09:00:31,13289.1,0,0,0,0,0,0
200EQW.BSE_IDX,01/07/2025,09:00:39,13286.84,0,0,0,0,0,0
200EQW.BSE_IDX,01/07/2025,09:00:47,13270.93,0,0,0,0,0,0
200EQW.BSE_IDX,01/07/2025,09:00:55,13275.28,0,0,0,0,0,0
200EQW.BSE_IDX,01/07/2025,09:01:03,13275.84,0,0,0,0,0,0
200EQW.BSE_IDX,01/07/2025,09:01:11,13275,0,0,0,0,0,0
200EQW.BSE_IDX,01/07/2025,09:01:19,13280.52,0,0,0,0,0,0
200EQW.BSE_IDX,01/07/2025,09:01:27,13282.88,0,0,0,0,0,0
200EQW.BSE_IDX,01/07/2025,09:01:35,13278.72,0,0,0,0,0,0
200EQW.BSE_IDX,01/07/2025,09:01:43,13278.43,0,0,0,0,0,0
200EQW.BSE_IDX,01/07/2025,09:01:51,13269.76,0,0,0,0,0,0
200EQW.BSE_IDX,01/07/2025,09:01:59,13269.01,0,0,0,0,0,0
200EQW.BSE_IDX,01/07/2025,09:02:07,13269.6,0,0,0,0,0,0
200EQW.BSE_IDX,01/07/2025,09:02:15,13269.1,0,0,0,0,0,0
200EQW.BSE_IDX,01/07/2025,09:02:23,13264.6,0,0,0,0,0,0
200EQW.BSE_IDX,01/07/2025,09:02:31,13269.98,0,0,0,0,0,0
200EQW.BSE_IDX,01/07/2025,09:02:39,13269.52,0,0,0,0,0,0
200EQW.BSE_IDX,01/07/2025,09:02:47,13264.76,0,0,0,0,0,0
200EQW.BSE_IDX,01/07/2025,09:02:55,13266.82,0,0,0,0,0,0
200EQW.BSE_IDX,01/07/2025,09:03:03,13272.88,0,0,0,0,0,0
200EQW.BSE_IDX,01/07/2025,09:03:11,13272.63,0,0,0,0,0,0
200EQW.BSE_IDX,01/07/2025,09:03:19,13277.06,0,0,0,0,0,0
200EQW.BSE_IDX,01/07/2025,09:03:27,13274.65,0,0,0,0,0,0
200EQW.BSE_IDX,01/07/2025,09:03:35,13273.62,0,0,0,0,0,0
200EQW.BSE_IDX,01/07/2025,09:03:43,13277.77,0,0,0,0,0,0
200EQW.BSE_IDX,01/07/2025,09:03:51,13273.57,0,0,0,0,0,0
200EQW.BSE_IDX,01/07/2025,09:03:59,13275.85,0,0,0,0,0,0
200EQW.BSE_IDX,01/07/2025,09:04:07,13274.35,0,0,0,0,0,0
200EQW.BSE_IDX,01/07/2025,09:04:15,13275.42,0,0,0,0,0,0
200EQW.BSE_IDX,01/07/2025,09:04:23,13275.27,0,0,0,0,0,0
200EQW.BSE_IDX,01/07/2025,09:04:31,13276.65,0,0,0,0,0,0
200EQW.BSE_IDX,01/07/2025,09:04:39,13278.61,0,0,0,0,0,0
200EQW.BSE_IDX,01/07/2025,09:04:47,13277.77,0,0,0,0,0,0
200EQW.BSE_IDX,01/07/2025,09:04:55,13276.25,0,0,0,0,0,0
200EQW.BSE_IDX,01/07/2025,09:05:03,13276.68,0,0,0,0,0,0
200EQW.BSE_IDX,01/07/2025,09:05:11,13277.35,0,0,0,0,0,0
200EQW.BSE_IDX,01/07/2025,09:05:19,13281.15,0,0,0,0,0,0
200EQW.BSE_IDX,01/07/2025,09:05:27,13276.38,0,0,0,0,0,0
200EQW.BSE_IDX,01/07/2025,09:05:35,13276.39,0,0,0,0,0,0
200EQW.BSE_IDX,01/07/2025,09:05:43,13274.55,0,0,0,0,0,0
200EQW.BSE_IDX,01/07/2025,09:05:51,13274.48,0,0,0,0,0,0
200EQW.BSE_IDX,01/07/2025,09:05:59,13279.36,0,0,0,0,0,0
200EQW.BSE_IDX,01/07/2025,09:06:07,13277,0,0,0,0,0,0
200EQW.BSE_IDX,01/07/2025,09:06:15,13277.86,0,0,0,0,0,0
200EQW.BSE_IDX,01/07/2025,09:06:23,13279.22,0,0,0,0,0,0
200EQW.BSE_IDX,01/07/2025,09:06:31,13281.82,0,0,0,0,0,0
200EQW.BSE_IDX,01/07/2025,09:06:39,13284.55,0,0,0,0,0,0
200EQW.BSE_IDX,01/07/2025,09:06:47,13282,0,0,0,0,0,0
200EQW.BSE_IDX,01/07/2025,09:06:55,13283.86,0,0,0,0,0,0
200EQW.BSE_IDX,01/07/2025,09:07:04,13286.94,0,0,0,0,0,0
200EQW.BSE_IDX,01/07/2025,09:07:11,13286.94,0,0,0,0,0,0
200EQW.BSE_IDX,01/07/2025,09:07:19,13286.94,0,0,0,0,0,0
200EQW.BSE_IDX,01/07/2025,09:07:27,13286.94,0,0,0,0,0,0
200EQW.BSE_IDX,01/07/2025,09:07:35,13286.94,0,0,0,0,0,0
200EQW.BSE_IDX,01/07/2025,09:07:43,13286.94,0,0,0,0,0,0
200EQW.BSE_IDX,01/07/2025,09:07:51,13286.94,0,0,0,0,0,0
200EQW.BSE_IDX,01/07/2025,09:07:59,13286.94,0,0,0,0,0,0
200EQW.BSE_IDX,01/07/2025,09:08:07,13286.94,0,0,0,0,0,0
200EQW.BSE_IDX,01/07/2025,09:08:15,13286.94,0,0,0,0,0,0
200EQW.BSE_IDX,01/07/2025,09:08:23,13286.94,0,0,0,0,0,0
200EQW.BSE_IDX,01/07/2025,09:08:31,13286.94,0,0,0,0,0,0
200EQW.BSE_IDX,01/07/2025,09:08:39,13286.94,0,0,0,0,0,0
200EQW.BSE_IDX,01/07/2025,09:08:47,13286.94,0,0,0,0,0,0
200EQW.BSE_IDX,01/07/2025,09:08:55,13286.94,0,0,0,0,0,0
200EQW.BSE_IDX,01/07/2025,09:09:03,13285.12,0,0,0,0,0,0
200EQW.BSE_IDX,01/07/2025,09:09:11,13285.12,0,0,0,0,0,0
200EQW.BSE_IDX,01/07/2025,09:09:20,13285.12,0,0,0,0,0,0
200EQW.BSE_IDX,01/07/2025,09:09:27,13285.12,0,0,0,0,0,0
200EQW.BSE_IDX,01/07/2025,09:09:36,13285.12,0,0,0,0,0,0
200EQW.BSE_IDX,01/07/2025,09:09:43,13285.12,0,0,0,0,0,0
200EQW.BSE_IDX,01/07/2025,09:09:51,13285.12,0,0,0,0,0,0
200EQW.BSE_IDX,01/07/2025,09:09:59,13285.12,0,0,0,0,0,0
200EQW.BSE_IDX,01/07/2025,09:10:07,13285.12,0,0,0,0,0,0
200EQW.BSE_IDX,01/07/2025,09:10:16,13285.12,0,0,0,0,0,0
200EQW.BSE_IDX,01/07/2025,09:10:24,13285.12,0,0,0,0,0,0
200EQW.BSE_IDX,01/07/2025,09:10:32,13285.12,0,0,0,0,0,0
200EQW.BSE_IDX,01/07/2025,09:10:39,13285.12,0,0,0,0,0,0
200EQW.BSE_IDX,01/07/2025,09:10:47,13285.12,0,0,0,0,0,0
200EQW.BSE_IDX,01/07/2025,09:10:55,13285.12,0,0,0,0,0,0
200EQW.BSE_IDX,01/07/2025,09:11:03,13285.12,0,0,0,0,0,0
200EQW.BSE_IDX,01/07/2025,09:11:11,13285.12,0,0,0,0,0,0
200EQW.BSE_IDX,01/07/2025,09:11:19,13285.12,0,0,0,0,0,0
200EQW.BSE_IDX,01/07/2025,09:11:27,13285.12,0,0,0,0,0,0
200EQW.BSE_IDX,01/07/2025,09:11:35,13285.12,0,0,0,0,0,0
200EQW.BSE_IDX,01/07/2025,09:11:43,13285.12,0,0,0,0,0,0
200EQW.BSE_IDX,01/07/2025,09:11:51,13285.12,0,0,0,0,0,0
200EQW.BSE_IDX,01/07/2025,09:11:59,13285.12,0,0,0,0,0,0
200EQW.BSE_IDX,01/07/2025,09:12:07,13285.12,0,0,0,0,0,0
200EQW.BSE_IDX,01/07/2025,09:12:16,13285.12,0,0,0,0,0,0
200EQW.BSE_IDX,01/07/2025,09:12:23,13285.12,0,0,0,0,0,0
200EQW.BSE_IDX,01/07/2025,09:12:31,13285.12,0,0,0,0,0,0
200EQW.BSE_IDX,01/07/2025,09:12:39,13285.12,0,0,0,0,0,0
200EQW.BSE_IDX,01/07/2025,09:12:47,13285.12,0,0,0,0,0,0
200EQW.BSE_IDX,01/07/2025,09:12:55,13285.12,0,0,0,0,0,0
200EQW.BSE_IDX,01/07/2025,09:13:03,13285.12,0,0,0,0,0,0
200EQW.BSE_IDX,01/07/2025,09:13:11,13285.12,0,0,0,0,0,0
200EQW.BSE_IDX,01/07/2025,09:13:19,13285.12,0,0,0,0,0,0
200EQW.BSE_IDX,01/07/2025,09:13:27,13285.12,0,0,0,0,0,0
200EQW.BSE_IDX,01/07/2025,09:13:35,13285.12,0,0,0,0,0,0
200EQW.BSE_IDX,01/07/2025,09:13:43,13285.12,0,0,0,0,0,0
200EQW.BSE_IDX,01/07/2025,09:13:51,13285.12,0,0,0,0,0,0
200EQW.BSE_IDX,01/07/2025,09:13:59,13285.12,0,0,0,0,0,0
200EQW.BSE_IDX,01/07/2025,09:14:07,13285.12,0,0,0,0,0,0
200EQW.BSE_IDX,01/07/2025,09:14:15,13285.12,0,0,0,0,0,0
200EQW.BSE_IDX,01/07/2025,09:14:23,13285.12,0,0,0,0,0,0
200EQW.BSE_IDX,01/07/2025,09:14:31,13285.12,0,0,0,0,0,0
200EQW.BSE_IDX,01/07/2025,09:14:39,13285.12,0,0,0,0,0,0
200EQW.BSE_IDX,01/07/2025,09:14:47,13285.12,0,0,0,0,0,0
200EQW.BSE_IDX,01/07/2025,09:14:55,13285.12,0,0,0,0,0,0
200EQW.BSE_IDX,01/07/2025,09:15:04,13282.69,0,0,0,0,0,0
200EQW.BSE_IDX,01/07/2025,09:15:11,13280.22,0,0,0,0,0,0
200EQW.BSE_IDX,01/07/2025,09:15:19,13276.66,0,0,0,0,0,0
200EQW.BSE_IDX,01/07/2025,09:15:27,13268.05,0,0,0,0,0,0
200EQW.BSE_IDX,01/07/2025,09:15:35,13269.76,0,0,0,0,0,0
200EQW.BSE_IDX,01/07/2025,09:15:43,13270.26,0,0,0,0,0,0
200EQW.BSE_IDX,01/07/2025,09:15:51,13269.17,0,0,0,0,0,0
200EQW.BSE_IDX,01/07/2025,09:15:59,13267.28,0,0,0,0,0,0
200EQW.BSE_IDX,01/07/2025,09:16:07,13267.58,0,0,0,0,0,0
200EQW.BSE_IDX,01/07/2025,09:16:15,13268.74,0,0,0,0,0,0
200EQW.BSE_IDX,01/07/2025,09:16:24,13270.46,0,0,0,0,0,0
200EQW.BSE_IDX,01/07/2025,09:16:31,13271.28,0,0,0,0,0,0
200EQW.BSE_IDX,01/07/2025,09:16:39,13269.97,0,0,0,0,0,0
200EQW.BSE_IDX,01/07/2025,09:16:48,13270.83,0,0,0,0,0,0
200EQW.BSE_IDX,01/07/2025,09:16:55,13271.51,0,0,0,0,0,0
200EQW.BSE_IDX,01/07/2025,09:17:03,13270.7,0,0,0,0,0,0
200EQW.BSE_IDX,01/07/2025,09:17:12,13268.84,0,0,0,0,0,0
200EQW.BSE_IDX,01/07/2025,09:17:19,13268.77,0,0,0,0,0,0
200EQW.BSE_IDX,01/07/2025,09:17:27,13268.18,0,0,0,0,0,0
200EQW.BSE_IDX,01/07/2025,09:17:35,13268.54,0,0,0,0,0,0
200EQW.BSE_IDX,01/07/2025,09:17:44,13270.93,0,0,0,0,0,0
200EQW.BSE_IDX,01/07/2025,09:17:51,13271.49,0,0,0,0,0,0
200EQW.BSE_IDX,01/07/2025,09:17:59,13271.87,0,0,0,0,0,0
200EQW.BSE_IDX,01/07/2025,09:18:07,13272.62,0,0,0,0,0,0
200EQW.BSE_IDX,01/07/2025,09:18:15,13270.67,0,0,0,0,0,0
200EQW.BSE_IDX,01/07/2025,09:18:23,13270.45,0,0,0,0,0,0
200EQW.BSE_IDX,01/07/2025,09:18:31,13269.06,0,0,0,0,0,0
200EQW.BSE_IDX,01/07/2025,09:18:39,13269.39,0,0,0,0,0,0
200EQW.BSE_IDX,01/07/2025,09:18:47,13269.33,0,0,0,0,0,0
200EQW.BSE_IDX,01/07/2025,09:18:56,13269.94,0,0,0,0,0,0
200EQW.BSE_IDX,01/07/2025,09:19:03,13269.96,0,0,0,0,0,0
200EQW.BSE_IDX,01/07/2025,09:19:11,13268.74,0,0,0,0,0,0
200EQW.BSE_IDX,01/07/2025,09:19:19,13270.03,0,0,0,0,0,0
200EQW.BSE_IDX,01/07/2025,09:19:28,13269.12,0,0,0,0,0,0
200EQW.BSE_IDX,01/07/2025,09:19:35,13269.41,0,0,0,0,0,0
200EQW.BSE_IDX,01/07/2025,09:19:43,13267.75,0,0,0,0,0,0
200EQW.BSE_IDX,01/07/2025,09:19:52,13267.94,0,0,0,0,0,0
200EQW.BSE_IDX,01/07/2025,09:19:59,13267.58,0,0,0,0,0,0
200EQW.BSE_IDX,01/07/2025,09:20:07,13269.46,0,0,0,0,0,0
200EQW.BSE_IDX,01/07/2025,09:20:15,13269.38,0,0,0,0,0,0
200EQW.BSE_IDX,01/07/2025,09:20:24,13267.36,0,0,0,0,0,0
200EQW.BSE_IDX,01/07/2025,09:20:31,13267.63,0,0,0,0,0,0
200EQW.BSE_IDX,01/07/2025,09:20:39,13266.15,0,0,0,0,0,0
200EQW.BSE_IDX,01/07/2025,09:20:47,13265.95,0,0,0,0,0,0
200EQW.BSE_IDX,01/07/2025,09:20:55,13263.99,0,0,0,0,0,0
200EQW.BSE_IDX,01/07/2025,09:21:03,13264.57,0,0,0,0,0,0
200EQW.BSE_IDX,01/07/2025,09:21:11,13265.7,0,0,0,0,0,0
200EQW.BSE_IDX,01/07/2025,09:21:19,13269.59,0,0,0,0,0,0
200EQW.BSE_IDX,01/07/2025,09:21:27,13269.11,0,0,0,0,0,0
200EQW.BSE_IDX,01/07/2025,09:21:36,13269.46,0,0,0,0,0,0
200EQW.BSE_IDX,01/07/2025,09:21:43,13270.23,0,0,0,0,0,0
200EQW.BSE_IDX,01/07/2025,09:21:51,13270.53,0,0,0,0,0,0
200EQW.BSE_IDX,01/07/2025,09:22:00,13270.92,0,0,0,0,0,0
200EQW.BSE_IDX,01/07/2025,09:22:07,13270.73,0,0,0,0,0,0
200EQW.BSE_IDX,01/07/2025,09:22:15,13271.73,0,0,0,0,0,0
200EQW.BSE_IDX,01/07/2025,09:22:23,13273.14,0,0,0,0,0,0
200EQW.BSE_IDX,01/07/2025,09:22:31,13273.81,0,0,0,0,0,0
200EQW.BSE_IDX,01/07/2025,09:22:39,13275.48,0,0,0,0,0,0
200EQW.BSE_IDX,01/07/2025,09:22:47,13275.29,0,0,0,0,0,0
200EQW.BSE_IDX,01/07/2025,09:22:55,13275.46,0,0,0,0,0,0
200EQW.BSE_IDX,01/07/2025,09:23:03,13276.06,0,0,0,0,0,0
200EQW.BSE_IDX,01/07/2025,09:23:11,13275.21,0,0,0,0,0,0
200EQW.BSE_IDX,01/07/2025,09:23:20,13274.97,0,0,0,0,0,0
200EQW.BSE_IDX,01/07/2025,09:23:27,13275.21,0,0,0,0,0,0
200EQW.BSE_IDX,01/07/2025,09:23:35,13274.88,0,0,0,0,0,0
200EQW.BSE_IDX,01/07/2025,09:23:44,13274.87,0,0,0,0,0,0
200EQW.BSE_IDX,01/07/2025,09:23:51,13274.18,0,0,0,0,0,0
200EQW.BSE_IDX,01/07/2025,09:23:59,13273.92,0,0,0,0,0,0
200EQW.BSE_IDX,01/07/2025,09:24:08,13274.06,0,0,0,0,0,0
200EQW.BSE_IDX,01/07/2025,09:24:16,13273.87,0,0,0,0,0,0
200EQW.BSE_IDX,01/07/2025,09:24:23,13273.61,0,0,0,0,0,0
200EQW.BSE_IDX,01/07/2025,09:24:32,13273.41,0,0,0,0,0,0
200EQW.BSE_IDX,01/07/2025,09:24:39,13273.61,0,0,0,0,0,0
200EQW.BSE_IDX,01/07/2025,09:24:48,13273.94,0,0,0,0,0,0
200EQW.BSE_IDX,01/07/2025,09:24:57,13274.27,0,0,0,0,0,0
200EQW.BSE_IDX,01/07/2025,09:25:03,13274.96,0,0,0,0,0,0
200EQW.BSE_IDX,01/07/2025,09:25:12,13274.19,0,0,0,0,0,0
200EQW.BSE_IDX,01/07/2025,09:25:20,13275.04,0,0,0,0,0,0
200EQW.BSE_IDX,01/07/2025,09:25:29,13273.82,0,0,0,0,0,0
200EQW.BSE_IDX,01/07/2025,09:25:35,13274.3,0,0,0,0,0,0
200EQW.BSE_IDX,01/07/2025,09:25:43,13273.82,0,0,0,0,0,0
200EQW.BSE_IDX,01/07/2025,09:25:51,13272.62,0,0,0,0,0,0
200EQW.BSE_IDX,01/07/2025,09:25:59,13272.64,0,0,0,0,0,0
200EQW.BSE_IDX,01/07/2025,09:26:08,13271.66,0,0,0,0,0,0
200EQW.BSE_IDX,01/07/2025,09:26:15,13271.45,0,0,0,0,0,0
200EQW.BSE_IDX,01/07/2025,09:26:24,13271.62,0,0,0,0,0,0
200EQW.BSE_IDX,01/07/2025,09:26:31,13272.33,0,0,0,0,0,0
200EQW.BSE_IDX,01/07/2025,09:26:40,13272.69,0,0,0,0,0,0
200EQW.BSE_IDX,01/07/2025,09:26:48,13273.03,0,0,0,0,0,0
200EQW.BSE_IDX,01/07/2025,09:26:55,13273.74,0,0,0,0,0,0
200EQW.BSE_IDX,01/07/2025,09:27:04,13274.46,0,0,0,0,0,0
200EQW.BSE_IDX,01/07/2025,09:27:12,13273.52,0,0,0,0,0,0
200EQW.BSE_IDX,01/07/2025,09:27:19,13273.4,0,0,0,0,0,0
200EQW.BSE_IDX,01/07/2025,09:27:28,13273.72,0,0,0,0,0,0
200EQW.BSE_IDX,01/07/2025,09:27:36,13273.42,0,0,0,0,0,0
200EQW.BSE_IDX,01/07/2025,09:27:44,13272.2,0,0,0,0,0,0
200EQW.BSE_IDX,01/07/2025,09:27:52,13272.66,0,0,0,0,0,0
200EQW.BSE_IDX,01/07/2025,09:28:00,13273.03,0,0,0,0,0,0
200EQW.BSE_IDX,01/07/2025,09:28:08,13271.6,0,0,0,0,0,0
200EQW.BSE_IDX,01/07/2025,09:28:16,13268.72,0,0,0,0,0,0
200EQW.BSE_IDX,01/07/2025,09:28:24,13267.08,0,0,0,0,0,0
200EQW.BSE_IDX,01/07/2025,09:28:32,13266.46,0,0,0,0,0,0
200EQW.BSE_IDX,01/07/2025,09:28:40,13266.58,0,0,0,0,0,0
200EQW.BSE_IDX,01/07/2025,09:28:48,13267.5,0,0,0,0,0,0
200EQW.BSE_IDX,01/07/2025,09:28:56,13267.65,0,0,0,0,0,0
200EQW.BSE_IDX,01/07/2025,09:29:04,13267.34,0,0,0,0,0,0
200EQW.BSE_IDX,01/07/2025,09:29:12,13267.01,0,0,0,0,0,0
200EQW.BSE_IDX,01/07/2025,09:29:20,13265.62,0,0,0,0,0,0
200EQW.BSE_IDX,01/07/2025,09:29:28,13265.39,0,0,0,0,0,0
200EQW.BSE_IDX,01/07/2025,09:29:36,13264.85,0,0,0,0,0,0
200EQW.BSE_IDX,01/07/2025,09:29:44,13266.51,0,0,0,0,0,0
200EQW.BSE_IDX,01/07/2025,09:29:52,13266.83,0,0,0,0,0,0
200EQW.BSE_IDX,01/07/2025,09:30:00,13267.82,0,0,0,0,0,0
200EQW.BSE_IDX,01/07/2025,09:30:08,13270.34,0,0,0,0,0,0
200EQW.BSE_IDX,01/07/2025,09:30:16,13272.79,0,0,0,0,0,0
200EQW.BSE_IDX,01/07/2025,09:30:24,13274.23,0,0,0,0,0,0
200EQW.BSE_IDX,01/07/2025,09:30:32,13275.33,0,0,0,0,0,0
200EQW.BSE_IDX,01/07/2025,09:30:40,13275.96,0,0,0,0,0,0
200EQW.BSE_IDX,01/07/2025,09:30:48,13276.27,0,0,0,0,0,0
200EQW.BSE_IDX,01/07/2025,09:30:56,13273.37,0,0,0,0,0,0
200EQW.BSE_IDX,01/07/2025,09:31:04,13272.65,0,0,0,0,0,0
200EQW.BSE_IDX,01/07/2025,09:31:12,13270.86,0,0,0,0,0,0
200EQW.BSE_IDX,01/07/2025,09:31:20,13269.24,0,0,0,0,0,0
200EQW.BSE_IDX,01/07/2025,09:31:28,13268.38,0,0,0,0,0,0
200EQW.BSE_IDX,01/07/2025,09:31:36,13267.58,0,0,0,0,0,0
200EQW.BSE_IDX,01/07/2025,09:31:44,13266.52,0,0,0,0,0,0
200EQW.BSE_IDX,01/07/2025,09:31:52,13267.14,0,0,0,0,0,0
200EQW.BSE_IDX,01/07/2025,09:32:00,13267.54,0,0,0,0,0,0
200EQW.BSE_IDX,01/07/2025,09:32:08,13266.71,0,0,0,0,0,0
200EQW.BSE_IDX,01/07/2025,09:32:16,13265.75,0,0,0,0,0,0
200EQW.BSE_IDX,01/07/2025,09:32:24,13266.39,0,0,0,0,0,0
200EQW.BSE_IDX,01/07/2025,09:32:32,13267.07,0,0,0,0,0,0
200EQW.BSE_IDX,01/07/2025,09:32:40,13268.14,0,0,0,0,0,0
200EQW.BSE_IDX,01/07/2025,09:32:48,13269.46,0,0,0,0,0,0
200EQW.BSE_IDX,01/07/2025,09:32:56,13270.38,0,0,0,0,0,0
200EQW.BSE_IDX,01/07/2025,09:33:04,13271.83,0,0,0,0,0,0
200EQW.BSE_IDX,01/07/2025,09:33:12,13272.68,0,0,0,0,0,0
200EQW.BSE_IDX,01/07/2025,09:33:20,13272.92,0,0,0,0,0,0
200EQW.BSE_IDX,01/07/2025,09:33:28,13273.75,0,0,0,0,0,0
200EQW.BSE_IDX,01/07/2025,09:33:36,13273.16,0,0,0,0,0,0
200EQW.BSE_IDX,01/07/2025,09:33:44,13272.19,0,0,0,0,0,0
200EQW.BSE_IDX,01/07/2025,09:33:52,13272.27,0,0,0,0,0,0
200EQW.BSE_IDX,01/07/2025,09:34:00,13271.78,0,0,0,0,0,0
200EQW.BSE_IDX,01/07/2025,09:34:08,13271.84,0,0,0,0,0,0
200EQW.BSE_IDX,01/07/2025,09:34:16,13271.08,0,0,0,0,0,0
200EQW.BSE_IDX,01/07/2025,09:34:24,13271.77,0,0,0,0,0,0
200EQW.BSE_IDX,01/07/2025,09:34:32,13273.27,0,0,0,0,0,0
200EQW.BSE_IDX,01/07/2025,09:34:40,13273.97,0,0,0,0,0,0
200EQW.BSE_IDX,01/07/2025,09:34:48,13275.02,0,0,0,0,0,0
200EQW.BSE_IDX,01/07/2025,09:34:56,13274.96,0,0,0,0,0,0
200EQW.BSE_IDX,01/07/2025,09:35:05,13274.3,0,0,0,0,0,0
200EQW.BSE_IDX,01/07/2025,09:35:12,13273.63,0,0,0,0,0,0
200EQW.BSE_IDX,01/07/2025,09:35:20,13272.71,0,0,0,0,0,0
200EQW.BSE_IDX,01/07/2025,09:35:28,13272.28,0,0,0,0,0,0
200EQW.BSE_IDX,01/07/2025,09:35:36,13272.37,0,0,0,0,0,0
200EQW.BSE_IDX,01/07/2025,09:35:44,13272.65,0,0,0,0,0,0
200EQW.BSE_IDX,01/07/2025,09:35:52,13272.81,0,0,0,0,0,0
200EQW.BSE_IDX,01/07/2025,09:36:00,13273.05,0,0,0,0,0,0
200EQW.BSE_IDX,01/07/2025,09:36:08,13271.81,0,0,0,0,0,0
200EQW.BSE_IDX,01/07/2025,09:36:16,13272,0,0,0,0,0,0
200EQW.BSE_IDX,01/07/2025,09:36:24,13270.88,0,0,0,0,0,0
200EQW.BSE_IDX,01/07/2025,09:36:33,13270.12,0,0,0,0,0,0
200EQW.BSE_IDX,01/07/2025,09:36:40,13269.52,0,0,0,0,0,0
200EQW.BSE_IDX,01/07/2025,09:36:48,13270.12,0,0,0,0,0,0
200EQW.BSE_IDX,01/07/2025,09:36:56,13270.81,0,0,0,0,0,0
200EQW.BSE_IDX,01/07/2025,09:37:04,13271.21,0,0,0,0,0,0
200EQW.BSE_IDX,01/07/2025,09:37:12,13272.1,0,0,0,0,0,0
200EQW.BSE_IDX,01/07/2025,09:37:20,13271.84,0,0,0,0,0,0
200EQW.BSE_IDX,01/07/2025,09:37:28,13271.94,0,0,0,0,0,0
200EQW.BSE_IDX,01/07/2025,09:37:36,13271.47,0,0,0,0,0,0
200EQW.BSE_IDX,01/07/2025,09:37:44,13270.59,0,0,0,0,0,0
200EQW.BSE_IDX,01/07/2025,09:37:52,13270.48,0,0,0,0,0,0
200EQW.BSE_IDX,01/07/2025,09:38:00,13270.46,0,0,0,0,0,0
200EQW.BSE_IDX,01/07/2025,09:38:08,13269.36,0,0,0,0,0,0
200EQW.BSE_IDX,01/07/2025,09:38:16,13267.59,0,0,0,0,0,0
200EQW.BSE_IDX,01/07/2025,09:38:24,13267.56,0,0,0,0,0,0
200EQW.BSE_IDX,01/07/2025,09:38:32,13265.83,0,0,0,0,0,0
200EQW.BSE_IDX,01/07/2025,09:38:40,13262.86,0,0,0,0,0,0
200EQW.BSE_IDX,01/07/2025,09:38:48,13262.68,0,0,0,0,0,0
200EQW.BSE_IDX,01/07/2025,09:38:56,13261.89,0,0,0,0,0,0
200EQW.BSE_IDX,01/07/2025,09:39:04,13260.56,0,0,0,0,0,0
200EQW.BSE_IDX,01/07/2025,09:39:12,13260.59,0,0,0,0,0,0
200EQW.BSE_IDX,01/07/2025,09:39:20,13261.86,0,0,0,0,0,0
200EQW.BSE_IDX,01/07/2025,09:39:28,13261.94,0,0,0,0,0,0
200EQW.BSE_IDX,01/07/2025,09:39:36,13261.94,0,0,0,0,0,0
200EQW.BSE_IDX,01/07/2025,09:39:44,13262.43,0,0,0,0,0,0
200EQW.BSE_IDX,01/07/2025,09:39:52,13263.06,0,0,0,0,0,0
200EQW.BSE_IDX,01/07/2025,09:40:00,13263.17,0,0,0,0,0,0
200EQW.BSE_IDX,01/07/2025,09:40:08,13263.96,0,0,0,0,0,0
200EQW.BSE_IDX,01/07/2025,09:40:16,13264.13,0,0,0,0,0,0
200EQW.BSE_IDX,01/07/2025,09:40:24,13264.28,0,0,0,0,0,0
200EQW.BSE_IDX,01/07/2025,09:40:32,13263.49,0,0,0,0,0,0
200EQW.BSE_IDX,01/07/2025,09:40:40,13262.97,0,0,0,0,0,0
200EQW.BSE_IDX,01/07/2025,09:40:48,13262.55,0,0,0,0,0,0
200EQW.BSE_IDX,01/07/2025,09:40:56,13260.79,0,0,0,0,0,0
200EQW.BSE_IDX,01/07/2025,09:41:04,13259.06,0,0,0,0,0,0
200EQW.BSE_IDX,01/07/2025,09:41:12,13259.47,0,0,0,0,0,0
200EQW.BSE_IDX,01/07/2025,09:41:20,13260.2,0,0,0,0,0,0
200EQW.BSE_IDX,01/07/2025,09:41:28,13260.5,0,0,0,0,0,0
200EQW.BSE_IDX,01/07/2025,09:41:36,13261.34,0,0,0,0,0,0
200EQW.BSE_IDX,01/07/2025,09:41:44,13260.94,0,0,0,0,0,0
200EQW.BSE_IDX,01/07/2025,09:41:52,13260.8,0,0,0,0,0,0
200EQW.BSE_IDX,01/07/2025,09:42:00,13261.07,0,0,0,0,0,0
200EQW.BSE_IDX,01/07/2025,09:42:08,13261.53,0,0,0,0,0,0
200EQW.BSE_IDX,01/07/2025,09:42:16,13260.93,0,0,0,0,0,0
200EQW.BSE_IDX,01/07/2025,09:42:24,13259.8,0,0,0,0,0,0
200EQW.BSE_IDX,01/07/2025,09:42:32,13260.03,0,0,0,0,0,0
200EQW.BSE_IDX,01/07/2025,09:42:40,13259.75,0,0,0,0,0,0
200EQW.BSE_IDX,01/07/2025,09:42:48,13260.66,0,0,0,0,0,0
200EQW.BSE_IDX,01/07/2025,09:42:56,13261.17,0,0,0,0,0,0
200EQW.BSE_IDX,01/07/2025,09:43:04,13260.89,0,0,0,0,0,0
200EQW.BSE_IDX,01/07/2025,09:43:12,13260.66,0,0,0,0,0,0
200EQW.BSE_IDX,01/07/2025,09:43:20,13260.6,0,0,0,0,0,0
200EQW.BSE_IDX,01/07/2025,09:43:28,13260.64,0,0,0,0,0,0
200EQW.BSE_IDX,01/07/2025,09:43:36,13261.22,0,0,0,0,0,0
200EQW.BSE_IDX,01/07/2025,09:43:44,13261.23,0,0,0,0,0,0
200EQW.BSE_IDX,01/07/2025,09:43:53,13261.34,0,0,0,0,0,0
200EQW.BSE_IDX,01/07/2025,09:44:00,13261.68,0,0,0,0,0,0
200EQW.BSE_IDX,01/07/2025,09:44:08,13261.21,0,0,0,0,0,0
200EQW.BSE_IDX,01/07/2025,09:44:16,13260.5,0,0,0,0,0,0
200EQW.BSE_IDX,01/07/2025,09:44:24,13260.08,0,0,0,0,0,0
200EQW.BSE_IDX,01/07/2025,09:44:32,13260.81,0,0,0,0,0,0
200EQW.BSE_IDX,01/07/2025,09:44:40,13260.14,0,0,0,0,0,0
200EQW.BSE_IDX,01/07/2025,09:44:48,13259.5,0,0,0,0,0,0
200EQW.BSE_IDX,01/07/2025,09:44:56,13258.11,0,0,0,0,0,0
200EQW.BSE_IDX,01/07/2025,09:45:05,13257.04,0,0,0,0,0,0
200EQW.BSE_IDX,01/07/2025,09:45:12,13254.76,0,0,0,0,0,0
200EQW.BSE_IDX,01/07/2025,09:45:20,13253.47,0,0,0,0,0,0
200EQW.BSE_IDX,01/07/2025,09:45:28,13253.01,0,0,0,0,0,0
200EQW.BSE_IDX,01/07/2025,09:45:36,13252.44,0,0,0,0,0,0
200EQW.BSE_IDX,01/07/2025,09:45:44,13250.89,0,0,0,0,0,0
200EQW.BSE_IDX,01/07/2025,09:45:52,13250.59,0,0,0,0,0,0
200EQW.BSE_IDX,01/07/2025,09:46:01,13250.95,0,0,0,0,0,0
200EQW.BSE_IDX,01/07/2025,09:46:08,13250.14,0,0,0,0,0,0
200EQW.BSE_IDX,01/07/2025,09:46:16,13250.56,0,0,0,0,0,0
200EQW.BSE_IDX,01/07/2025,09:46:24,13251.21,0,0,0,0,0,0
200EQW.BSE_IDX,01/07/2025,09:46:32,13251.06,0,0,0,0,0,0
200EQW.BSE_IDX,01/07/2025,09:46:40,13251.27,0,0,0,0,0,0
200EQW.BSE_IDX,01/07/2025,09:46:48,13251.35,0,0,0,0,0,0
200EQW.BSE_IDX,01/07/2025,09:46:56,13251.3,0,0,0,0,0,0
200EQW.BSE_IDX,01/07/2025,09:47:04,13251.37,0,0,0,0,0,0
200EQW.BSE_IDX,01/07/2025,09:47:12,13251.74,0,0,0,0,0,0
200EQW.BSE_IDX,01/07/2025,09:47:20,13251.28,0,0,0,0,0,0
200EQW.BSE_IDX,01/07/2025,09:47:28,13250.96,0,0,0,0,0,0
200EQW.BSE_IDX,01/07/2025,09:47:36,13250.89,0,0,0,0,0,0
200EQW.BSE_IDX,01/07/2025,09:47:44,13251.09,0,0,0,0,0,0
200EQW.BSE_IDX,01/07/2025,09:47:52,13253.21,0,0,0,0,0,0
200EQW.BSE_IDX,01/07/2025,09:48:00,13254.41,0,0,0,0,0,0
200EQW.BSE_IDX,01/07/2025,09:48:08,13254.89,0,0,0,0,0,0
200EQW.BSE_IDX,01/07/2025,09:48:16,13257.05,0,0,0,0,0,0
200EQW.BSE_IDX,01/07/2025,09:48:24,13259.09,0,0,0,0,0,0
200EQW.BSE_IDX,01/07/2025,09:48:32,13259.3,0,0,0,0,0,0
200EQW.BSE_IDX,01/07/2025,09:48:40,13258.77,0,0,0,0,0,0
200EQW.BSE_IDX,01/07/2025,09:48:48,13258.25,0,0,0,0,0,0
200EQW.BSE_IDX,01/07/2025,09:48:56,13258.89,0,0,0,0,0,0
200EQW.BSE_IDX,01/07/2025,09:49:04,13259.79,0,0,0,0,0,0
200EQW.BSE_IDX,01/07/2025,09:49:12,13259.5,0,0,0,0,0,0
200EQW.BSE_IDX,01/07/2025,09:49:20,13259.96,0,0,0,0,0,0
200EQW.BSE_IDX,01/07/2025,09:49:28,13260.29,0,0,0,0,0,0
200EQW.BSE_IDX,01/07/2025,09:49:36,13260.66,0,0,0,0,0,0
200EQW.BSE_IDX,01/07/2025,09:49:44,13261.39,0,0,0,0,0,0
200EQW.BSE_IDX,01/07/2025,09:49:52,13261.58,0,0,0,0,0,0
200EQW.BSE_IDX,01/07/2025,09:50:00,13261.08,0,0,0,0,0,0
200EQW.BSE_IDX,01/07/2025,09:50:08,13261.65,0,0,0,0,0,0
200EQW.BSE_IDX,01/07/2025,09:50:16,13262.99,0,0,0,0,0,0
200EQW.BSE_IDX,01/07/2025,09:50:24,13262.58,0,0,0,0,0,0
200EQW.BSE_IDX,01/07/2025,09:50:32,13262,0,0,0,0,0,0
200EQW.BSE_IDX,01/07/2025,09:50:40,13261.01,0,0,0,0,0,0
200EQW.BSE_IDX,01/07/2025,09:50:48,13259.93,0,0,0,0,0,0
200EQW.BSE_IDX,01/07/2025,09:50:57,13258.65,0,0,0,0,0,0
200EQW.BSE_IDX,01/07/2025,09:51:04,13257.37,0,0,0,0,0,0
200EQW.BSE_IDX,01/07/2025,09:51:12,13257.45,0,0,0,0,0,0
200EQW.BSE_IDX,01/07/2025,09:51:20,13256.9,0,0,0,0,0,0
200EQW.BSE_IDX,01/07/2025,09:51:28,13256.23,0,0,0,0,0,0
200EQW.BSE_IDX,01/07/2025,09:51:37,13255,0,0,0,0,0,0
200EQW.BSE_IDX,01/07/2025,09:51:44,13255.86,0,0,0,0,0,0
200EQW.BSE_IDX,01/07/2025,09:51:52,13255.42,0,0,0,0,0,0
200EQW.BSE_IDX,01/07/2025,09:52:01,13255.1,0,0,0,0,0,0
200EQW.BSE_IDX,01/07/2025,09:52:08,13254.3,0,0,0,0,0,0
200EQW.BSE_IDX,01/07/2025,09:52:17,13253.24,0,0,0,0,0,0
200EQW.BSE_IDX,01/07/2025,09:52:24,13252.32,0,0,0,0,0,0
200EQW.BSE_IDX,01/07/2025,09:52:32,13252.31,0,0,0,0,0,0
200EQW.BSE_IDX,01/07/2025,09:52:40,13252.07,0,0,0,0,0,0
200EQW.BSE_IDX,01/07/2025,09:52:48,13251.99,0,0,0,0,0,0
200EQW.BSE_IDX,01/07/2025,09:52:57,13251.77,0,0,0,0,0,0
200EQW.BSE_IDX,01/07/2025,09:53:04,13252.06,0,0,0,0,0,0
200EQW.BSE_IDX,01/07/2025,09:53:13,13252.22,0,0,0,0,0,0
200EQW.BSE_IDX,01/07/2025,09:53:20,13252.92,0,0,0,0,0,0
200EQW.BSE_IDX,01/07/2025,09:53:28,13253.5,0,0,0,0,0,0
200EQW.BSE_IDX,01/07/2025,09:53:36,13253.54,0,0,0,0,0,0
200EQW.BSE_IDX,01/07/2025,09:53:44,13253.44,0,0,0,0,0,0
200EQW.BSE_IDX,01/07/2025,09:53:52,13253.55,0,0,0,0,0,0
200EQW.BSE_IDX,01/07/2025,09:54:00,13251.58,0,0,0,0,0,0
200EQW.BSE_IDX,01/07/2025,09:54:08,13249.97,0,0,0,0,0,0
200EQW.BSE_IDX,01/07/2025,09:54:16,13248.58,0,0,0,0,0,0
200EQW.BSE_IDX,01/07/2025,09:54:24,13247.83,0,0,0,0,0,0
200EQW.BSE_IDX,01/07/2025,09:54:32,13247.89,0,0,0,0,0,0
200EQW.BSE_IDX,01/07/2025,09:54:40,13246.86,0,0,0,0,0,0
200EQW.BSE_IDX,01/07/2025,09:54:48,13247.29,0,0,0,0,0,0
200EQW.BSE_IDX,01/07/2025,09:54:56,13246.72,0,0,0,0,0,0
200EQW.BSE_IDX,01/07/2025,09:55:04,13245.16,0,0,0,0,0,0
200EQW.BSE_IDX,01/07/2025,09:55:12,13245.15,0,0,0,0,0,0
200EQW.BSE_IDX,01/07/2025,09:55:20,13245.25,0,0,0,0,0,0
200EQW.BSE_IDX,01/07/2025,09:55:28,13245.4,0,0,0,0,0,0
200EQW.BSE_IDX,01/07/2025,09:55:36,13245.48,0,0,0,0,0,0
200EQW.BSE_IDX,01/07/2025,09:55:44,13243.51,0,0,0,0,0,0
200EQW.BSE_IDX,01/07/2025,09:55:52,13243.24,0,0,0,0,0,0
200EQW.BSE_IDX,01/07/2025,09:56:00,13243.12,0,0,0,0,0,0
200EQW.BSE_IDX,01/07/2025,09:56:08,13243.36,0,0,0,0,0,0
200EQW.BSE_IDX,01/07/2025,09:56:16,13243.29,0,0,0,0,0,0
200EQW.BSE_IDX,01/07/2025,09:56:25,13243.04,0,0,0,0,0,0
200EQW.BSE_IDX,01/07/2025,09:56:33,13242.77,0,0,0,0,0,0
200EQW.BSE_IDX,01/07/2025,09:56:41,13242.89,0,0,0,0,0,0
200EQW.BSE_IDX,01/07/2025,09:56:48,13242.9,0,0,0,0,0,0
200EQW.BSE_IDX,01/07/2025,09:56:57,13242.89,0,0,0,0,0,0
200EQW.BSE_IDX,01/07/2025,09:57:04,13242.64,0,0,0,0,0,0
200EQW.BSE_IDX,01/07/2025,09:57:12,13244.35,0,0,0,0,0,0
200EQW.BSE_IDX,01/07/2025,09:57:20,13245.4,0,0,0,0,0,0
200EQW.BSE_IDX,01/07/2025,09:57:28,13245.76,0,0,0,0,0,0
200EQW.BSE_IDX,01/07/2025,09:57:36,13245.89,0,0,0,0,0,0
200EQW.BSE_IDX,01/07/2025,09:57:44,13246.74,0,0,0,0,0,0
200EQW.BSE_IDX,01/07/2025,09:57:52,13247.09,0,0,0,0,0,0
200EQW.BSE_IDX,01/07/2025,09:58:00,13247.06,0,0,0,0,0,0
200EQW.BSE_IDX,01/07/2025,09:58:08,13247.68,0,0,0,0,0,0
200EQW.BSE_IDX,01/07/2025,09:58:16,13247.75,0,0,0,0,0,0
200EQW.BSE_IDX,01/07/2025,09:58:24,13247.84,0,0,0,0,0,0
200EQW.BSE_IDX,01/07/2025,09:58:32,13248.46,0,0,0,0,0,0
200EQW.BSE_IDX,01/07/2025,09:58:40,13249.45,0,0,0,0,0,0
200EQW.BSE_IDX,01/07/2025,09:58:48,13249.93,0,0,0,0,0,0
200EQW.BSE_IDX,01/07/2025,09:58:56,13250.71,0,0,0,0,0,0
200EQW.BSE_IDX,01/07/2025,09:59:05,13251.3,0,0,0,0,0,0
200EQW.BSE_IDX,01/07/2025,09:59:12,13251.08,0,0,0,0,0,0
200EQW.BSE_IDX,01/07/2025,09:59:20,13251.54,0,0,0,0,0,0
200EQW.BSE_IDX,01/07/2025,09:59:28,13252.06,0,0,0,0,0,0
200EQW.BSE_IDX,01/07/2025,09:59:36,13252.27,0,0,0,0,0,0
200EQW.BSE_IDX,01/07/2025,09:59:45,13252.73,0,0,0,0,0,0
200EQW.BSE_IDX,01/07/2025,09:59:52,13252.96,0,0,0,0,0,0
200EQW.BSE_IDX,01/07/2025,10:00:01,13253.3,0,0,0,0,0,0
200EQW.BSE_IDX,01/07/2025,10:00:08,13254.63,0,0,0,0,0,0
200EQW.BSE_IDX,01/07/2025,10:00:16,13255.01,0,0,0,0,0,0
200EQW.BSE_IDX,01/07/2025,10:00:25,13254.57,0,0,0,0,0,0
200EQW.BSE_IDX,01/07/2025,10:00:32,13254.33,0,0,0,0,0,0
200EQW.BSE_IDX,01/07/2025,10:00:40,13254.04,0,0,0,0,0,0
200EQW.BSE_IDX,01/07/2025,10:00:49,13253.19,0,0,0,0,0,0
200EQW.BSE_IDX,01/07/2025,10:00:57,13253.47,0,0,0,0,0,0
200EQW.BSE_IDX,01/07/2025,10:01:04,13252.26,0,0,0,0,0,0
200EQW.BSE_IDX,01/07/2025,10:01:12,13250.9,0,0,0,0,0,0
200EQW.BSE_IDX,01/07/2025,10:01:21,13251.19,0,0,0,0,0,0
200EQW.BSE_IDX,01/07/2025,10:01:29,13250.32,0,0,0,0,0,0
200EQW.BSE_IDX,01/07/2025,10:01:37,13250.56,0,0,0,0,0,0
200EQW.BSE_IDX,01/07/2025,10:01:44,13250.26,0,0,0,0,0,0
200EQW.BSE_IDX,01/07/2025,10:01:52,13249.51,0,0,0,0,0,0
200EQW.BSE_IDX,01/07/2025,10:02:00,13249.06,0,0,0,0,0,0
200EQW.BSE_IDX,01/07/2025,10:02:09,13248.82,0,0,0,0,0,0
200EQW.BSE_IDX,01/07/2025,10:02:17,13248.73,0,0,0,0,0,0
200EQW.BSE_IDX,01/07/2025,10:02:24,13247.85,0,0,0,0,0,0
200EQW.BSE_IDX,01/07/2025,10:02:32,13246.28,0,0,0,0,0,0
200EQW.BSE_IDX,01/07/2025,10:02:41,13246,0,0,0,0,0,0
200EQW.BSE_IDX,01/07/2025,10:02:49,13246.45,0,0,0,0,0,0
200EQW.BSE_IDX,01/07/2025,10:02:57,13245.58,0,0,0,0,0,0
200EQW.BSE_IDX,01/07/2025,10:03:04,13243.71,0,0,0,0,0,0
200EQW.BSE_IDX,01/07/2025,10:03:13,13241.95,0,0,0,0,0,0
200EQW.BSE_IDX,01/07/2025,10:03:20,13239.51,0,0,0,0,0,0
200EQW.BSE_IDX,01/07/2025,10:03:29,13238.5,0,0,0,0,0,0
200EQW.BSE_IDX,01/07/2025,10:03:37,13237.81,0,0,0,0,0,0
200EQW.BSE_IDX,01/07/2025,10:03:45,13238.05,0,0,0,0,0,0
200EQW.BSE_IDX,01/07/2025,10:03:53,13237.1,0,0,0,0,0,0
200EQW.BSE_IDX,01/07/2025,10:04:01,13237.05,0,0,0,0,0,0
200EQW.BSE_IDX,01/07/2025,10:04:09,13236.88,0,0,0,0,0,0
200EQW.BSE_IDX,01/07/2025,10:04:17,13236.87,0,0,0,0,0,0
200EQW.BSE_IDX,01/07/2025,10:04:25,13236.69,0,0,0,0,0,0
200EQW.BSE_IDX,01/07/2025,10:04:33,13237.07,0,0,0,0,0,0
200EQW.BSE_IDX,01/07/2025,10:04:41,13237.25,0,0,0,0,0,0
200EQW.BSE_IDX,01/07/2025,10:04:50,13238.07,0,0,0,0,0,0
200EQW.BSE_IDX,01/07/2025,10:04:57,13238.91,0,0,0,0,0,0
200EQW.BSE_IDX,01/07/2025,10:05:05,13237.87,0,0,0,0,0,0
200EQW.BSE_IDX,01/07/2025,10:05:14,13236.68,0,0,0,0,0,0
200EQW.BSE_IDX,01/07/2025,10:05:21,13236.32,0,0,0,0,0,0
200EQW.BSE_IDX,01/07/2025,10:05:29,13235.77,0,0,0,0,0,0
200EQW.BSE_IDX,01/07/2025,10:05:37,13235.42,0,0,0,0,0,0
200EQW.BSE_IDX,01/07/2025,10:05:45,13236.89,0,0,0,0,0,0
200EQW.BSE_IDX,01/07/2025,10:05:53,13237.51,0,0,0,0,0,0
200EQW.BSE_IDX,01/07/2025,10:06:01,13237.63,0,0,0,0,0,0
200EQW.BSE_IDX,01/07/2025,10:06:09,13238.83,0,0,0,0,0,0
200EQW.BSE_IDX,01/07/2025,10:06:17,13238.97,0,0,0,0,0,0
200EQW.BSE_IDX,01/07/2025,10:06:25,13239.94,0,0,0,0,0,0
200EQW.BSE_IDX,01/07/2025,10:06:33,13240.29,0,0,0,0,0,0
200EQW.BSE_IDX,01/07/2025,10:06:41,13240.59,0,0,0,0,0,0
200EQW.BSE_IDX,01/07/2025,10:06:49,13240.76,0,0,0,0,0,0
200EQW.BSE_IDX,01/07/2025,10:06:57,13241.49,0,0,0,0,0,0
200EQW.BSE_IDX,01/07/2025,10:07:05,13242.75,0,0,0,0,0,0
200EQW.BSE_IDX,01/07/2025,10:07:13,13243.21,0,0,0,0,0,0
200EQW.BSE_IDX,01/07/2025,10:07:21,13243.35,0,0,0,0,0,0
200EQW.BSE_IDX,01/07/2025,10:07:29,13244.3,0,0,0,0,0,0
200EQW.BSE_IDX,01/07/2025,10:07:37,13244.95,0,0,0,0,0,0
200EQW.BSE_IDX,01/07/2025,10:07:45,13245.84,0,0,0,0,0,0
200EQW.BSE_IDX,01/07/2025,10:07:53,13245.54,0,0,0,0,0,0
200EQW.BSE_IDX,01/07/2025,10:08:01,13245.61,0,0,0,0,0,0
200EQW.BSE_IDX,01/07/2025,10:08:09,13246.32,0,0,0,0,0,0
200EQW.BSE_IDX,01/07/2025,10:08:17,13246.6,0,0,0,0,0,0
200EQW.BSE_IDX,01/07/2025,10:08:25,13247.16,0,0,0,0,0,0
200EQW.BSE_IDX,01/07/2025,10:08:33,13246.08,0,0,0,0,0,0
200EQW.BSE_IDX,01/07/2025,10:08:41,13245.76,0,0,0,0,0,0
200EQW.BSE_IDX,01/07/2025,10:08:49,13245.3,0,0,0,0,0,0
200EQW.BSE_IDX,01/07/2025,10:08:57,13243.92,0,0,0,0,0,0
200EQW.BSE_IDX,01/07/2025,10:09:05,13241.86,0,0,0,0,0,0
200EQW.BSE_IDX,01/07/2025,10:09:13,13241.45,0,0,0,0,0,0
200EQW.BSE_IDX,01/07/2025,10:09:21,13240.93,0,0,0,0,0,0
200EQW.BSE_IDX,01/07/2025,10:09:29,13240.99,0,0,0,0,0,0
200EQW.BSE_IDX,01/07/2025,10:09:37,13241.07,0,0,0,0,0,0
200EQW.BSE_IDX,01/07/2025,10:09:45,13241.02,0,0,0,0,0,0
200EQW.BSE_IDX,01/07/2025,10:09:53,13241.21,0,0,0,0,0,0
200EQW.BSE_IDX,01/07/2025,10:10:01,13241.74,0,0,0,0,0,0
200EQW.BSE_IDX,01/07/2025,10:10:09,13241.42,0,0,0,0,0,0
200EQW.BSE_IDX,01/07/2025,10:10:17,13241.86,0,0,0,0,0,0
200EQW.BSE_IDX,01/07/2025,10:10:25,13242.44,0,0,0,0,0,0
200EQW.BSE_IDX,01/07/2025,10:10:33,13242.34,0,0,0,0,0,0
200EQW.BSE_IDX,01/07/2025,10:10:41,13242.13,0,0,0,0,0,0
200EQW.BSE_IDX,01/07/2025,10:10:49,13242.18,0,0,0,0,0,0
200EQW.BSE_IDX,01/07/2025,10:10:57,13242.2,0,0,0,0,0,0
200EQW.BSE_IDX,01/07/2025,10:11:05,13241.59,0,0,0,0,0,0
200EQW.BSE_IDX,01/07/2025,10:11:13,13241.56,0,0,0,0,0,0
200EQW.BSE_IDX,01/07/2025,10:11:22,13240.5,0,0,0,0,0,0
200EQW.BSE_IDX,01/07/2025,10:11:29,13239.75,0,0,0,0,0,0
200EQW.BSE_IDX,01/07/2025,10:11:37,13238.89,0,0,0,0,0,0
200EQW.BSE_IDX,01/07/2025,10:11:45,13238.69,0,0,0,0,0,0
200EQW.BSE_IDX,01/07/2025,10:11:53,13238.31,0,0,0,0,0,0
200EQW.BSE_IDX,01/07/2025,10:12:01,13237.99,0,0,0,0,0,0
200EQW.BSE_IDX,01/07/2025,10:12:09,13237.4,0,0,0,0,0,0
200EQW.BSE_IDX,01/07/2025,10:12:17,13236.22,0,0,0,0,0,0
200EQW.BSE_IDX,01/07/2025,10:12:25,13234.59,0,0,0,0,0,0
200EQW.BSE_IDX,01/07/2025,10:12:33,13233.6,0,0,0,0,0,0
200EQW.BSE_IDX,01/07/2025,10:12:41,13232.53,0,0,0,0,0,0
200EQW.BSE_IDX,01/07/2025,10:12:49,13232.25,0,0,0,0,0,0
200EQW.BSE_IDX,01/07/2025,10:12:57,13230.87,0,0,0,0,0,0
200EQW.BSE_IDX,01/07/2025,10:13:05,13230.82,0,0,0,0,0,0
200EQW.BSE_IDX,01/07/2025,10:13:13,13231.1,0,0,0,0,0,0
200EQW.BSE_IDX,01/07/2025,10:13:21,13231.86,0,0,0,0,0,0
200EQW.BSE_IDX,01/07/2025,10:13:29,13230.63,0,0,0,0,0,0
200EQW.BSE_IDX,01/07/2025,10:13:37,13229.74,0,0,0,0,0,0
200EQW.BSE_IDX,01/07/2025,10:13:45,13229.92,0,0,0,0,0,0
200EQW.BSE_IDX,01/07/2025,10:13:53,13229.15,0,0,0,0,0,0
200EQW.BSE_IDX,01/07/2025,10:14:01,13226.77,0,0,0,0,0,0
200EQW.BSE_IDX,01/07/2025,10:14:09,13226.09,0,0,0,0,0,0
200EQW.BSE_IDX,01/07/2025,10:14:17,13225.57,0,0,0,0,0,0
200EQW.BSE_IDX,01/07/2025,10:14:25,13224.54,0,0,0,0,0,0
200EQW.BSE_IDX,01/07/2025,10:14:33,13223.78,0,0,0,0,0,0
200EQW.BSE_IDX,01/07/2025,10:14:41,13222.64,0,0,0,0,0,0
200EQW.BSE_IDX,01/07/2025,10:14:49,13222.35,0,0,0,0,0,0
200EQW.BSE_IDX,01/07/2025,10:14:57,13222.17,0,0,0,0,0,0
200EQW.BSE_IDX,01/07/2025,10:15:05,13220.79,0,0,0,0,0,0
200EQW.BSE_IDX,01/07/2025,10:15:13,13218.97,0,0,0,0,0,0
200EQW.BSE_IDX,01/07/2025,10:15:21,13218.62,0,0,0,0,0,0
200EQW.BSE_IDX,01/07/2025,10:15:29,13217.99,0,0,0,0,0,0
200EQW.BSE_IDX,01/07/2025,10:15:37,13218.89,0,0,0,0,0,0
200EQW.BSE_IDX,01/07/2025,10:15:45,13218.38,0,0,0,0,0,0
200EQW.BSE_IDX,01/07/2025,10:15:53,13218.07,0,0,0,0,0,0
200EQW.BSE_IDX,01/07/2025,10:16:01,13218.25,0,0,0,0,0,0
200EQW.BSE_IDX,01/07/2025,10:16:09,13219.34,0,0,0,0,0,0
200EQW.BSE_IDX,01/07/2025,10:16:17,13219.52,0,0,0,0,0,0
200EQW.BSE_IDX,01/07/2025,10:16:25,13219.85,0,0,0,0,0,0
200EQW.BSE_IDX,01/07/2025,10:16:33,13219.94,0,0,0,0,0,0
200EQW.BSE_IDX,01/07/2025,10:16:41,13219.9,0,0,0,0,0,0
200EQW.BSE_IDX,01/07/2025,10:16:49,13219.81,0,0,0,0,0,0
200EQW.BSE_IDX,01/07/2025,10:16:57,13219.96,0,0,0,0,0,0
200EQW.BSE_IDX,01/07/2025,10:17:05,13220.43,0,0,0,0,0,0
200EQW.BSE_IDX,01/07/2025,10:17:13,13220.16,0,0,0,0,0,0
200EQW.BSE_IDX,01/07/2025,10:17:21,13220.84,0,0,0,0,0,0
200EQW.BSE_IDX,01/07/2025,10:17:29,13221.94,0,0,0,0,0,0
200EQW.BSE_IDX,01/07/2025,10:17:37,13223.53,0,0,0,0,0,0
200EQW.BSE_IDX,01/07/2025,10:17:45,13225.31,0,0,0,0,0,0
200EQW.BSE_IDX,01/07/2025,10:17:53,13226.96,0,0,0,0,0,0
200EQW.BSE_IDX,01/07/2025,10:18:01,13227.4,0,0,0,0,0,0
200EQW.BSE_IDX,01/07/2025,10:18:09,13228.65,0,0,0,0,0,0
200EQW.BSE_IDX,01/07/2025,10:18:17,13229.5,0,0,0,0,0,0
200EQW.BSE_IDX,01/07/2025,10:18:25,13229.66,0,0,0,0,0,0
200EQW.BSE_IDX,01/07/2025,10:18:33,13229.79,0,0,0,0,0,0
200EQW.BSE_IDX,01/07/2025,10:18:41,13229.25,0,0,0,0,0,0
200EQW.BSE_IDX,01/07/2025,10:18:49,13229.38,0,0,0,0,0,0
200EQW.BSE_IDX,01/07/2025,10:18:57,13229.13,0,0,0,0,0,0
200EQW.BSE_IDX,01/07/2025,10:19:05,13227.75,0,0,0,0,0,0
200EQW.BSE_IDX,01/07/2025,10:19:13,13228.19,0,0,0,0,0,0
200EQW.BSE_IDX,01/07/2025,10:19:21,13228.33,0,0,0,0,0,0
200EQW.BSE_IDX,01/07/2025,10:19:29,13228.72,0,0,0,0,0,0
200EQW.BSE_IDX,01/07/2025,10:19:37,13228.11,0,0,0,0,0,0
200EQW.BSE_IDX,01/07/2025,10:19:45,13227.6,0,0,0,0,0,0
200EQW.BSE_IDX,01/07/2025,10:19:53,13226.39,0,0,0,0,0,0
200EQW.BSE_IDX,01/07/2025,10:20:01,13226.51,0,0,0,0,0,0
200EQW.BSE_IDX,01/07/2025,10:20:09,13226.34,0,0,0,0,0,0
200EQW.BSE_IDX,01/07/2025,10:20:17,13226.55,0,0,0,0,0,0
200EQW.BSE_IDX,01/07/2025,10:20:25,13226.69,0,0,0,0,0,0
200EQW.BSE_IDX,01/07/2025,10:20:33,13226.4,0,0,0,0,0,0
200EQW.BSE_IDX,01/07/2025,10:20:41,13226.5,0,0,0,0,0,0
200EQW.BSE_IDX,01/07/2025,10:20:49,13226.21,0,0,0,0,0,0
200EQW.BSE_IDX,01/07/2025,10:20:57,13225.46,0,0,0,0,0,0
200EQW.BSE_IDX,01/07/2025,10:21:05,13225.05,0,0,0,0,0,0
200EQW.BSE_IDX,01/07/2025,10:21:13,13223.94,0,0,0,0,0,0
200EQW.BSE_IDX,01/07/2025,10:21:21,13223.23,0,0,0,0,0,0
200EQW.BSE_IDX,01/07/2025,10:21:29,13222.74,0,0,0,0,0,0
200EQW.BSE_IDX,01/07/2025,10:21:37,13222.33,0,0,0,0,0,0
200EQW.BSE_IDX,01/07/2025,10:21:45,13221.31,0,0,0,0,0,0
200EQW.BSE_IDX,01/07/2025,10:21:53,13221.26,0,0,0,0,0,0
200EQW.BSE_IDX,01/07/2025,10:22:01,13221.57,0,0,0,0,0,0
200EQW.BSE_IDX,01/07/2025,10:22:09,13221.14,0,0,0,0,0,0
200EQW.BSE_IDX,01/07/2025,10:22:17,13220.5,0,0,0,0,0,0
200EQW.BSE_IDX,01/07/2025,10:22:25,13220.65,0,0,0,0,0,0
200EQW.BSE_IDX,01/07/2025,10:22:33,13220.47,0,0,0,0,0,0
200EQW.BSE_IDX,01/07/2025,10:22:41,13220.86,0,0,0,0,0,0
200EQW.BSE_IDX,01/07/2025,10:22:49,13220.9,0,0,0,0,0,0
200EQW.BSE_IDX,01/07/2025,10:22:57,13221.27,0,0,0,0,0,0
200EQW.BSE_IDX,01/07/2025,10:23:05,13220.61,0,0,0,0,0,0
200EQW.BSE_IDX,01/07/2025,10:23:13,13220.99,0,0,0,0,0,0
200EQW.BSE_IDX,01/07/2025,10:23:21,13221.26,0,0,0,0,0,0
200EQW.BSE_IDX,01/07/2025,10:23:29,13221.52,0,0,0,0,0,0
200EQW.BSE_IDX,01/07/2025,10:23:37,13221.95,0,0,0,0,0,0
200EQW.BSE_IDX,01/07/2025,10:23:45,13222.14,0,0,0,0,0,0
200EQW.BSE_IDX,01/07/2025,10:23:53,13222.44,0,0,0,0,0,0
200EQW.BSE_IDX,01/07/2025,10:24:01,13222.69,0,0,0,0,0,0
200EQW.BSE_IDX,01/07/2025,10:24:09,13222.31,0,0,0,0,0,0
200EQW.BSE_IDX,01/07/2025,10:24:17,13221.09,0,0,0,0,0,0
200EQW.BSE_IDX,01/07/2025,10:24:25,13220.53,0,0,0,0,0,0
200EQW.BSE_IDX,01/07/2025,10:24:33,13219.46,0,0,0,0,0,0
200EQW.BSE_IDX,01/07/2025,10:24:41,13218.66,0,0,0,0,0,0
200EQW.BSE_IDX,01/07/2025,10:24:49,13218.5,0,0,0,0,0,0
200EQW.BSE_IDX,01/07/2025,10:24:57,13218.47,0,0,0,0,0,0
200EQW.BSE_IDX,01/07/2025,10:25:05,13218.32,0,0,0,0,0,0
200EQW.BSE_IDX,01/07/2025,10:25:13,13218.87,0,0,0,0,0,0
200EQW.BSE_IDX,01/07/2025,10:25:21,13218.58,0,0,0,0,0,0
200EQW.BSE_IDX,01/07/2025,10:25:29,13218.14,0,0,0,0,0,0
200EQW.BSE_IDX,01/07/2025,10:25:37,13217.85,0,0,0,0,0,0
200EQW.BSE_IDX,01/07/2025,10:25:45,13217.27,0,0,0,0,0,0
200EQW.BSE_IDX,01/07/2025,10:25:53,13217.26,0,0,0,0,0,0
200EQW.BSE_IDX,01/07/2025,10:26:01,13217.37,0,0,0,0,0,0
200EQW.BSE_IDX,01/07/2025,10:26:09,13217.64,0,0,0,0,0,0
200EQW.BSE_IDX,01/07/2025,10:26:17,13217.52,0,0,0,0,0,0
200EQW.BSE_IDX,01/07/2025,10:26:25,13217.56,0,0,0,0,0,0
200EQW.BSE_IDX,01/07/2025,10:26:33,13218.15,0,0,0,0,0,0
200EQW.BSE_IDX,01/07/2025,10:26:41,13218.23,0,0,0,0,0,0
200EQW.BSE_IDX,01/07/2025,10:26:49,13217.79,0,0,0,0,0,0
200EQW.BSE_IDX,01/07/2025,10:26:57,13218.29,0,0,0,0,0,0
200EQW.BSE_IDX,01/07/2025,10:27:05,13218.8,0,0,0,0,0,0
200EQW.BSE_IDX,01/07/2025,10:27:13,13219.22,0,0,0,0,0,0
200EQW.BSE_IDX,01/07/2025,10:27:21,13219.88,0,0,0,0,0,0
200EQW.BSE_IDX,01/07/2025,10:27:29,13220.93,0,0,0,0,0,0
200EQW.BSE_IDX,01/07/2025,10:27:37,13221.56,0,0,0,0,0,0
200EQW.BSE_IDX,01/07/2025,10:27:45,13221.1,0,0,0,0,0,0
200EQW.BSE_IDX,01/07/2025,10:27:53,13221.39,0,0,0,0,0,0
200EQW.BSE_IDX,01/07/2025,10:28:01,13222.51,0,0,0,0,0,0
200EQW.BSE_IDX,01/07/2025,10:28:09,13223.47,0,0,0,0,0,0
200EQW.BSE_IDX,01/07/2025,10:28:17,13223.17,0,0,0,0,0,0
200EQW.BSE_IDX,01/07/2025,10:28:25,13222.82,0,0,0,0,0,0
200EQW.BSE_IDX,01/07/2025,10:28:33,13223.12,0,0,0,0,0,0
200EQW.BSE_IDX,01/07/2025,10:28:41,13222.75,0,0,0,0,0,0
200EQW.BSE_IDX,01/07/2025,10:28:49,13223.72,0,0,0,0,0,0
200EQW.BSE_IDX,01/07/2025,10:28:57,13223.41,0,0,0,0,0,0
200EQW.BSE_IDX,01/07/2025,10:29:05,13223.28,0,0,0,0,0,0
200EQW.BSE_IDX,01/07/2025,10:29:13,13223.82,0,0,0,0,0,0
200EQW.BSE_IDX,01/07/2025,10:29:21,13223.64,0,0,0,0,0,0
200EQW.BSE_IDX,01/07/2025,10:29:29,13223.78,0,0,0,0,0,0
200EQW.BSE_IDX,01/07/2025,10:29:37,13223.35,0,0,0,0,0,0
200EQW.BSE_IDX,01/07/2025,10:29:46,13222.73,0,0,0,0,0,0
200EQW.BSE_IDX,01/07/2025,10:29:54,13223.03,0,0,0,0,0,0
200EQW.BSE_IDX,01/07/2025,10:30:01,13223.39,0,0,0,0,0,0
200EQW.BSE_IDX,01/07/2025,10:30:09,13223.66,0,0,0,0,0,0
200EQW.BSE_IDX,01/07/2025,10:30:17,13224.53,0,0,0,0,0,0
200EQW.BSE_IDX,01/07/2025,10:30:25,13225.97,0,0,0,0,0,0
200EQW.BSE_IDX,01/07/2025,10:30:33,13225.96,0,0,0,0,0,0
200EQW.BSE_IDX,01/07/2025,10:30:41,13226.77,0,0,0,0,0,0
200EQW.BSE_IDX,01/07/2025,10:30:49,13226.15,0,0,0,0,0,0
200EQW.BSE_IDX,01/07/2025,10:30:57,13225.99,0,0,0,0,0,0
200EQW.BSE_IDX,01/07/2025,10:31:05,13225.81,0,0,0,0,0,0
200EQW.BSE_IDX,01/07/2025,10:31:13,13225.91,0,0,0,0,0,0
200EQW.BSE_IDX,01/07/2025,10:31:22,13226.08,0,0,0,0,0,0
200EQW.BSE_IDX,01/07/2025,10:31:29,13225.53,0,0,0,0,0,0
200EQW.BSE_IDX,01/07/2025,10:31:37,13225.5,0,0,0,0,0,0
200EQW.BSE_IDX,01/07/2025,10:31:46,13224.87,0,0,0,0,0,0
200EQW.BSE_IDX,01/07/2025,10:31:53,13224.77,0,0,0,0,0,0
200EQW.BSE_IDX,01/07/2025,10:32:01,13224.68,0,0,0,0,0,0
200EQW.BSE_IDX,01/07/2025,10:32:10,13224.6,0,0,0,0,0,0
200EQW.BSE_IDX,01/07/2025,10:32:17,13224.63,0,0,0,0,0,0
200EQW.BSE_IDX,01/07/2025,10:32:25,13225.54,0,0,0,0,0,0
200EQW.BSE_IDX,01/07/2025,10:32:33,13225.72,0,0,0,0,0,0
200EQW.BSE_IDX,01/07/2025,10:32:41,13226.15,0,0,0,0,0,0
200EQW.BSE_IDX,01/07/2025,10:32:49,13226.48,0,0,0,0,0,0
200EQW.BSE_IDX,01/07/2025,10:32:57,13226.86,0,0,0,0,0,0
200EQW.BSE_IDX,01/07/2025,10:33:06,13226.88,0,0,0,0,0,0
200EQW.BSE_IDX,01/07/2025,10:33:13,13227.42,0,0,0,0,0,0
200EQW.BSE_IDX,01/07/2025,10:33:22,13227.75,0,0,0,0,0,0
200EQW.BSE_IDX,01/07/2025,10:33:29,13227.59,0,0,0,0,0,0
200EQW.BSE_IDX,01/07/2025,10:33:37,13228.06,0,0,0,0,0,0
200EQW.BSE_IDX,01/07/2025,10:33:45,13228.61,0,0,0,0,0,0
200EQW.BSE_IDX,01/07/2025,10:33:53,13228.3,0,0,0,0,0,0
200EQW.BSE_IDX,01/07/2025,10:34:01,13228.78,0,0,0,0,0,0
200EQW.BSE_IDX,01/07/2025,10:34:09,13228.71,0,0,0,0,0,0
200EQW.BSE_IDX,01/07/2025,10:34:17,13228.75,0,0,0,0,0,0
200EQW.BSE_IDX,01/07/2025,10:34:25,13228.89,0,0,0,0,0,0
200EQW.BSE_IDX,01/07/2025,10:34:33,13229.06,0,0,0,0,0,0
200EQW.BSE_IDX,01/07/2025,10:34:41,13229.08,0,0,0,0,0,0
200EQW.BSE_IDX,01/07/2025,10:34:49,13229.19,0,0,0,0,0,0
200EQW.BSE_IDX,01/07/2025,10:34:58,13228.98,0,0,0,0,0,0
200EQW.BSE_IDX,01/07/2025,10:35:06,13228.43,0,0,0,0,0,0
200EQW.BSE_IDX,01/07/2025,10:35:14,13228.65,0,0,0,0,0,0
200EQW.BSE_IDX,01/07/2025,10:35:21,13228.88,0,0,0,0,0,0
200EQW.BSE_IDX,01/07/2025,10:35:29,13228.3,0,0,0,0,0,0
200EQW.BSE_IDX,01/07/2025,10:35:37,13227.72,0,0,0,0,0,0
200EQW.BSE_IDX,01/07/2025,10:35:45,13226.73,0,0,0,0,0,0
200EQW.BSE_IDX,01/07/2025,10:35:54,13226.86,0,0,0,0,0,0
200EQW.BSE_IDX,01/07/2025,10:36:02,13226.64,0,0,0,0,0,0
200EQW.BSE_IDX,01/07/2025,10:36:10,13226.16,0,0,0,0,0,0
200EQW.BSE_IDX,01/07/2025,10:36:18,13226.34,0,0,0,0,0,0
200EQW.BSE_IDX,01/07/2025,10:36:25,13225.86,0,0,0,0,0,0
200EQW.BSE_IDX,01/07/2025,10:36:34,13226.17,0,0,0,0,0,0
200EQW.BSE_IDX,01/07/2025,10:36:42,13226.59,0,0,0,0,0,0
200EQW.BSE_IDX,01/07/2025,10:36:49,13225.44,0,0,0,0,0,0
200EQW.BSE_IDX,01/07/2025,10:36:58,13224.43,0,0,0,0,0,0
200EQW.BSE_IDX,01/07/2025,10:37:06,13224.3,0,0,0,0,0,0
200EQW.BSE_IDX,01/07/2025,10:37:14,13224.55,0,0,0,0,0,0
200EQW.BSE_IDX,01/07/2025,10:37:22,13224.11,0,0,0,0,0,0
200EQW.BSE_IDX,01/07/2025,10:37:30,13224.15,0,0,0,0,0,0
200EQW.BSE_IDX,01/07/2025,10:37:38,13223.39,0,0,0,0,0,0
200EQW.BSE_IDX,01/07/2025,10:37:46,13222.6,0,0,0,0,0,0
200EQW.BSE_IDX,01/07/2025,10:37:54,13222.18,0,0,0,0,0,0
200EQW.BSE_IDX,01/07/2025,10:38:02,13222.09,0,0,0,0,0,0
200EQW.BSE_IDX,01/07/2025,10:38:10,13222.26,0,0,0,0,0,0
200EQW.BSE_IDX,01/07/2025,10:38:18,13222.34,0,0,0,0,0,0
200EQW.BSE_IDX,01/07/2025,10:38:26,13222.89,0,0,0,0,0,0
200EQW.BSE_IDX,01/07/2025,10:38:34,13222.69,0,0,0,0,0,0
200EQW.BSE_IDX,01/07/2025,10:38:42,13222.8,0,0,0,0,0,0
200EQW.BSE_IDX,01/07/2025,10:38:50,13223.34,0,0,0,0,0,0
200EQW.BSE_IDX,01/07/2025,10:38:58,13223.93,0,0,0,0,0,0
200EQW.BSE_IDX,01/07/2025,10:39:06,13224.83,0,0,0,0,0,0
200EQW.BSE_IDX,01/07/2025,10:39:14,13225.11,0,0,0,0,0,0
200EQW.BSE_IDX,01/07/2025,10:39:22,13226.07,0,0,0,0,0,0
200EQW.BSE_IDX,01/07/2025,10:39:30,13226.22,0,0,0,0,0,0
200EQW.BSE_IDX,01/07/2025,10:39:38,13226.56,0,0,0,0,0,0
200EQW.BSE_IDX,01/07/2025,10:39:46,13227.17,0,0,0,0,0,0
200EQW.BSE_IDX,01/07/2025,10:39:54,13227.32,0,0,0,0,0,0
200EQW.BSE_IDX,01/07/2025,10:40:02,13227.52,0,0,0,0,0,0
200EQW.BSE_IDX,01/07/2025,10:40:10,13226.1,0,0,0,0,0,0
200EQW.BSE_IDX,01/07/2025,10:40:18,13226.23,0,0,0,0,0,0
200EQW.BSE_IDX,01/07/2025,10:40:26,13225.51,0,0,0,0,0,0
200EQW.BSE_IDX,01/07/2025,10:40:34,13225.08,0,0,0,0,0,0
200EQW.BSE_IDX,01/07/2025,10:40:42,13224.59,0,0,0,0,0,0
200EQW.BSE_IDX,01/07/2025,10:40:50,13224.1,0,0,0,0,0,0
200EQW.BSE_IDX,01/07/2025,10:40:58,13223.66,0,0,0,0,0,0
200EQW.BSE_IDX,01/07/2025,10:41:06,13223.21,0,0,0,0,0,0
200EQW.BSE_IDX,01/07/2025,10:41:14,13222.7,0,0,0,0,0,0
200EQW.BSE_IDX,01/07/2025,10:41:22,13223.38,0,0,0,0,0,0
200EQW.BSE_IDX,01/07/2025,10:41:30,13223.53,0,0,0,0,0,0
200EQW.BSE_IDX,01/07/2025,10:41:38,13224.39,0,0,0,0,0,0
200EQW.BSE_IDX,01/07/2025,10:41:46,13224.55,0,0,0,0,0,0
200EQW.BSE_IDX,01/07/2025,10:41:54,13224.43,0,0,0,0,0,0
200EQW.BSE_IDX,01/07/2025,10:42:02,13224.88,0,0,0,0,0,0
200EQW.BSE_IDX,01/07/2025,10:42:10,13225.25,0,0,0,0,0,0
200EQW.BSE_IDX,01/07/2025,10:42:18,13225.73,0,0,0,0,0,0
200EQW.BSE_IDX,01/07/2025,10:42:26,13225.07,0,0,0,0,0,0
200EQW.BSE_IDX,01/07/2025,10:42:34,13225.29,0,0,0,0,0,0
200EQW.BSE_IDX,01/07/2025,10:42:42,13224.66,0,0,0,0,0,0
200EQW.BSE_IDX,01/07/2025,10:42:50,13224.27,0,0,0,0,0,0
200EQW.BSE_IDX,01/07/2025,10:42:58,13223.63,0,0,0,0,0,0
200EQW.BSE_IDX,01/07/2025,10:43:06,13224.13,0,0,0,0,0,0
200EQW.BSE_IDX,01/07/2025,10:43:14,13224.28,0,0,0,0,0,0
200EQW.BSE_IDX,01/07/2025,10:43:22,13223.73,0,0,0,0,0,0
200EQW.BSE_IDX,01/07/2025,10:43:30,13223.7,0,0,0,0,0,0
200EQW.BSE_IDX,01/07/2025,10:43:38,13223.19,0,0,0,0,0,0
200EQW.BSE_IDX,01/07/2025,10:43:46,13222.5,0,0,0,0,0,0
200EQW.BSE_IDX,01/07/2025,10:43:54,13222.18,0,0,0,0,0,0
200EQW.BSE_IDX,01/07/2025,10:44:02,13222.49,0,0,0,0,0,0
200EQW.BSE_IDX,01/07/2025,10:44:10,13222.54,0,0,0,0,0,0
200EQW.BSE_IDX,01/07/2025,10:44:18,13222.35,0,0,0,0,0,0
200EQW.BSE_IDX,01/07/2025,10:44:26,13222.1,0,0,0,0,0,0
200EQW.BSE_IDX,01/07/2025,10:44:34,13221.91,0,0,0,0,0,0
200EQW.BSE_IDX,01/07/2025,10:44:42,13222,0,0,0,0,0,0
200EQW.BSE_IDX,01/07/2025,10:44:50,13221.58,0,0,0,0,0,0
200EQW.BSE_IDX,01/07/2025,10:44:58,13220.91,0,0,0,0,0,0
200EQW.BSE_IDX,01/07/2025,10:45:07,13219.77,0,0,0,0,0,0
200EQW.BSE_IDX,01/07/2025,10:45:14,13219.11,0,0,0,0,0,0
200EQW.BSE_IDX,01/07/2025,10:45:22,13218.65,0,0,0,0,0,0
200EQW.BSE_IDX,01/07/2025,10:45:30,13218.91,0,0,0,0,0,0
200EQW.BSE_IDX,01/07/2025,10:45:38,13218.68,0,0,0,0,0,0
200EQW.BSE_IDX,01/07/2025,10:45:46,13219.04,0,0,0,0,0,0
200EQW.BSE_IDX,01/07/2025,10:45:54,13217.98,0,0,0,0,0,0
200EQW.BSE_IDX,01/07/2025,10:46:02,13217.53,0,0,0,0,0,0
200EQW.BSE_IDX,01/07/2025,10:46:10,13216.73,0,0,0,0,0,0
200EQW.BSE_IDX,01/07/2025,10:46:18,13215.66,0,0,0,0,0,0
200EQW.BSE_IDX,01/07/2025,10:46:26,13216.21,0,0,0,0,0,0
200EQW.BSE_IDX,01/07/2025,10:46:34,13216.22,0,0,0,0,0,0
200EQW.BSE_IDX,01/07/2025,10:46:42,13216.22,0,0,0,0,0,0
200EQW.BSE_IDX,01/07/2025,10:46:50,13216.33,0,0,0,0,0,0
200EQW.BSE_IDX,01/07/2025,10:46:58,13216.09,0,0,0,0,0,0
200EQW.BSE_IDX,01/07/2025,10:47:06,13216.01,0,0,0,0,0,0
200EQW.BSE_IDX,01/07/2025,10:47:14,13215.75,0,0,0,0,0,0
200EQW.BSE_IDX,01/07/2025,10:47:22,13215.33,0,0,0,0,0,0
200EQW.BSE_IDX,01/07/2025,10:47:30,13215.51,0,0,0,0,0,0
200EQW.BSE_IDX,01/07/2025,10:47:38,13215.74,0,0,0,0,0,0
200EQW.BSE_IDX,01/07/2025,10:47:46,13216.11,0,0,0,0,0,0
200EQW.BSE_IDX,01/07/2025,10:47:54,13216.87,0,0,0,0,0,0
200EQW.BSE_IDX,01/07/2025,10:48:02,13216.59,0,0,0,0,0,0
200EQW.BSE_IDX,01/07/2025,10:48:10,13216.73,0,0,0,0,0,0
200EQW.BSE_IDX,01/07/2025,10:48:18,13217.6,0,0,0,0,0,0
200EQW.BSE_IDX,01/07/2025,10:48:26,13218.47,0,0,0,0,0,0
200EQW.BSE_IDX,01/07/2025,10:48:34,13217.98,0,0,0,0,0,0
200EQW.BSE_IDX,01/07/2025,10:48:42,13218.1,0,0,0,0,0,0
200EQW.BSE_IDX,01/07/2025,10:48:50,13217.55,0,0,0,0,0,0
200EQW.BSE_IDX,01/07/2025,10:48:58,13217.56,0,0,0,0,0,0
200EQW.BSE_IDX,01/07/2025,10:49:06,13216.67,0,0,0,0,0,0
200EQW.BSE_IDX,01/07/2025,10:49:14,13214.9,0,0,0,0,0,0
200EQW.BSE_IDX,01/07/2025,10:49:22,13214.68,0,0,0,0,0,0
200EQW.BSE_IDX,01/07/2025,10:49:30,13213.43,0,0,0,0,0,0
200EQW.BSE_IDX,01/07/2025,10:49:38,13212.72,0,0,0,0,0,0
200EQW.BSE_IDX,01/07/2025,10:49:46,13213.01,0,0,0,0,0,0
200EQW.BSE_IDX,01/07/2025,10:49:54,13212.83,0,0,0,0,0,0
200EQW.BSE_IDX,01/07/2025,10:50:02,13212.78,0,0,0,0,0,0
200EQW.BSE_IDX,01/07/2025,10:50:10,13211.88,0,0,0,0,0,0
200EQW.BSE_IDX,01/07/2025,10:50:18,13211.73,0,0,0,0,0,0
200EQW.BSE_IDX,01/07/2025,10:50:26,13211.32,0,0,0,0,0,0
200EQW.BSE_IDX,01/07/2025,10:50:34,13211.38,0,0,0,0,0,0
200EQW.BSE_IDX,01/07/2025,10:50:42,13211.12,0,0,0,0,0,0
200EQW.BSE_IDX,01/07/2025,10:50:50,13210.75,0,0,0,0,0,0
200EQW.BSE_IDX,01/07/2025,10:50:58,13211,0,0,0,0,0,0
200EQW.BSE_IDX,01/07/2025,10:51:06,13210.78,0,0,0,0,0,0
200EQW.BSE_IDX,01/07/2025,10:51:14,13210.63,0,0,0,0,0,0
200EQW.BSE_IDX,01/07/2025,10:51:22,13210.75,0,0,0,0,0,0
200EQW.BSE_IDX,01/07/2025,10:51:30,13210.81,0,0,0,0,0,0
200EQW.BSE_IDX,01/07/2025,10:51:38,13210.78,0,0,0,0,0,0
200EQW.BSE_IDX,01/07/2025,10:51:46,13210.81,0,0,0,0,0,0
200EQW.BSE_IDX,01/07/2025,10:51:54,13209.53,0,0,0,0,0,0
200EQW.BSE_IDX,01/07/2025,10:52:02,13209.07,0,0,0,0,0,0
200EQW.BSE_IDX,01/07/2025,10:52:10,13208.5,0,0,0,0,0,0
200EQW.BSE_IDX,01/07/2025,10:52:18,13207.26,0,0,0,0,0,0
200EQW.BSE_IDX,01/07/2025,10:52:26,13205.19,0,0,0,0,0,0
200EQW.BSE_IDX,01/07/2025,10:52:34,13204.73,0,0,0,0,0,0
200EQW.BSE_IDX,01/07/2025,10:52:43,13203.44,0,0,0,0,0,0
200EQW.BSE_IDX,01/07/2025,10:52:50,13202.17,0,0,0,0,0,0
200EQW.BSE_IDX,01/07/2025,10:52:58,13201.35,0,0,0,0,0,0
200EQW.BSE_IDX,01/07/2025,10:53:06,13200.71,0,0,0,0,0,0
200EQW.BSE_IDX,01/07/2025,10:53:14,13199.93,0,0,0,0,0,0
200EQW.BSE_IDX,01/07/2025,10:53:22,13200.07,0,0,0,0,0,0
200EQW.BSE_IDX,01/07/2025,10:53:30,13200.03,0,0,0,0,0,0
200EQW.BSE_IDX,01/07/2025,10:53:38,13200.5,0,0,0,0,0,0
200EQW.BSE_IDX,01/07/2025,10:53:46,13200.54,0,0,0,0,0,0
200EQW.BSE_IDX,01/07/2025,10:53:54,13200.71,0,0,0,0,0,0
200EQW.BSE_IDX,01/07/2025,10:54:02,13201.57,0,0,0,0,0,0
200EQW.BSE_IDX,01/07/2025,10:54:10,13201.62,0,0,0,0,0,0
200EQW.BSE_IDX,01/07/2025,10:54:18,13201.58,0,0,0,0,0,0
200EQW.BSE_IDX,01/07/2025,10:54:26,13202,0,0,0,0,0,0
200EQW.BSE_IDX,01/07/2025,10:54:34,13202.3,0,0,0,0,0,0
200EQW.BSE_IDX,01/07/2025,10:54:42,13202.73,0,0,0,0,0,0
200EQW.BSE_IDX,01/07/2025,10:54:51,13202.7,0,0,0,0,0,0
200EQW.BSE_IDX,01/07/2025,10:54:58,13202.61,0,0,0,0,0,0
200EQW.BSE_IDX,01/07/2025,10:55:06,13202.54,0,0,0,0,0,0
200EQW.BSE_IDX,01/07/2025,10:55:14,13202.34,0,0,0,0,0,0
200EQW.BSE_IDX,01/07/2025,10:55:22,13202.21,0,0,0,0,0,0
200EQW.BSE_IDX,01/07/2025,10:55:30,13202.01,0,0,0,0,0,0
200EQW.BSE_IDX,01/07/2025,10:55:38,13201.94,0,0,0,0,0,0
200EQW.BSE_IDX,01/07/2025,10:55:46,13201.22,0,0,0,0,0,0
200EQW.BSE_IDX,01/07/2025,10:55:54,13200.09,0,0,0,0,0,0
200EQW.BSE_IDX,01/07/2025,10:56:02,13199.6,0,0,0,0,0,0
200EQW.BSE_IDX,01/07/2025,10:56:10,13199.09,0,0,0,0,0,0
200EQW.BSE_IDX,01/07/2025,10:56:18,13198.93,0,0,0,0,0,0
200EQW.BSE_IDX,01/07/2025,10:56:26,13198.41,0,0,0,0,0,0
200EQW.BSE_IDX,01/07/2025,10:56:34,13198.45,0,0,0,0,0,0
200EQW.BSE_IDX,01/07/2025,10:56:42,13197.97,0,0,0,0,0,0
200EQW.BSE_IDX,01/07/2025,10:56:50,13197.98,0,0,0,0,0,0
200EQW.BSE_IDX,01/07/2025,10:56:58,13197.44,0,0,0,0,0,0
200EQW.BSE_IDX,01/07/2025,10:57:06,13196.32,0,0,0,0,0,0
200EQW.BSE_IDX,01/07/2025,10:57:14,13195.36,0,0,0,0,0,0
200EQW.BSE_IDX,01/07/2025,10:57:22,13194.98,0,0,0,0,0,0
200EQW.BSE_IDX,01/07/2025,10:57:30,13195.12,0,0,0,0,0,0
200EQW.BSE_IDX,01/07/2025,10:57:39,13195.74,0,0,0,0,0,0
200EQW.BSE_IDX,01/07/2025,10:57:46,13195.8,0,0,0,0,0,0
200EQW.BSE_IDX,01/07/2025,10:57:54,13195.75,0,0,0,0,0,0
200EQW.BSE_IDX,01/07/2025,10:58:02,13195.25,0,0,0,0,0,0
200EQW.BSE_IDX,01/07/2025,10:58:10,13195.81,0,0,0,0,0,0
200EQW.BSE_IDX,01/07/2025,10:58:18,13195.38,0,0,0,0,0,0
200EQW.BSE_IDX,01/07/2025,10:58:26,13195.34,0,0,0,0,0,0
200EQW.BSE_IDX,01/07/2025,10:58:34,13195.08,0,0,0,0,0,0
200EQW.BSE_IDX,01/07/2025,10:58:42,13195.38,0,0,0,0,0,0
200EQW.BSE_IDX,01/07/2025,10:58:50,13195.22,0,0,0,0,0,0
200EQW.BSE_IDX,01/07/2025,10:58:58,13194.73,0,0,0,0,0,0
200EQW.BSE_IDX,01/07/2025,10:59:06,13194.46,0,0,0,0,0,0
200EQW.BSE_IDX,01/07/2025,10:59:14,13194.42,0,0,0,0,0,0
200EQW.BSE_IDX,01/07/2025,10:59:22,13194.24,0,0,0,0,0,0
200EQW.BSE_IDX,01/07/2025,10:59:30,13193.77,0,0,0,0,0,0
200EQW.BSE_IDX,01/07/2025,10:59:38,13193.1,0,0,0,0,0,0
200EQW.BSE_IDX,01/07/2025,10:59:47,13192.6,0,0,0,0,0,0
200EQW.BSE_IDX,01/07/2025,10:59:55,13192.32,0,0,0,0,0,0
200EQW.BSE_IDX,01/07/2025,11:00:03,13192.72,0,0,0,0,0,0
200EQW.BSE_IDX,01/07/2025,11:00:11,13192.02,0,0,0,0,0,0
200EQW.BSE_IDX,01/07/2025,11:00:18,13192.42,0,0,0,0,0,0
200EQW.BSE_IDX,01/07/2025,11:00:26,13192.19,0,0,0,0,0,0
200EQW.BSE_IDX,01/07/2025,11:00:34,13192.02,0,0,0,0,0,0
200EQW.BSE_IDX,01/07/2025,11:00:42,13191.82,0,0,0,0,0,0
200EQW.BSE_IDX,01/07/2025,11:00:50,13191.56,0,0,0,0,0,0
200EQW.BSE_IDX,01/07/2025,11:00:58,13191.85,0,0,0,0,0,0
200EQW.BSE_IDX,01/07/2025,11:01:06,13192.24,0,0,0,0,0,0
200EQW.BSE_IDX,01/07/2025,11:01:15,13192.42,0,0,0,0,0,0
200EQW.BSE_IDX,01/07/2025,11:01:22,13192.35,0,0,0,0,0,0
200EQW.BSE_IDX,01/07/2025,11:01:30,13192.61,0,0,0,0,0,0
200EQW.BSE_IDX,01/07/2025,11:01:38,13192.59,0,0,0,0,0,0
200EQW.BSE_IDX,01/07/2025,11:01:46,13192.56,0,0,0,0,0,0
200EQW.BSE_IDX,01/07/2025,11:01:54,13192.54,0,0,0,0,0,0
200EQW.BSE_IDX,01/07/2025,11:02:02,13192.6,0,0,0,0,0,0
200EQW.BSE_IDX,01/07/2025,11:02:10,13192.09,0,0,0,0,0,0
200EQW.BSE_IDX,01/07/2025,11:02:18,13191.66,0,0,0,0,0,0
200EQW.BSE_IDX,01/07/2025,11:02:27,13191.27,0,0,0,0,0,0
200EQW.BSE_IDX,01/07/2025,11:02:34,13190.81,0,0,0,0,0,0
200EQW.BSE_IDX,01/07/2025,11:02:42,13190.46,0,0,0,0,0,0
200EQW.BSE_IDX,01/07/2025,11:02:51,13190.83,0,0,0,0,0,0
200EQW.BSE_IDX,01/07/2025,11:02:58,13189.85,0,0,0,0,0,0
200EQW.BSE_IDX,01/07/2025,11:03:06,13188.49,0,0,0,0,0,0
200EQW.BSE_IDX,01/07/2025,11:03:14,13187.86,0,0,0,0,0,0
200EQW.BSE_IDX,01/07/2025,11:03:22,13187.36,0,0,0,0,0,0
200EQW.BSE_IDX,01/07/2025,11:03:31,13186.8,0,0,0,0,0,0
200EQW.BSE_IDX,01/07/2025,11:03:38,13186.5,0,0,0,0,0,0
200EQW.BSE_IDX,01/07/2025,11:03:46,13186.93,0,0,0,0,0,0
200EQW.BSE_IDX,01/07/2025,11:03:54,13187.19,0,0,0,0,0,0
200EQW.BSE_IDX,01/07/2025,11:04:02,13187,0,0,0,0,0,0
200EQW.BSE_IDX,01/07/2025,11:04:10,13186.3,0,0,0,0,0,0
200EQW.BSE_IDX,01/07/2025,11:04:18,13185.78,0,0,0,0,0,0
200EQW.BSE_IDX,01/07/2025,11:04:27,13185.55,0,0,0,0,0,0
200EQW.BSE_IDX,01/07/2025,11:04:34,13185.61,0,0,0,0,0,0
200EQW.BSE_IDX,01/07/2025,11:04:42,13185.93,0,0,0,0,0,0
200EQW.BSE_IDX,01/07/2025,11:04:51,13186.09,0,0,0,0,0,0
200EQW.BSE_IDX,01/07/2025,11:04:58,13186.2,0,0,0,0,0,0
200EQW.BSE_IDX,01/07/2025,11:05:06,13187.13,0,0,0,0,0,0
200EQW.BSE_IDX,01/07/2025,11:05:14,13187.93,0,0,0,0,0,0
200EQW.BSE_IDX,01/07/2025,11:05:22,13188.34,0,0,0,0,0,0
200EQW.BSE_IDX,01/07/2025,11:05:31,13188.82,0,0,0,0,0,0
200EQW.BSE_IDX,01/07/2025,11:05:39,13189.44,0,0,0,0,0,0
200EQW.BSE_IDX,01/07/2025,11:05:46,13189.89,0,0,0,0,0,0
200EQW.BSE_IDX,01/07/2025,11:05:54,13190.35,0,0,0,0,0,0
200EQW.BSE_IDX,01/07/2025,11:06:03,13191,0,0,0,0,0,0
200EQW.BSE_IDX,01/07/2025,11:06:11,13191.41,0,0,0,0,0,0
200EQW.BSE_IDX,01/07/2025,11:06:19,13192.08,0,0,0,0,0,0
200EQW.BSE_IDX,01/07/2025,11:06:27,13192.53,0,0,0,0,0,0
200EQW.BSE_IDX,01/07/2025,11:06:34,13192.45,0,0,0,0,0,0
200EQW.BSE_IDX,01/07/2025,11:06:43,13192.3,0,0,0,0,0,0
200EQW.BSE_IDX,01/07/2025,11:06:51,13192.65,0,0,0,0,0,0
200EQW.BSE_IDX,01/07/2025,11:06:58,13193,0,0,0,0,0,0
200EQW.BSE_IDX,01/07/2025,11:07:06,13194.25,0,0,0,0,0,0
200EQW.BSE_IDX,01/07/2025,11:07:15,13194.89,0,0,0,0,0,0
200EQW.BSE_IDX,01/07/2025,11:07:22,13195.35,0,0,0,0,0,0
200EQW.BSE_IDX,01/07/2025,11:07:31,13195.71,0,0,0,0,0,0
200EQW.BSE_IDX,01/07/2025,11:07:39,13196.46,0,0,0,0,0,0
200EQW.BSE_IDX,01/07/2025,11:07:46,13196.97,0,0,0,0,0,0
200EQW.BSE_IDX,01/07/2025,11:07:55,13197.09,0,0,0,0,0,0
200EQW.BSE_IDX,01/07/2025,11:08:02,13197.62,0,0,0,0,0,0
200EQW.BSE_IDX,01/07/2025,11:08:11,13197.78,0,0,0,0,0,0
200EQW.BSE_IDX,01/07/2025,11:08:18,13198.23,0,0,0,0,0,0
200EQW.BSE_IDX,01/07/2025,11:08:27,13199.09,0,0,0,0,0,0
200EQW.BSE_IDX,01/07/2025,11:08:35,13199.2,0,0,0,0,0,0
200EQW.BSE_IDX,01/07/2025,11:08:43,13199.89,0,0,0,0,0,0
200EQW.BSE_IDX,01/07/2025,11:08:51,13200.21,0,0,0,0,0,0
200EQW.BSE_IDX,01/07/2025,11:08:58,13200.48,0,0,0,0,0,0
200EQW.BSE_IDX,01/07/2025,11:09:07,13200.74,0,0,0,0,0,0
200EQW.BSE_IDX,01/07/2025,11:09:15,13200.46,0,0,0,0,0,0
200EQW.BSE_IDX,01/07/2025,11:09:23,13200.12,0,0,0,0,0,0
200EQW.BSE_IDX,01/07/2025,11:09:31,13200.61,0,0,0,0,0,0
200EQW.BSE_IDX,01/07/2025,11:09:39,13200.75,0,0,0,0,0,0
200EQW.BSE_IDX,01/07/2025,11:09:47,13201.24,0,0,0,0,0,0
200EQW.BSE_IDX,01/07/2025,11:09:55,13201.1,0,0,0,0,0,0
200EQW.BSE_IDX,01/07/2025,11:10:03,13200.99,0,0,0,0,0,0
200EQW.BSE_IDX,01/07/2025,11:10:11,13200.83,0,0,0,0,0,0
200EQW.BSE_IDX,01/07/2025,11:10:19,13200.66,0,0,0,0,0,0
200EQW.BSE_IDX,01/07/2025,11:10:27,13200.67,0,0,0,0,0,0
200EQW.BSE_IDX,01/07/2025,11:10:35,13200.98,0,0,0,0,0,0
200EQW.BSE_IDX,01/07/2025,11:10:43,13202.07,0,0,0,0,0,0
200EQW.BSE_IDX,01/07/2025,11:10:51,13202.3,0,0,0,0,0,0
200EQW.BSE_IDX,01/07/2025,11:10:59,13202.47,0,0,0,0,0,0
200EQW.BSE_IDX,01/07/2025,11:11:07,13202.64,0,0,0,0,0,0
200EQW.BSE_IDX,01/07/2025,11:11:15,13202.55,0,0,0,0,0,0
200EQW.BSE_IDX,01/07/2025,11:11:23,13202.18,0,0,0,0,0,0
200EQW.BSE_IDX,01/07/2025,11:11:31,13201.72,0,0,0,0,0,0
200EQW.BSE_IDX,01/07/2025,11:11:39,13201.35,0,0,0,0,0,0
200EQW.BSE_IDX,01/07/2025,11:11:47,13200.75,0,0,0,0,0,0
200EQW.BSE_IDX,01/07/2025,11:11:55,13201,0,0,0,0,0,0
200EQW.BSE_IDX,01/07/2025,11:12:03,13201.95,0,0,0,0,0,0
200EQW.BSE_IDX,01/07/2025,11:12:11,13202.18,0,0,0,0,0,0
200EQW.BSE_IDX,01/07/2025,11:12:19,13202.14,0,0,0,0,0,0
200EQW.BSE_IDX,01/07/2025,11:12:27,13201.96,0,0,0,0,0,0
200EQW.BSE_IDX,01/07/2025,11:12:35,13202.07,0,0,0,0,0,0
200EQW.BSE_IDX,01/07/2025,11:12:43,13202.29,0,0,0,0,0,0
200EQW.BSE_IDX,01/07/2025,11:12:51,13202.02,0,0,0,0,0,0
200EQW.BSE_IDX,01/07/2025,11:12:59,13201.92,0,0,0,0,0,0
200EQW.BSE_IDX,01/07/2025,11:13:07,13202.36,0,0,0,0,0,0
200EQW.BSE_IDX,01/07/2025,11:13:16,13201.92,0,0,0,0,0,0
200EQW.BSE_IDX,01/07/2025,11:13:23,13201.92,0,0,0,0,0,0
200EQW.BSE_IDX,01/07/2025,11:13:31,13201.96,0,0,0,0,0,0
200EQW.BSE_IDX,01/07/2025,11:13:39,13201.91,0,0,0,0,0,0
200EQW.BSE_IDX,01/07/2025,11:13:47,13202.3,0,0,0,0,0,0
200EQW.BSE_IDX,01/07/2025,11:13:55,13202.48,0,0,0,0,0,0
200EQW.BSE_IDX,01/07/2025,11:14:03,13202.91,0,0,0,0,0,0
200EQW.BSE_IDX,01/07/2025,11:14:11,13202.65,0,0,0,0,0,0
200EQW.BSE_IDX,01/07/2025,11:14:19,13202.9,0,0,0,0,0,0
200EQW.BSE_IDX,01/07/2025,11:14:27,13203.15,0,0,0,0,0,0
200EQW.BSE_IDX,01/07/2025,11:14:35,13203.21,0,0,0,0,0,0
200EQW.BSE_IDX,01/07/2025,11:14:43,13203.63,0,0,0,0,0,0
200EQW.BSE_IDX,01/07/2025,11:14:51,13204.32,0,0,0,0,0,0
200EQW.BSE_IDX,01/07/2025,11:14:59,13204.86,0,0,0,0,0,0
200EQW.BSE_IDX,01/07/2025,11:15:07,13204.49,0,0,0,0,0,0
200EQW.BSE_IDX,01/07/2025,11:15:15,13204.65,0,0,0,0,0,0
200EQW.BSE_IDX,01/07/2025,11:15:23,13205.09,0,0,0,0,0,0
200EQW.BSE_IDX,01/07/2025,11:15:31,13204.05,0,0,0,0,0,0
200EQW.BSE_IDX,01/07/2025,11:15:39,13204.54,0,0,0,0,0,0
200EQW.BSE_IDX,01/07/2025,11:15:47,13204.85,0,0,0,0,0,0
200EQW.BSE_IDX,01/07/2025,11:15:56,13204.82,0,0,0,0,0,0
200EQW.BSE_IDX,01/07/2025,11:16:03,13204.5,0,0,0,0,0,0
200EQW.BSE_IDX,01/07/2025,11:16:11,13204.45,0,0,0,0,0,0
200EQW.BSE_IDX,01/07/2025,11:16:19,13204.2,0,0,0,0,0,0
200EQW.BSE_IDX,01/07/2025,11:16:27,13203.11,0,0,0,0,0,0
200EQW.BSE_IDX,01/07/2025,11:16:35,13202.59,0,0,0,0,0,0
200EQW.BSE_IDX,01/07/2025,11:16:43,13202.32,0,0,0,0,0,0
200EQW.BSE_IDX,01/07/2025,11:16:51,13202.21,0,0,0,0,0,0
200EQW.BSE_IDX,01/07/2025,11:16:59,13202.72,0,0,0,0,0,0
200EQW.BSE_IDX,01/07/2025,11:17:07,13202.94,0,0,0,0,0,0
200EQW.BSE_IDX,01/07/2025,11:17:15,13202.94,0,0,0,0,0,0
200EQW.BSE_IDX,01/07/2025,11:17:23,13203.41,0,0,0,0,0,0
200EQW.BSE_IDX,01/07/2025,11:17:31,13204.34,0,0,0,0,0,0
200EQW.BSE_IDX,01/07/2025,11:17:39,13205.33,0,0,0,0,0,0
200EQW.BSE_IDX,01/07/2025,11:17:47,13206.43,0,0,0,0,0,0
200EQW.BSE_IDX,01/07/2025,11:17:57,13207.52,0,0,0,0,0,0
200EQW.BSE_IDX,01/07/2025,11:18:03,13207.66,0,0,0,0,0,0
200EQW.BSE_IDX,01/07/2025,11:18:11,13207.37,0,0,0,0,0,0
200EQW.BSE_IDX,01/07/2025,11:18:19,13207.43,0,0,0,0,0,0
200EQW.BSE_IDX,01/07/2025,11:18:27,13207.44,0,0,0,0,0,0
200EQW.BSE_IDX,01/07/2025,11:18:35,13208.06,0,0,0,0,0,0
200EQW.BSE_IDX,01/07/2025,11:18:44,13208.54,0,0,0,0,0,0
200EQW.BSE_IDX,01/07/2025,11:18:51,13208.6,0,0,0,0,0,0
200EQW.BSE_IDX,01/07/2025,11:18:59,13207.62,0,0,0,0,0,0
200EQW.BSE_IDX,01/07/2025,11:19:08,13206.85,0,0,0,0,0,0
200EQW.BSE_IDX,01/07/2025,11:19:15,13206.09,0,0,0,0,0,0
200EQW.BSE_IDX,01/07/2025,11:19:23,13206.39,0,0,0,0,0,0
200EQW.BSE_IDX,01/07/2025,11:19:31,13205.06,0,0,0,0,0,0
200EQW.BSE_IDX,01/07/2025,11:19:39,13204.57,0,0,0,0,0,0
200EQW.BSE_IDX,01/07/2025,11:19:47,13203.83,0,0,0,0,0,0
200EQW.BSE_IDX,01/07/2025,11:19:55,13201.94,0,0,0,0,0,0
200EQW.BSE_IDX,01/07/2025,11:20:03,13201.91,0,0,0,0,0,0
200EQW.BSE_IDX,01/07/2025,11:20:11,13201.75,0,0,0,0,0,0
200EQW.BSE_IDX,01/07/2025,11:20:19,13201.46,0,0,0,0,0,0
200EQW.BSE_IDX,01/07/2025,11:20:27,13201.85,0,0,0,0,0,0
200EQW.BSE_IDX,01/07/2025,11:20:35,13202.17,0,0,0,0,0,0
200EQW.BSE_IDX,01/07/2025,11:20:43,13202.07,0,0,0,0,0,0
200EQW.BSE_IDX,01/07/2025,11:20:51,13201.83,0,0,0,0,0,0
200EQW.BSE_IDX,01/07/2025,11:20:59,13201.87,0,0,0,0,0,0
200EQW.BSE_IDX,01/07/2025,11:21:07,13202.04,0,0,0,0,0,0
200EQW.BSE_IDX,01/07/2025,11:21:15,13202.37,0,0,0,0,0,0
200EQW.BSE_IDX,01/07/2025,11:21:24,13203.04,0,0,0,0,0,0
200EQW.BSE_IDX,01/07/2025,11:21:31,13202.98,0,0,0,0,0,0
200EQW.BSE_IDX,01/07/2025,11:21:39,13202.43,0,0,0,0,0,0
200EQW.BSE_IDX,01/07/2025,11:21:47,13202.36,0,0,0,0,0,0
200EQW.BSE_IDX,01/07/2025,11:21:56,13201.99,0,0,0,0,0,0
200EQW.BSE_IDX,01/07/2025,11:22:03,13202.63,0,0,0,0,0,0
200EQW.BSE_IDX,01/07/2025,11:22:11,13202.73,0,0,0,0,0,0
200EQW.BSE_IDX,01/07/2025,11:22:19,13202.94,0,0,0,0,0,0
200EQW.BSE_IDX,01/07/2025,11:22:28,13202.74,0,0,0,0,0,0
200EQW.BSE_IDX,01/07/2025,11:22:35,13202.64,0,0,0,0,0,0
200EQW.BSE_IDX,01/07/2025,11:22:43,13202.5,0,0,0,0,0,0
200EQW.BSE_IDX,01/07/2025,11:22:51,13202.33,0,0,0,0,0,0
200EQW.BSE_IDX,01/07/2025,11:22:59,13202.51,0,0,0,0,0,0
200EQW.BSE_IDX,01/07/2025,11:23:07,13202.4,0,0,0,0,0,0
200EQW.BSE_IDX,01/07/2025,11:23:15,13202.48,0,0,0,0,0,0
200EQW.BSE_IDX,01/07/2025,11:23:23,13201.9,0,0,0,0,0,0
200EQW.BSE_IDX,01/07/2025,11:23:31,13201.44,0,0,0,0,0,0
200EQW.BSE_IDX,01/07/2025,11:23:39,13201.65,0,0,0,0,0,0
200EQW.BSE_IDX,01/07/2025,11:23:47,13201.65,0,0,0,0,0,0
200EQW.BSE_IDX,01/07/2025,11:23:55,13201.25,0,0,0,0,0,0
200EQW.BSE_IDX,01/07/2025,11:24:04,13201.08,0,0,0,0,0,0
200EQW.BSE_IDX,01/07/2025,11:24:11,13201.39,0,0,0,0,0,0
200EQW.BSE_IDX,01/07/2025,11:24:19,13201.4,0,0,0,0,0,0
200EQW.BSE_IDX,01/07/2025,11:24:27,13201.46,0,0,0,0,0,0
200EQW.BSE_IDX,01/07/2025,11:24:35,13201.2,0,0,0,0,0,0
200EQW.BSE_IDX,01/07/2025,11:24:43,13201.15,0,0,0,0,0,0
200EQW.BSE_IDX,01/07/2025,11:24:52,13201.01,0,0,0,0,0,0
200EQW.BSE_IDX,01/07/2025,11:25:00,13201.18,0,0,0,0,0,0
200EQW.BSE_IDX,01/07/2025,11:25:07,13200.83,0,0,0,0,0,0
200EQW.BSE_IDX,01/07/2025,11:25:15,13200.57,0,0,0,0,0,0
200EQW.BSE_IDX,01/07/2025,11:25:23,13200,0,0,0,0,0,0
200EQW.BSE_IDX,01/07/2025,11:25:31,13200.06,0,0,0,0,0,0
200EQW.BSE_IDX,01/07/2025,11:25:41,13200.19,0,0,0,0,0,0
200EQW.BSE_IDX,01/07/2025,11:25:47,13200.14,0,0,0,0,0,0
200EQW.BSE_IDX,01/07/2025,11:25:55,13199.75,0,0,0,0,0,0
200EQW.BSE_IDX,01/07/2025,11:26:03,13199.6,0,0,0,0,0,0
200EQW.BSE_IDX,01/07/2025,11:26:11,13199.54,0,0,0,0,0,0
200EQW.BSE_IDX,01/07/2025,11:26:19,13199.96,0,0,0,0,0,0
200EQW.BSE_IDX,01/07/2025,11:26:27,13199.89,0,0,0,0,0,0
200EQW.BSE_IDX,01/07/2025,11:26:35,13200.29,0,0,0,0,0,0
200EQW.BSE_IDX,01/07/2025,11:26:43,13200.1,0,0,0,0,0,0
200EQW.BSE_IDX,01/07/2025,11:26:51,13200.18,0,0,0,0,0,0
200EQW.BSE_IDX,01/07/2025,11:26:59,13200.9,0,0,0,0,0,0
200EQW.BSE_IDX,01/07/2025,11:27:07,13200.92,0,0,0,0,0,0
200EQW.BSE_IDX,01/07/2025,11:27:15,13201.24,0,0,0,0,0,0
200EQW.BSE_IDX,01/07/2025,11:27:23,13200.17,0,0,0,0,0,0
200EQW.BSE_IDX,01/07/2025,11:27:31,13200.48,0,0,0,0,0,0
200EQW.BSE_IDX,01/07/2025,11:27:39,13200.7,0,0,0,0,0,0
200EQW.BSE_IDX,01/07/2025,11:27:47,13199.96,0,0,0,0,0,0
200EQW.BSE_IDX,01/07/2025,11:27:55,13199.93,0,0,0,0,0,0
200EQW.BSE_IDX,01/07/2025,11:28:03,13199.85,0,0,0,0,0,0
200EQW.BSE_IDX,01/07/2025,11:28:11,13200.02,0,0,0,0,0,0
200EQW.BSE_IDX,01/07/2025,11:28:19,13199.78,0,0,0,0,0,0
200EQW.BSE_IDX,01/07/2025,11:28:27,13199.82,0,0,0,0,0,0
200EQW.BSE_IDX,01/07/2025,11:28:36,13200.42,0,0,0,0,0,0
200EQW.BSE_IDX,01/07/2025,11:28:43,13200.09,0,0,0,0,0,0
200EQW.BSE_IDX,01/07/2025,11:28:51,13200.02,0,0,0,0,0,0
200EQW.BSE_IDX,01/07/2025,11:28:59,13200.03,0,0,0,0,0,0
200EQW.BSE_IDX,01/07/2025,11:29:07,13200.4,0,0,0,0,0,0
200EQW.BSE_IDX,01/07/2025,11:29:16,13200.4,0,0,0,0,0,0
200EQW.BSE_IDX,01/07/2025,11:29:24,13200.31,0,0,0,0,0,0
200EQW.BSE_IDX,01/07/2025,11:29:31,13200.71,0,0,0,0,0,0
200EQW.BSE_IDX,01/07/2025,11:29:39,13201.43,0,0,0,0,0,0
200EQW.BSE_IDX,01/07/2025,11:29:47,13201.96,0,0,0,0,0,0
200EQW.BSE_IDX,01/07/2025,11:29:55,13201.97,0,0,0,0,0,0
200EQW.BSE_IDX,01/07/2025,11:30:03,13202.2,0,0,0,0,0,0
200EQW.BSE_IDX,01/07/2025,11:30:11,13202.11,0,0,0,0,0,0
200EQW.BSE_IDX,01/07/2025,11:30:19,13202.31,0,0,0,0,0,0
200EQW.BSE_IDX,01/07/2025,11:30:27,13202.71,0,0,0,0,0,0
200EQW.BSE_IDX,01/07/2025,11:30:35,13203.22,0,0,0,0,0,0
200EQW.BSE_IDX,01/07/2025,11:30:43,13203.7,0,0,0,0,0,0
200EQW.BSE_IDX,01/07/2025,11:30:52,13203.22,0,0,0,0,0,0
200EQW.BSE_IDX,01/07/2025,11:30:59,13202.96,0,0,0,0,0,0
200EQW.BSE_IDX,01/07/2025,11:31:07,13203.05,0,0,0,0,0,0
200EQW.BSE_IDX,01/07/2025,11:31:16,13202.72,0,0,0,0,0,0
200EQW.BSE_IDX,01/07/2025,11:31:23,13202.15,0,0,0,0,0,0
200EQW.BSE_IDX,01/07/2025,11:31:31,13202.16,0,0,0,0,0,0
200EQW.BSE_IDX,01/07/2025,11:31:39,13202.27,0,0,0,0,0,0
200EQW.BSE_IDX,01/07/2025,11:31:47,13202.04,0,0,0,0,0,0
200EQW.BSE_IDX,01/07/2025,11:31:55,13201.53,0,0,0,0,0,0
200EQW.BSE_IDX,01/07/2025,11:32:04,13201.8,0,0,0,0,0,0
200EQW.BSE_IDX,01/07/2025,11:32:11,13201.25,0,0,0,0,0,0
200EQW.BSE_IDX,01/07/2025,11:32:19,13201.55,0,0,0,0,0,0
200EQW.BSE_IDX,01/07/2025,11:32:27,13201.35,0,0,0,0,0,0
200EQW.BSE_IDX,01/07/2025,11:32:35,13200.8,0,0,0,0,0,0
200EQW.BSE_IDX,01/07/2025,11:32:43,13200.87,0,0,0,0,0,0
200EQW.BSE_IDX,01/07/2025,11:32:51,13200.11,0,0,0,0,0,0
200EQW.BSE_IDX,01/07/2025,11:32:59,13198.96,0,0,0,0,0,0
200EQW.BSE_IDX,01/07/2025,11:33:07,13198.18,0,0,0,0,0,0
200EQW.BSE_IDX,01/07/2025,11:33:15,13198.16,0,0,0,0,0,0
200EQW.BSE_IDX,01/07/2025,11:33:23,13197.86,0,0,0,0,0,0
200EQW.BSE_IDX,01/07/2025,11:33:31,13197.71,0,0,0,0,0,0
200EQW.BSE_IDX,01/07/2025,11:33:39,13197.95,0,0,0,0,0,0
200EQW.BSE_IDX,01/07/2025,11:33:47,13197.75,0,0,0,0,0,0
200EQW.BSE_IDX,01/07/2025,11:33:55,13197.77,0,0,0,0,0,0
200EQW.BSE_IDX,01/07/2025,11:34:03,13197.36,0,0,0,0,0,0
200EQW.BSE_IDX,01/07/2025,11:34:12,13197.74,0,0,0,0,0,0
200EQW.BSE_IDX,01/07/2025,11:34:19,13197.6,0,0,0,0,0,0
200EQW.BSE_IDX,01/07/2025,11:34:27,13197.69,0,0,0,0,0,0
200EQW.BSE_IDX,01/07/2025,11:34:35,13197.28,0,0,0,0,0,0
200EQW.BSE_IDX,01/07/2025,11:34:43,13197.42,0,0,0,0,0,0
200EQW.BSE_IDX,01/07/2025,11:34:52,13196.99,0,0,0,0,0,0
200EQW.BSE_IDX,01/07/2025,11:35:00,13196.47,0,0,0,0,0,0
200EQW.BSE_IDX,01/07/2025,11:35:07,13196.23,0,0,0,0,0,0
200EQW.BSE_IDX,01/07/2025,11:35:16,13196.04,0,0,0,0,0,0
200EQW.BSE_IDX,01/07/2025,11:35:23,13195.72,0,0,0,0,0,0
200EQW.BSE_IDX,01/07/2025,11:35:32,13195.66,0,0,0,0,0,0
200EQW.BSE_IDX,01/07/2025,11:35:40,13195.8,0,0,0,0,0,0
200EQW.BSE_IDX,01/07/2025,11:35:47,13196.34,0,0,0,0,0,0
200EQW.BSE_IDX,01/07/2025,11:35:55,13196.66,0,0,0,0,0,0
200EQW.BSE_IDX,01/07/2025,11:36:04,13196.67,0,0,0,0,0,0
200EQW.BSE_IDX,01/07/2025,11:36:11,13196.82,0,0,0,0,0,0
200EQW.BSE_IDX,01/07/2025,11:36:20,13196.6,0,0,0,0,0,0
200EQW.BSE_IDX,01/07/2025,11:36:28,13196.48,0,0,0,0,0,0
200EQW.BSE_IDX,01/07/2025,11:36:35,13196.29,0,0,0,0,0,0
200EQW.BSE_IDX,01/07/2025,11:36:44,13196.96,0,0,0,0,0,0
200EQW.BSE_IDX,01/07/2025,11:36:54,13197.07,0,0,0,0,0,0
200EQW.BSE_IDX,01/07/2025,11:36:59,13196.93,0,0,0,0,0,0
200EQW.BSE_IDX,01/07/2025,11:37:08,13196.8,0,0,0,0,0,0
200EQW.BSE_IDX,01/07/2025,11:37:15,13196.74,0,0,0,0,0,0
200EQW.BSE_IDX,01/07/2025,11:37:23,13196.35,0,0,0,0,0,0
200EQW.BSE_IDX,01/07/2025,11:37:32,13196.7,0,0,0,0,0,0
200EQW.BSE_IDX,01/07/2025,11:37:41,13196.49,0,0,0,0,0,0
200EQW.BSE_IDX,01/07/2025,11:37:47,13197.01,0,0,0,0,0,0
200EQW.BSE_IDX,01/07/2025,11:37:55,13196.81,0,0,0,0,0,0
200EQW.BSE_IDX,01/07/2025,11:38:03,13197.14,0,0,0,0,0,0
200EQW.BSE_IDX,01/07/2025,11:38:11,13196.97,0,0,0,0,0,0
200EQW.BSE_IDX,01/07/2025,11:38:20,13196.32,0,0,0,0,0,0
200EQW.BSE_IDX,01/07/2025,11:38:27,13196.33,0,0,0,0,0,0
200EQW.BSE_IDX,01/07/2025,11:38:35,13196.58,0,0,0,0,0,0
200EQW.BSE_IDX,01/07/2025,11:38:43,13196.66,0,0,0,0,0,0
200EQW.BSE_IDX,01/07/2025,11:38:51,13196.76,0,0,0,0,0,0
200EQW.BSE_IDX,01/07/2025,11:38:59,13197.13,0,0,0,0,0,0
200EQW.BSE_IDX,01/07/2025,11:39:07,13197.22,0,0,0,0,0,0
200EQW.BSE_IDX,01/07/2025,11:39:16,13198.23,0,0,0,0,0,0
200EQW.BSE_IDX,01/07/2025,11:39:24,13199.19,0,0,0,0,0,0
200EQW.BSE_IDX,01/07/2025,11:39:31,13199.43,0,0,0,0,0,0
200EQW.BSE_IDX,01/07/2025,11:39:39,13198.74,0,0,0,0,0,0
200EQW.BSE_IDX,01/07/2025,11:39:48,13198.61,0,0,0,0,0,0
200EQW.BSE_IDX,01/07/2025,11:39:55,13198.19,0,0,0,0,0,0
200EQW.BSE_IDX,01/07/2025,11:40:03,13198.66,0,0,0,0,0,0
200EQW.BSE_IDX,01/07/2025,11:40:12,13199.36,0,0,0,0,0,0
200EQW.BSE_IDX,01/07/2025,11:40:20,13199.28,0,0,0,0,0,0
200EQW.BSE_IDX,01/07/2025,11:40:28,13199.45,0,0,0,0,0,0
200EQW.BSE_IDX,01/07/2025,11:40:36,13199.53,0,0,0,0,0,0
200EQW.BSE_IDX,01/07/2025,11:40:44,13199.78,0,0,0,0,0,0
200EQW.BSE_IDX,01/07/2025,11:40:52,13199.89,0,0,0,0,0,0
200EQW.BSE_IDX,01/07/2025,11:41:00,13199.51,0,0,0,0,0,0
200EQW.BSE_IDX,01/07/2025,11:41:07,13199.64,0,0,0,0,0,0
200EQW.BSE_IDX,01/07/2025,11:41:16,13199.46,0,0,0,0,0,0
200EQW.BSE_IDX,01/07/2025,11:41:24,13200.23,0,0,0,0,0,0
200EQW.BSE_IDX,01/07/2025,11:41:32,13199.77,0,0,0,0,0,0
200EQW.BSE_IDX,01/07/2025,11:41:40,13200.49,0,0,0,0,0,0
200EQW.BSE_IDX,01/07/2025,11:41:48,13200.64,0,0,0,0,0,0
200EQW.BSE_IDX,01/07/2025,11:41:56,13200.21,0,0,0,0,0,0
200EQW.BSE_IDX,01/07/2025,11:42:04,13200.89,0,0,0,0,0,0
200EQW.BSE_IDX,01/07/2025,11:42:12,13201.24,0,0,0,0,0,0
200EQW.BSE_IDX,01/07/2025,11:42:20,13201.45,0,0,0,0,0,0
200EQW.BSE_IDX,01/07/2025,11:42:28,13201.89,0,0,0,0,0,0
200EQW.BSE_IDX,01/07/2025,11:42:36,13202.32,0,0,0,0,0,0
200EQW.BSE_IDX,01/07/2025,11:42:44,13202.78,0,0,0,0,0,0
200EQW.BSE_IDX,01/07/2025,11:42:52,13202.86,0,0,0,0,0,0
200EQW.BSE_IDX,01/07/2025,11:43:00,13202.98,0,0,0,0,0,0
200EQW.BSE_IDX,01/07/2025,11:43:08,13203.39,0,0,0,0,0,0
200EQW.BSE_IDX,01/07/2025,11:43:16,13203.2,0,0,0,0,0,0
200EQW.BSE_IDX,01/07/2025,11:43:24,13203.01,0,0,0,0,0,0
200EQW.BSE_IDX,01/07/2025,11:43:32,13202.77,0,0,0,0,0,0
200EQW.BSE_IDX,01/07/2025,11:43:40,13202.49,0,0,0,0,0,0
200EQW.BSE_IDX,01/07/2025,11:43:48,13202.61,0,0,0,0,0,0
200EQW.BSE_IDX,01/07/2025,11:43:56,13202.39,0,0,0,0,0,0
200EQW.BSE_IDX,01/07/2025,11:44:04,13202.72,0,0,0,0,0,0
200EQW.BSE_IDX,01/07/2025,11:44:12,13203.2,0,0,0,0,0,0
200EQW.BSE_IDX,01/07/2025,11:44:20,13203.37,0,0,0,0,0,0
200EQW.BSE_IDX,01/07/2025,11:44:28,13203.29,0,0,0,0,0,0
200EQW.BSE_IDX,01/07/2025,11:44:36,13202.76,0,0,0,0,0,0
200EQW.BSE_IDX,01/07/2025,11:44:44,13202.68,0,0,0,0,0,0
200EQW.BSE_IDX,01/07/2025,11:44:52,13202.14,0,0,0,0,0,0
200EQW.BSE_IDX,01/07/2025,11:45:00,13202.18,0,0,0,0,0,0
200EQW.BSE_IDX,01/07/2025,11:45:08,13202.17,0,0,0,0,0,0
200EQW.BSE_IDX,01/07/2025,11:45:16,13202.2,0,0,0,0,0,0
200EQW.BSE_IDX,01/07/2025,11:45:24,13202.35,0,0,0,0,0,0
200EQW.BSE_IDX,01/07/2025,11:45:32,13202.48,0,0,0,0,0,0
200EQW.BSE_IDX,01/07/2025,11:45:40,13202.61,0,0,0,0,0,0
200EQW.BSE_IDX,01/07/2025,11:45:48,13202.26,0,0,0,0,0,0
200EQW.BSE_IDX,01/07/2025,11:45:56,13202.7,0,0,0,0,0,0
200EQW.BSE_IDX,01/07/2025,11:46:04,13202.93,0,0,0,0,0,0
200EQW.BSE_IDX,01/07/2025,11:46:12,13203.3,0,0,0,0,0,0
200EQW.BSE_IDX,01/07/2025,11:46:20,13203.24,0,0,0,0,0,0
200EQW.BSE_IDX,01/07/2025,11:46:28,13203.1,0,0,0,0,0,0
200EQW.BSE_IDX,01/07/2025,11:46:36,13203.52,0,0,0,0,0,0
200EQW.BSE_IDX,01/07/2025,11:46:44,13203.26,0,0,0,0,0,0
200EQW.BSE_IDX,01/07/2025,11:46:52,13203.44,0,0,0,0,0,0
200EQW.BSE_IDX,01/07/2025,11:47:00,13203.55,0,0,0,0,0,0
200EQW.BSE_IDX,01/07/2025,11:47:08,13202.95,0,0,0,0,0,0
200EQW.BSE_IDX,01/07/2025,11:47:16,13202.18,0,0,0,0,0,0
200EQW.BSE_IDX,01/07/2025,11:47:24,13201.83,0,0,0,0,0,0
200EQW.BSE_IDX,01/07/2025,11:47:32,13201.81,0,0,0,0,0,0
200EQW.BSE_IDX,01/07/2025,11:47:40,13201.86,0,0,0,0,0,0
200EQW.BSE_IDX,01/07/2025,11:47:48,13201.54,0,0,0,0,0,0
200EQW.BSE_IDX,01/07/2025,11:47:56,13200.77,0,0,0,0,0,0
200EQW.BSE_IDX,01/07/2025,11:48:04,13200.68,0,0,0,0,0,0
200EQW.BSE_IDX,01/07/2025,11:48:12,13200.72,0,0,0,0,0,0
200EQW.BSE_IDX,01/07/2025,11:48:20,13201.2,0,0,0,0,0,0
200EQW.BSE_IDX,01/07/2025,11:48:28,13201.51,0,0,0,0,0,0
200EQW.BSE_IDX,01/07/2025,11:48:36,13201.77,0,0,0,0,0,0
200EQW.BSE_IDX,01/07/2025,11:48:44,13202.15,0,0,0,0,0,0
200EQW.BSE_IDX,01/07/2025,11:48:52,13202.58,0,0,0,0,0,0
200EQW.BSE_IDX,01/07/2025,11:49:01,13202.61,0,0,0,0,0,0
200EQW.BSE_IDX,01/07/2025,11:49:09,13202.48,0,0,0,0,0,0
200EQW.BSE_IDX,01/07/2025,11:49:16,13202.44,0,0,0,0,0,0
200EQW.BSE_IDX,01/07/2025,11:49:24,13202.04,0,0,0,0,0,0
200EQW.BSE_IDX,01/07/2025,11:49:32,13201.59,0,0,0,0,0,0
200EQW.BSE_IDX,01/07/2025,11:49:40,13201.5,0,0,0,0,0,0
200EQW.BSE_IDX,01/07/2025,11:49:49,13201.15,0,0,0,0,0,0
200EQW.BSE_IDX,01/07/2025,11:49:56,13201.14,0,0,0,0,0,0
200EQW.BSE_IDX,01/07/2025,11:50:04,13200.62,0,0,0,0,0,0
200EQW.BSE_IDX,01/07/2025,11:50:12,13199.52,0,0,0,0,0,0
200EQW.BSE_IDX,01/07/2025,11:50:20,13199.05,0,0,0,0,0,0
200EQW.BSE_IDX,01/07/2025,11:50:28,13199.05,0,0,0,0,0,0
200EQW.BSE_IDX,01/07/2025,11:50:36,13199.12,0,0,0,0,0,0
200EQW.BSE_IDX,01/07/2025,11:50:44,13199.1,0,0,0,0,0,0
200EQW.BSE_IDX,01/07/2025,11:50:52,13198.79,0,0,0,0,0,0
200EQW.BSE_IDX,01/07/2025,11:51:00,13198.52,0,0,0,0,0,0
200EQW.BSE_IDX,01/07/2025,11:51:08,13198.66,0,0,0,0,0,0
200EQW.BSE_IDX,01/07/2025,11:51:16,13198.48,0,0,0,0,0,0
200EQW.BSE_IDX,01/07/2025,11:51:24,13198.31,0,0,0,0,0,0
200EQW.BSE_IDX,01/07/2025,11:51:32,13198.54,0,0,0,0,0,0
200EQW.BSE_IDX,01/07/2025,11:51:40,13198.72,0,0,0,0,0,0
200EQW.BSE_IDX,01/07/2025,11:51:48,13198.82,0,0,0,0,0,0
200EQW.BSE_IDX,01/07/2025,11:51:56,13199.24,0,0,0,0,0,0
200EQW.BSE_IDX,01/07/2025,11:52:04,13199.41,0,0,0,0,0,0
200EQW.BSE_IDX,01/07/2025,11:52:12,13198.97,0,0,0,0,0,0
200EQW.BSE_IDX,01/07/2025,11:52:20,13199.08,0,0,0,0,0,0
200EQW.BSE_IDX,01/07/2025,11:52:28,13199.8,0,0,0,0,0,0
200EQW.BSE_IDX,01/07/2025,11:52:36,13199.8,0,0,0,0,0,0
200EQW.BSE_IDX,01/07/2025,11:52:44,13199.2,0,0,0,0,0,0
200EQW.BSE_IDX,01/07/2025,11:52:52,13198.87,0,0,0,0,0,0
200EQW.BSE_IDX,01/07/2025,11:53:00,13197.78,0,0,0,0,0,0
200EQW.BSE_IDX,01/07/2025,11:53:08,13196.95,0,0,0,0,0,0
200EQW.BSE_IDX,01/07/2025,11:53:16,13196.52,0,0,0,0,0,0
200EQW.BSE_IDX,01/07/2025,11:53:24,13196.43,0,0,0,0,0,0
200EQW.BSE_IDX,01/07/2025,11:53:32,13195.87,0,0,0,0,0,0
200EQW.BSE_IDX,01/07/2025,11:53:40,13195.64,0,0,0,0,0,0
200EQW.BSE_IDX,01/07/2025,11:53:48,13195.17,0,0,0,0,0,0
200EQW.BSE_IDX,01/07/2025,11:53:56,13194.99,0,0,0,0,0,0
200EQW.BSE_IDX,01/07/2025,11:54:04,13193.88,0,0,0,0,0,0
200EQW.BSE_IDX,01/07/2025,11:54:12,13192.45,0,0,0,0,0,0
200EQW.BSE_IDX,01/07/2025,11:54:20,13191.88,0,0,0,0,0,0
200EQW.BSE_IDX,01/07/2025,11:54:28,13191.39,0,0,0,0,0,0
200EQW.BSE_IDX,01/07/2025,11:54:36,13191.33,0,0,0,0,0,0
200EQW.BSE_IDX,01/07/2025,11:54:44,13191.21,0,0,0,0,0,0
200EQW.BSE_IDX,01/07/2025,11:54:52,13190.69,0,0,0,0,0,0
200EQW.BSE_IDX,01/07/2025,11:55:00,13191.14,0,0,0,0,0,0
200EQW.BSE_IDX,01/07/2025,11:55:08,13191.43,0,0,0,0,0,0
200EQW.BSE_IDX,01/07/2025,11:55:17,13190.91,0,0,0,0,0,0
200EQW.BSE_IDX,01/07/2025,11:55:24,13191.24,0,0,0,0,0,0
200EQW.BSE_IDX,01/07/2025,11:55:32,13191.01,0,0,0,0,0,0
200EQW.BSE_IDX,01/07/2025,11:55:40,13191.56,0,0,0,0,0,0
200EQW.BSE_IDX,01/07/2025,11:55:48,13191.48,0,0,0,0,0,0
200EQW.BSE_IDX,01/07/2025,11:55:56,13191.34,0,0,0,0,0,0
200EQW.BSE_IDX,01/07/2025,11:56:05,13191.38,0,0,0,0,0,0
200EQW.BSE_IDX,01/07/2025,11:56:12,13190.55,0,0,0,0,0,0
200EQW.BSE_IDX,01/07/2025,11:56:20,13188.48,0,0,0,0,0,0
200EQW.BSE_IDX,01/07/2025,11:56:28,13187.67,0,0,0,0,0,0
200EQW.BSE_IDX,01/07/2025,11:56:36,13187.37,0,0,0,0,0,0
200EQW.BSE_IDX,01/07/2025,11:56:44,13187.45,0,0,0,0,0,0
200EQW.BSE_IDX,01/07/2025,11:56:52,13187.36,0,0,0,0,0,0
200EQW.BSE_IDX,01/07/2025,11:57:00,13187.46,0,0,0,0,0,0
200EQW.BSE_IDX,01/07/2025,11:57:08,13186.41,0,0,0,0,0,0
200EQW.BSE_IDX,01/07/2025,11:57:16,13186.13,0,0,0,0,0,0
200EQW.BSE_IDX,01/07/2025,11:57:24,13186.72,0,0,0,0,0,0
200EQW.BSE_IDX,01/07/2025,11:57:32,13186.74,0,0,0,0,0,0
200EQW.BSE_IDX,01/07/2025,11:57:40,13186.5,0,0,0,0,0,0
200EQW.BSE_IDX,01/07/2025,11:57:48,13186.35,0,0,0,0,0,0
200EQW.BSE_IDX,01/07/2025,11:57:56,13186.09,0,0,0,0,0,0
200EQW.BSE_IDX,01/07/2025,11:58:04,13185.82,0,0,0,0,0,0
200EQW.BSE_IDX,01/07/2025,11:58:12,13185.44,0,0,0,0,0,0
200EQW.BSE_IDX,01/07/2025,11:58:20,13185.57,0,0,0,0,0,0
200EQW.BSE_IDX,01/07/2025,11:58:28,13185.38,0,0,0,0,0,0
200EQW.BSE_IDX,01/07/2025,11:58:36,13185.35,0,0,0,0,0,0
200EQW.BSE_IDX,01/07/2025,11:58:44,13185.9,0,0,0,0,0,0
200EQW.BSE_IDX,01/07/2025,11:58:52,13186.22,0,0,0,0,0,0
200EQW.BSE_IDX,01/07/2025,11:59:00,13186.23,0,0,0,0,0,0
200EQW.BSE_IDX,01/07/2025,11:59:08,13186.92,0,0,0,0,0,0
200EQW.BSE_IDX,01/07/2025,11:59:16,13187.05,0,0,0,0,0,0
200EQW.BSE_IDX,01/07/2025,11:59:24,13187.6,0,0,0,0,0,0
200EQW.BSE_IDX,01/07/2025,11:59:32,13188.88,0,0,0,0,0,0
200EQW.BSE_IDX,01/07/2025,11:59:40,13189.8,0,0,0,0,0,0
200EQW.BSE_IDX,01/07/2025,11:59:48,13190.27,0,0,0,0,0,0
200EQW.BSE_IDX,01/07/2025,11:59:56,13190.23,0,0,0,0,0,0
200EQW.BSE_IDX,01/07/2025,12:00:05,13190.56,0,0,0,0,0,0
200EQW.BSE_IDX,01/07/2025,12:00:12,13190.7,0,0,0,0,0,0
200EQW.BSE_IDX,01/07/2025,12:00:20,13190.04,0,0,0,0,0,0
200EQW.BSE_IDX,01/07/2025,12:00:28,13189.71,0,0,0,0,0,0
200EQW.BSE_IDX,01/07/2025,12:00:37,13189.43,0,0,0,0,0,0
200EQW.BSE_IDX,01/07/2025,12:00:44,13188.9,0,0,0,0,0,0
200EQW.BSE_IDX,01/07/2025,12:00:52,13189.23,0,0,0,0,0,0
200EQW.BSE_IDX,01/07/2025,12:01:00,13189.12,0,0,0,0,0,0
200EQW.BSE_IDX,01/07/2025,12:01:08,13188.98,0,0,0,0,0,0
200EQW.BSE_IDX,01/07/2025,12:01:16,13189.1,0,0,0,0,0,0
200EQW.BSE_IDX,01/07/2025,12:01:24,13189.5,0,0,0,0,0,0
200EQW.BSE_IDX,01/07/2025,12:01:32,13189.61,0,0,0,0,0,0
200EQW.BSE_IDX,01/07/2025,12:01:40,13189.66,0,0,0,0,0,0
200EQW.BSE_IDX,01/07/2025,12:01:48,13189.46,0,0,0,0,0,0
200EQW.BSE_IDX,01/07/2025,12:01:57,13189.32,0,0,0,0,0,0
200EQW.BSE_IDX,01/07/2025,12:02:04,13189.51,0,0,0,0,0,0
200EQW.BSE_IDX,01/07/2025,12:02:12,13189.62,0,0,0,0,0,0
200EQW.BSE_IDX,01/07/2025,12:02:20,13189.58,0,0,0,0,0,0
200EQW.BSE_IDX,01/07/2025,12:02:28,13189.61,0,0,0,0,0,0
200EQW.BSE_IDX,01/07/2025,12:02:36,13189.36,0,0,0,0,0,0
200EQW.BSE_IDX,01/07/2025,12:02:44,13189.42,0,0,0,0,0,0
200EQW.BSE_IDX,01/07/2025,12:02:52,13189.34,0,0,0,0,0,0
200EQW.BSE_IDX,01/07/2025,12:03:00,13189.06,0,0,0,0,0,0
200EQW.BSE_IDX,01/07/2025,12:03:08,13188.68,0,0,0,0,0,0
200EQW.BSE_IDX,01/07/2025,12:03:17,13188.59,0,0,0,0,0,0
200EQW.BSE_IDX,01/07/2025,12:03:24,13188.22,0,0,0,0,0,0
200EQW.BSE_IDX,01/07/2025,12:03:32,13188.32,0,0,0,0,0,0
200EQW.BSE_IDX,01/07/2025,12:03:40,13188.38,0,0,0,0,0,0
200EQW.BSE_IDX,01/07/2025,12:03:48,13188.49,0,0,0,0,0,0
200EQW.BSE_IDX,01/07/2025,12:03:56,13188.51,0,0,0,0,0,0
200EQW.BSE_IDX,01/07/2025,12:04:04,13188.34,0,0,0,0,0,0
200EQW.BSE_IDX,01/07/2025,12:04:12,13187.93,0,0,0,0,0,0
200EQW.BSE_IDX,01/07/2025,12:04:20,13188.15,0,0,0,0,0,0
200EQW.BSE_IDX,01/07/2025,12:04:28,13188.52,0,0,0,0,0,0
200EQW.BSE_IDX,01/07/2025,12:04:36,13188.62,0,0,0,0,0,0
200EQW.BSE_IDX,01/07/2025,12:04:44,13188.49,0,0,0,0,0,0
200EQW.BSE_IDX,01/07/2025,12:04:52,13188.25,0,0,0,0,0,0
200EQW.BSE_IDX,01/07/2025,12:05:01,13188.21,0,0,0,0,0,0
200EQW.BSE_IDX,01/07/2025,12:05:08,13188.29,0,0,0,0,0,0
200EQW.BSE_IDX,01/07/2025,12:05:16,13188.62,0,0,0,0,0,0
200EQW.BSE_IDX,01/07/2025,12:05:24,13188.37,0,0,0,0,0,0
200EQW.BSE_IDX,01/07/2025,12:05:32,13188.21,0,0,0,0,0,0
200EQW.BSE_IDX,01/07/2025,12:05:40,13188.18,0,0,0,0,0,0
200EQW.BSE_IDX,01/07/2025,12:05:48,13187.86,0,0,0,0,0,0
200EQW.BSE_IDX,01/07/2025,12:05:56,13188.14,0,0,0,0,0,0
200EQW.BSE_IDX,01/07/2025,12:06:04,13188.6,0,0,0,0,0,0
200EQW.BSE_IDX,01/07/2025,12:06:12,13189.37,0,0,0,0,0,0
200EQW.BSE_IDX,01/07/2025,12:06:20,13189.7,0,0,0,0,0,0
200EQW.BSE_IDX,01/07/2025,12:06:28,13188.97,0,0,0,0,0,0
200EQW.BSE_IDX,01/07/2025,12:06:36,13188.85,0,0,0,0,0,0
200EQW.BSE_IDX,01/07/2025,12:06:44,13188.77,0,0,0,0,0,0
200EQW.BSE_IDX,01/07/2025,12:06:53,13188.13,0,0,0,0,0,0
200EQW.BSE_IDX,01/07/2025,12:07:00,13187.51,0,0,0,0,0,0
200EQW.BSE_IDX,01/07/2025,12:07:08,13187.52,0,0,0,0,0,0
200EQW.BSE_IDX,01/07/2025,12:07:17,13187.76,0,0,0,0,0,0
200EQW.BSE_IDX,01/07/2025,12:07:24,13187.57,0,0,0,0,0,0
200EQW.BSE_IDX,01/07/2025,12:07:33,13187.24,0,0,0,0,0,0
200EQW.BSE_IDX,01/07/2025,12:07:40,13187.08,0,0,0,0,0,0
200EQW.BSE_IDX,01/07/2025,12:07:49,13187.23,0,0,0,0,0,0
200EQW.BSE_IDX,01/07/2025,12:07:57,13187.21,0,0,0,0,0,0
200EQW.BSE_IDX,01/07/2025,12:08:05,13187.38,0,0,0,0,0,0
200EQW.BSE_IDX,01/07/2025,12:08:13,13187.06,0,0,0,0,0,0
200EQW.BSE_IDX,01/07/2025,12:08:21,13186.31,0,0,0,0,0,0
200EQW.BSE_IDX,01/07/2025,12:08:28,13186.61,0,0,0,0,0,0
200EQW.BSE_IDX,01/07/2025,12:08:36,13186.49,0,0,0,0,0,0
200EQW.BSE_IDX,01/07/2025,12:08:45,13186.78,0,0,0,0,0,0
200EQW.BSE_IDX,01/07/2025,12:08:52,13187.34,0,0,0,0,0,0
200EQW.BSE_IDX,01/07/2025,12:09:00,13187.56,0,0,0,0,0,0
200EQW.BSE_IDX,01/07/2025,12:09:08,13188.33,0,0,0,0,0,0
200EQW.BSE_IDX,01/07/2025,12:09:16,13188.78,0,0,0,0,0,0
200EQW.BSE_IDX,01/07/2025,12:09:25,13188.49,0,0,0,0,0,0
200EQW.BSE_IDX,01/07/2025,12:09:32,13188.91,0,0,0,0,0,0
200EQW.BSE_IDX,01/07/2025,12:09:40,13189.33,0,0,0,0,0,0
200EQW.BSE_IDX,01/07/2025,12:09:48,13189.37,0,0,0,0,0,0
200EQW.BSE_IDX,01/07/2025,12:09:57,13189.64,0,0,0,0,0,0
200EQW.BSE_IDX,01/07/2025,12:10:05,13189.25,0,0,0,0,0,0
200EQW.BSE_IDX,01/07/2025,12:10:13,13189.34,0,0,0,0,0,0
200EQW.BSE_IDX,01/07/2025,12:10:22,13190,0,0,0,0,0,0
200EQW.BSE_IDX,01/07/2025,12:10:28,13190.05,0,0,0,0,0,0
200EQW.BSE_IDX,01/07/2025,12:10:36,13190.68,0,0,0,0,0,0
200EQW.BSE_IDX,01/07/2025,12:10:45,13190.16,0,0,0,0,0,0
200EQW.BSE_IDX,01/07/2025,12:10:52,13190.12,0,0,0,0,0,0
200EQW.BSE_IDX,01/07/2025,12:11:00,13189.86,0,0,0,0,0,0
200EQW.BSE_IDX,01/07/2025,12:11:08,13189.59,0,0,0,0,0,0
200EQW.BSE_IDX,01/07/2025,12:11:17,13189.57,0,0,0,0,0,0
200EQW.BSE_IDX,01/07/2025,12:11:24,13189.72,0,0,0,0,0,0
200EQW.BSE_IDX,01/07/2025,12:11:32,13189.6,0,0,0,0,0,0
200EQW.BSE_IDX,01/07/2025,12:11:41,13189.97,0,0,0,0,0,0
200EQW.BSE_IDX,01/07/2025,12:11:49,13191.05,0,0,0,0,0,0
200EQW.BSE_IDX,01/07/2025,12:11:57,13191.75,0,0,0,0,0,0
200EQW.BSE_IDX,01/07/2025,12:12:05,13192.72,0,0,0,0,0,0
200EQW.BSE_IDX,01/07/2025,12:12:13,13193.04,0,0,0,0,0,0
200EQW.BSE_IDX,01/07/2025,12:12:21,13193.94,0,0,0,0,0,0
200EQW.BSE_IDX,01/07/2025,12:12:29,13194.25,0,0,0,0,0,0
200EQW.BSE_IDX,01/07/2025,12:12:37,13194.92,0,0,0,0,0,0
200EQW.BSE_IDX,01/07/2025,12:12:45,13194.75,0,0,0,0,0,0
200EQW.BSE_IDX,01/07/2025,12:12:53,13194.9,0,0,0,0,0,0
200EQW.BSE_IDX,01/07/2025,12:13:01,13195.15,0,0,0,0,0,0
200EQW.BSE_IDX,01/07/2025,12:13:09,13195.31,0,0,0,0,0,0
200EQW.BSE_IDX,01/07/2025,12:13:17,13195.45,0,0,0,0,0,0
200EQW.BSE_IDX,01/07/2025,12:13:25,13195.92,0,0,0,0,0,0
200EQW.BSE_IDX,01/07/2025,12:13:33,13196.28,0,0,0,0,0,0
200EQW.BSE_IDX,01/07/2025,12:13:41,13196.83,0,0,0,0,0,0
200EQW.BSE_IDX,01/07/2025,12:13:49,13196.77,0,0,0,0,0,0
200EQW.BSE_IDX,01/07/2025,12:13:57,13197.04,0,0,0,0,0,0
200EQW.BSE_IDX,01/07/2025,12:14:05,13197.16,0,0,0,0,0,0
200EQW.BSE_IDX,01/07/2025,12:14:13,13196.9,0,0,0,0,0,0
200EQW.BSE_IDX,01/07/2025,12:14:21,13197.42,0,0,0,0,0,0
200EQW.BSE_IDX,01/07/2025,12:14:29,13197.6,0,0,0,0,0,0
200EQW.BSE_IDX,01/07/2025,12:14:37,13197.45,0,0,0,0,0,0
200EQW.BSE_IDX,01/07/2025,12:14:46,13198.1,0,0,0,0,0,0
200EQW.BSE_IDX,01/07/2025,12:14:54,13197.93,0,0,0,0,0,0
200EQW.BSE_IDX,01/07/2025,12:15:01,13197.96,0,0,0,0,0,0
200EQW.BSE_IDX,01/07/2025,12:15:09,13198.28,0,0,0,0,0,0
200EQW.BSE_IDX,01/07/2025,12:15:17,13198.42,0,0,0,0,0,0
200EQW.BSE_IDX,01/07/2025,12:15:25,13198.16,0,0,0,0,0,0
200EQW.BSE_IDX,01/07/2025,12:15:33,13197.82,0,0,0,0,0,0
200EQW.BSE_IDX,01/07/2025,12:15:41,13198.16,0,0,0,0,0,0
200EQW.BSE_IDX,01/07/2025,12:15:49,13198.53,0,0,0,0,0,0
200EQW.BSE_IDX,01/07/2025,12:15:57,13199.61,0,0,0,0,0,0
200EQW.BSE_IDX,01/07/2025,12:16:05,13199.71,0,0,0,0,0,0
200EQW.BSE_IDX,01/07/2025,12:16:13,13200.36,0,0,0,0,0,0
200EQW.BSE_IDX,01/07/2025,12:16:21,13200.51,0,0,0,0,0,0
200EQW.BSE_IDX,01/07/2025,12:16:29,13200.79,0,0,0,0,0,0
200EQW.BSE_IDX,01/07/2025,12:16:37,13200.63,0,0,0,0,0,0
200EQW.BSE_IDX,01/07/2025,12:16:45,13200.33,0,0,0,0,0,0
200EQW.BSE_IDX,01/07/2025,12:16:53,13200.93,0,0,0,0,0,0
200EQW.BSE_IDX,01/07/2025,12:17:01,13201.02,0,0,0,0,0,0
200EQW.BSE_IDX,01/07/2025,12:17:09,13201.11,0,0,0,0,0,0
200EQW.BSE_IDX,01/07/2025,12:17:17,13202.14,0,0,0,0,0,0
200EQW.BSE_IDX,01/07/2025,12:17:25,13202.18,0,0,0,0,0,0
200EQW.BSE_IDX,01/07/2025,12:17:33,13202.54,0,0,0,0,0,0
200EQW.BSE_IDX,01/07/2025,12:17:41,13202.63,0,0,0,0,0,0
200EQW.BSE_IDX,01/07/2025,12:17:49,13202.44,0,0,0,0,0,0
200EQW.BSE_IDX,01/07/2025,12:17:57,13202.68,0,0,0,0,0,0
200EQW.BSE_IDX,01/07/2025,12:18:05,13203.92,0,0,0,0,0,0
200EQW.BSE_IDX,01/07/2025,12:18:13,13203.95,0,0,0,0,0,0
200EQW.BSE_IDX,01/07/2025,12:18:21,13204.22,0,0,0,0,0,0
200EQW.BSE_IDX,01/07/2025,12:18:29,13204.56,0,0,0,0,0,0
200EQW.BSE_IDX,01/07/2025,12:18:37,13204.61,0,0,0,0,0,0
200EQW.BSE_IDX,01/07/2025,12:18:45,13205.3,0,0,0,0,0,0
200EQW.BSE_IDX,01/07/2025,12:18:53,13205.76,0,0,0,0,0,0
200EQW.BSE_IDX,01/07/2025,12:19:01,13206.68,0,0,0,0,0,0
200EQW.BSE_IDX,01/07/2025,12:19:09,13206.83,0,0,0,0,0,0
200EQW.BSE_IDX,01/07/2025,12:19:17,13206.97,0,0,0,0,0,0
200EQW.BSE_IDX,01/07/2025,12:19:25,13207.72,0,0,0,0,0,0
200EQW.BSE_IDX,01/07/2025,12:19:33,13208.29,0,0,0,0,0,0
200EQW.BSE_IDX,01/07/2025,12:19:41,13209.28,0,0,0,0,0,0
200EQW.BSE_IDX,01/07/2025,12:19:49,13210.71,0,0,0,0,0,0
200EQW.BSE_IDX,01/07/2025,12:19:57,13210.83,0,0,0,0,0,0
200EQW.BSE_IDX,01/07/2025,12:20:05,13211.72,0,0,0,0,0,0
200EQW.BSE_IDX,01/07/2025,12:20:13,13211.65,0,0,0,0,0,0
200EQW.BSE_IDX,01/07/2025,12:20:21,13212.56,0,0,0,0,0,0
200EQW.BSE_IDX,01/07/2025,12:20:29,13213.18,0,0,0,0,0,0
200EQW.BSE_IDX,01/07/2025,12:20:37,13213.24,0,0,0,0,0,0
200EQW.BSE_IDX,01/07/2025,12:20:45,13213.21,0,0,0,0,0,0
200EQW.BSE_IDX,01/07/2025,12:20:53,13213.13,0,0,0,0,0,0
200EQW.BSE_IDX,01/07/2025,12:21:01,13212.84,0,0,0,0,0,0
200EQW.BSE_IDX,01/07/2025,12:21:09,13213.08,0,0,0,0,0,0
200EQW.BSE_IDX,01/07/2025,12:21:17,13212.34,0,0,0,0,0,0
200EQW.BSE_IDX,01/07/2025,12:21:25,13212.23,0,0,0,0,0,0
200EQW.BSE_IDX,01/07/2025,12:21:33,13212.79,0,0,0,0,0,0
200EQW.BSE_IDX,01/07/2025,12:21:41,13213.99,0,0,0,0,0,0
200EQW.BSE_IDX,01/07/2025,12:21:49,13215.5,0,0,0,0,0,0
200EQW.BSE_IDX,01/07/2025,12:21:57,13215.52,0,0,0,0,0,0
200EQW.BSE_IDX,01/07/2025,12:22:05,13216.41,0,0,0,0,0,0
200EQW.BSE_IDX,01/07/2025,12:22:13,13216.94,0,0,0,0,0,0
200EQW.BSE_IDX,01/07/2025,12:22:21,13217.05,0,0,0,0,0,0
200EQW.BSE_IDX,01/07/2025,12:22:29,13217.06,0,0,0,0,0,0
200EQW.BSE_IDX,01/07/2025,12:22:37,13217.13,0,0,0,0,0,0
200EQW.BSE_IDX,01/07/2025,12:22:45,13217.65,0,0,0,0,0,0
200EQW.BSE_IDX,01/07/2025,12:22:53,13218.1,0,0,0,0,0,0
200EQW.BSE_IDX,01/07/2025,12:23:02,13218.52,0,0,0,0,0,0
200EQW.BSE_IDX,01/07/2025,12:23:09,13218.27,0,0,0,0,0,0
200EQW.BSE_IDX,01/07/2025,12:23:17,13218.2,0,0,0,0,0,0
200EQW.BSE_IDX,01/07/2025,12:23:25,13218.16,0,0,0,0,0,0
200EQW.BSE_IDX,01/07/2025,12:23:33,13218.47,0,0,0,0,0,0
200EQW.BSE_IDX,01/07/2025,12:23:41,13218.82,0,0,0,0,0,0
200EQW.BSE_IDX,01/07/2025,12:23:49,13218.94,0,0,0,0,0,0
200EQW.BSE_IDX,01/07/2025,12:23:57,13218.34,0,0,0,0,0,0
200EQW.BSE_IDX,01/07/2025,12:24:05,13218.9,0,0,0,0,0,0
200EQW.BSE_IDX,01/07/2025,12:24:13,13218.62,0,0,0,0,0,0
200EQW.BSE_IDX,01/07/2025,12:24:21,13218.82,0,0,0,0,0,0
200EQW.BSE_IDX,01/07/2025,12:24:29,13218.77,0,0,0,0,0,0
200EQW.BSE_IDX,01/07/2025,12:24:37,13218.68,0,0,0,0,0,0
200EQW.BSE_IDX,01/07/2025,12:24:45,13218.72,0,0,0,0,0,0
200EQW.BSE_IDX,01/07/2025,12:24:53,13218.67,0,0,0,0,0,0
200EQW.BSE_IDX,01/07/2025,12:25:01,13219.12,0,0,0,0,0,0
200EQW.BSE_IDX,01/07/2025,12:25:09,13219.19,0,0,0,0,0,0
200EQW.BSE_IDX,01/07/2025,12:25:17,13219.49,0,0,0,0,0,0
200EQW.BSE_IDX,01/07/2025,12:25:25,13219.89,0,0,0,0,0,0
200EQW.BSE_IDX,01/07/2025,12:25:33,13219.98,0,0,0,0,0,0
200EQW.BSE_IDX,01/07/2025,12:25:41,13219.78,0,0,0,0,0,0
200EQW.BSE_IDX,01/07/2025,12:25:49,13220.17,0,0,0,0,0,0
200EQW.BSE_IDX,01/07/2025,12:25:57,13220.66,0,0,0,0,0,0
200EQW.BSE_IDX,01/07/2025,12:26:05,13220.89,0,0,0,0,0,0
200EQW.BSE_IDX,01/07/2025,12:26:13,13221.22,0,0,0,0,0,0
200EQW.BSE_IDX,01/07/2025,12:26:21,13221.13,0,0,0,0,0,0
200EQW.BSE_IDX,01/07/2025,12:26:31,13220.91,0,0,0,0,0,0
200EQW.BSE_IDX,01/07/2025,12:26:37,13220.95,0,0,0,0,0,0
200EQW.BSE_IDX,01/07/2025,12:26:45,13220.6,0,0,0,0,0,0
200EQW.BSE_IDX,01/07/2025,12:26:53,13220.33,0,0,0,0,0,0
200EQW.BSE_IDX,01/07/2025,12:27:01,13219.37,0,0,0,0,0,0
200EQW.BSE_IDX,01/07/2025,12:27:09,13218.96,0,0,0,0,0,0
200EQW.BSE_IDX,01/07/2025,12:27:17,13218.88,0,0,0,0,0,0
200EQW.BSE_IDX,01/07/2025,12:27:25,13218.89,0,0,0,0,0,0
200EQW.BSE_IDX,01/07/2025,12:27:33,13218.53,0,0,0,0,0,0
200EQW.BSE_IDX,01/07/2025,12:27:41,13218.53,0,0,0,0,0,0
200EQW.BSE_IDX,01/07/2025,12:27:49,13218.57,0,0,0,0,0,0
200EQW.BSE_IDX,01/07/2025,12:27:57,13218.49,0,0,0,0,0,0
200EQW.BSE_IDX,01/07/2025,12:28:05,13218.45,0,0,0,0,0,0
200EQW.BSE_IDX,01/07/2025,12:28:13,13218.58,0,0,0,0,0,0
200EQW.BSE_IDX,01/07/2025,12:28:21,13218.42,0,0,0,0,0,0
200EQW.BSE_IDX,01/07/2025,12:28:29,13218.13,0,0,0,0,0,0
200EQW.BSE_IDX,01/07/2025,12:28:37,13218.06,0,0,0,0,0,0
200EQW.BSE_IDX,01/07/2025,12:28:45,13217.77,0,0,0,0,0,0
200EQW.BSE_IDX,01/07/2025,12:28:53,13216.9,0,0,0,0,0,0
200EQW.BSE_IDX,01/07/2025,12:29:01,13216.17,0,0,0,0,0,0
200EQW.BSE_IDX,01/07/2025,12:29:10,13215.64,0,0,0,0,0,0
200EQW.BSE_IDX,01/07/2025,12:29:18,13215.69,0,0,0,0,0,0
200EQW.BSE_IDX,01/07/2025,12:29:25,13216.26,0,0,0,0,0,0
200EQW.BSE_IDX,01/07/2025,12:29:33,13216.27,0,0,0,0,0,0
200EQW.BSE_IDX,01/07/2025,12:29:41,13216.77,0,0,0,0,0,0
200EQW.BSE_IDX,01/07/2025,12:29:49,13216.69,0,0,0,0,0,0
200EQW.BSE_IDX,01/07/2025,12:29:57,13216.67,0,0,0,0,0,0
200EQW.BSE_IDX,01/07/2025,12:30:05,13218.45,0,0,0,0,0,0
200EQW.BSE_IDX,01/07/2025,12:30:13,13219.3,0,0,0,0,0,0
200EQW.BSE_IDX,01/07/2025,12:30:22,13219.96,0,0,0,0,0,0
200EQW.BSE_IDX,01/07/2025,12:30:29,13220.62,0,0,0,0,0,0
200EQW.BSE_IDX,01/07/2025,12:30:37,13220.86,0,0,0,0,0,0
200EQW.BSE_IDX,01/07/2025,12:30:45,13220.61,0,0,0,0,0,0
200EQW.BSE_IDX,01/07/2025,12:30:53,13220.12,0,0,0,0,0,0
200EQW.BSE_IDX,01/07/2025,12:31:01,13220.03,0,0,0,0,0,0
200EQW.BSE_IDX,01/07/2025,12:31:09,13218.23,0,0,0,0,0,0
200EQW.BSE_IDX,01/07/2025,12:31:17,13217.94,0,0,0,0,0,0
200EQW.BSE_IDX,01/07/2025,12:31:25,13218.32,0,0,0,0,0,0
200EQW.BSE_IDX,01/07/2025,12:31:34,13217.66,0,0,0,0,0,0
200EQW.BSE_IDX,01/07/2025,12:31:41,13217.13,0,0,0,0,0,0
200EQW.BSE_IDX,01/07/2025,12:31:49,13216.44,0,0,0,0,0,0
200EQW.BSE_IDX,01/07/2025,12:31:57,13215.58,0,0,0,0,0,0
200EQW.BSE_IDX,01/07/2025,12:32:05,13215.5,0,0,0,0,0,0
200EQW.BSE_IDX,01/07/2025,12:32:13,13215.26,0,0,0,0,0,0
200EQW.BSE_IDX,01/07/2025,12:32:21,13214.98,0,0,0,0,0,0
200EQW.BSE_IDX,01/07/2025,12:32:29,13215,0,0,0,0,0,0
200EQW.BSE_IDX,01/07/2025,12:32:37,13214.75,0,0,0,0,0,0
200EQW.BSE_IDX,01/07/2025,12:32:45,13214.68,0,0,0,0,0,0
200EQW.BSE_IDX,01/07/2025,12:32:53,13214.87,0,0,0,0,0,0
200EQW.BSE_IDX,01/07/2025,12:33:01,13214.92,0,0,0,0,0,0
200EQW.BSE_IDX,01/07/2025,12:33:09,13214.52,0,0,0,0,0,0
200EQW.BSE_IDX,01/07/2025,12:33:17,13214.21,0,0,0,0,0,0
200EQW.BSE_IDX,01/07/2025,12:33:26,13214.18,0,0,0,0,0,0
200EQW.BSE_IDX,01/07/2025,12:33:33,13214.39,0,0,0,0,0,0
200EQW.BSE_IDX,01/07/2025,12:33:41,13214.31,0,0,0,0,0,0
200EQW.BSE_IDX,01/07/2025,12:33:49,13214.04,0,0,0,0,0,0
200EQW.BSE_IDX,01/07/2025,12:33:57,13213.87,0,0,0,0,0,0
200EQW.BSE_IDX,01/07/2025,12:34:05,13213.84,0,0,0,0,0,0
200EQW.BSE_IDX,01/07/2025,12:34:13,13214.24,0,0,0,0,0,0
200EQW.BSE_IDX,01/07/2025,12:34:21,13214.43,0,0,0,0,0,0
200EQW.BSE_IDX,01/07/2025,12:34:29,13215.11,0,0,0,0,0,0
200EQW.BSE_IDX,01/07/2025,12:34:37,13215.27,0,0,0,0,0,0
200EQW.BSE_IDX,01/07/2025,12:34:45,13215.3,0,0,0,0,0,0
200EQW.BSE_IDX,01/07/2025,12:34:53,13215.78,0,0,0,0,0,0
200EQW.BSE_IDX,01/07/2025,12:35:01,13216.54,0,0,0,0,0,0
200EQW.BSE_IDX,01/07/2025,12:35:09,13217.41,0,0,0,0,0,0
200EQW.BSE_IDX,01/07/2025,12:35:17,13218.27,0,0,0,0,0,0
200EQW.BSE_IDX,01/07/2025,12:35:25,13218.87,0,0,0,0,0,0
200EQW.BSE_IDX,01/07/2025,12:35:33,13219.08,0,0,0,0,0,0
200EQW.BSE_IDX,01/07/2025,12:35:41,13218.88,0,0,0,0,0,0
200EQW.BSE_IDX,01/07/2025,12:35:49,13219.68,0,0,0,0,0,0
200EQW.BSE_IDX,01/07/2025,12:35:57,13219.61,0,0,0,0,0,0
200EQW.BSE_IDX,01/07/2025,12:36:05,13220.08,0,0,0,0,0,0
200EQW.BSE_IDX,01/07/2025,12:36:13,13219.98,0,0,0,0,0,0
200EQW.BSE_IDX,01/07/2025,12:36:21,13220.41,0,0,0,0,0,0
200EQW.BSE_IDX,01/07/2025,12:36:29,13220.97,0,0,0,0,0,0
200EQW.BSE_IDX,01/07/2025,12:36:37,13221.32,0,0,0,0,0,0
200EQW.BSE_IDX,01/07/2025,12:36:45,13221.7,0,0,0,0,0,0
200EQW.BSE_IDX,01/07/2025,12:36:53,13221.69,0,0,0,0,0,0
200EQW.BSE_IDX,01/07/2025,12:37:01,13221.61,0,0,0,0,0,0
200EQW.BSE_IDX,01/07/2025,12:37:09,13222.28,0,0,0,0,0,0
200EQW.BSE_IDX,01/07/2025,12:37:17,13222.47,0,0,0,0,0,0
200EQW.BSE_IDX,01/07/2025,12:37:25,13222.02,0,0,0,0,0,0
200EQW.BSE_IDX,01/07/2025,12:37:33,13221.03,0,0,0,0,0,0
200EQW.BSE_IDX,01/07/2025,12:37:41,13220.17,0,0,0,0,0,0
200EQW.BSE_IDX,01/07/2025,12:37:49,13219.38,0,0,0,0,0,0
200EQW.BSE_IDX,01/07/2025,12:37:57,13218.99,0,0,0,0,0,0
200EQW.BSE_IDX,01/07/2025,12:38:05,13218.94,0,0,0,0,0,0
200EQW.BSE_IDX,01/07/2025,12:38:13,13218.55,0,0,0,0,0,0
200EQW.BSE_IDX,01/07/2025,12:38:22,13218.77,0,0,0,0,0,0
200EQW.BSE_IDX,01/07/2025,12:38:29,13218.59,0,0,0,0,0,0
200EQW.BSE_IDX,01/07/2025,12:38:39,13218.8,0,0,0,0,0,0
200EQW.BSE_IDX,01/07/2025,12:38:45,13219.04,0,0,0,0,0,0
200EQW.BSE_IDX,01/07/2025,12:38:53,13219.51,0,0,0,0,0,0
200EQW.BSE_IDX,01/07/2025,12:39:01,13219.13,0,0,0,0,0,0
200EQW.BSE_IDX,01/07/2025,12:39:10,13219.18,0,0,0,0,0,0
200EQW.BSE_IDX,01/07/2025,12:39:18,13220.04,0,0,0,0,0,0
200EQW.BSE_IDX,01/07/2025,12:39:25,13220.27,0,0,0,0,0,0
200EQW.BSE_IDX,01/07/2025,12:39:34,13221.25,0,0,0,0,0,0
200EQW.BSE_IDX,01/07/2025,12:39:42,13221.82,0,0,0,0,0,0
200EQW.BSE_IDX,01/07/2025,12:39:49,13221.9,0,0,0,0,0,0
200EQW.BSE_IDX,01/07/2025,12:39:57,13221.89,0,0,0,0,0,0
200EQW.BSE_IDX,01/07/2025,12:40:05,13222.22,0,0,0,0,0,0
200EQW.BSE_IDX,01/07/2025,12:40:14,13222.25,0,0,0,0,0,0
200EQW.BSE_IDX,01/07/2025,12:40:21,13222.3,0,0,0,0,0,0
200EQW.BSE_IDX,01/07/2025,12:40:29,13221.84,0,0,0,0,0,0
200EQW.BSE_IDX,01/07/2025,12:40:37,13221.83,0,0,0,0,0,0
200EQW.BSE_IDX,01/07/2025,12:40:45,13222.03,0,0,0,0,0,0
200EQW.BSE_IDX,01/07/2025,12:40:54,13221.43,0,0,0,0,0,0
200EQW.BSE_IDX,01/07/2025,12:41:01,13221.1,0,0,0,0,0,0
200EQW.BSE_IDX,01/07/2025,12:41:09,13220.49,0,0,0,0,0,0
200EQW.BSE_IDX,01/07/2025,12:41:17,13220.34,0,0,0,0,0,0
200EQW.BSE_IDX,01/07/2025,12:41:25,13220.44,0,0,0,0,0,0
200EQW.BSE_IDX,01/07/2025,12:41:33,13221,0,0,0,0,0,0
200EQW.BSE_IDX,01/07/2025,12:41:42,13221.39,0,0,0,0,0,0
200EQW.BSE_IDX,01/07/2025,12:41:50,13221.62,0,0,0,0,0,0
200EQW.BSE_IDX,01/07/2025,12:41:58,13222.15,0,0,0,0,0,0
200EQW.BSE_IDX,01/07/2025,12:42:05,13222.13,0,0,0,0,0,0
200EQW.BSE_IDX,01/07/2025,12:42:13,13222.07,0,0,0,0,0,0
200EQW.BSE_IDX,01/07/2025,12:42:21,13222.05,0,0,0,0,0,0
200EQW.BSE_IDX,01/07/2025,12:42:29,13222.7,0,0,0,0,0,0
200EQW.BSE_IDX,01/07/2025,12:42:37,13222.44,0,0,0,0,0,0
200EQW.BSE_IDX,01/07/2025,12:42:46,13222.38,0,0,0,0,0,0
200EQW.BSE_IDX,01/07/2025,12:42:53,13223.14,0,0,0,0,0,0
200EQW.BSE_IDX,01/07/2025,12:43:01,13222.91,0,0,0,0,0,0
200EQW.BSE_IDX,01/07/2025,12:43:10,13222.68,0,0,0,0,0,0
200EQW.BSE_IDX,01/07/2025,12:43:17,13223.32,0,0,0,0,0,0
200EQW.BSE_IDX,01/07/2025,12:43:26,13224.03,0,0,0,0,0,0
200EQW.BSE_IDX,01/07/2025,12:43:34,13224.21,0,0,0,0,0,0
200EQW.BSE_IDX,01/07/2025,12:43:42,13223.62,0,0,0,0,0,0
200EQW.BSE_IDX,01/07/2025,12:43:49,13223.7,0,0,0,0,0,0
200EQW.BSE_IDX,01/07/2025,12:43:58,13223.48,0,0,0,0,0,0
200EQW.BSE_IDX,01/07/2025,12:44:05,13222.52,0,0,0,0,0,0
200EQW.BSE_IDX,01/07/2025,12:44:14,13221.33,0,0,0,0,0,0
200EQW.BSE_IDX,01/07/2025,12:44:22,13220.38,0,0,0,0,0,0
200EQW.BSE_IDX,01/07/2025,12:44:29,13219.77,0,0,0,0,0,0
200EQW.BSE_IDX,01/07/2025,12:44:38,13220.23,0,0,0,0,0,0
200EQW.BSE_IDX,01/07/2025,12:44:46,13220.29,0,0,0,0,0,0
200EQW.BSE_IDX,01/07/2025,12:44:53,13219.97,0,0,0,0,0,0
200EQW.BSE_IDX,01/07/2025,12:45:01,13220.17,0,0,0,0,0,0
200EQW.BSE_IDX,01/07/2025,12:45:11,13219.66,0,0,0,0,0,0
200EQW.BSE_IDX,01/07/2025,12:45:18,13219.34,0,0,0,0,0,0
200EQW.BSE_IDX,01/07/2025,12:45:26,13219.63,0,0,0,0,0,0
200EQW.BSE_IDX,01/07/2025,12:45:34,13219.35,0,0,0,0,0,0
200EQW.BSE_IDX,01/07/2025,12:45:42,13219.07,0,0,0,0,0,0
200EQW.BSE_IDX,01/07/2025,12:45:50,13219.02,0,0,0,0,0,0
200EQW.BSE_IDX,01/07/2025,12:45:58,13218.39,0,0,0,0,0,0
200EQW.BSE_IDX,01/07/2025,12:46:06,13218.39,0,0,0,0,0,0
200EQW.BSE_IDX,01/07/2025,12:46:14,13218.3,0,0,0,0,0,0
200EQW.BSE_IDX,01/07/2025,12:46:22,13217.27,0,0,0,0,0,0
200EQW.BSE_IDX,01/07/2025,12:46:30,13216.8,0,0,0,0,0,0
200EQW.BSE_IDX,01/07/2025,12:46:38,13216.54,0,0,0,0,0,0
200EQW.BSE_IDX,01/07/2025,12:46:46,13216.34,0,0,0,0,0,0
200EQW.BSE_IDX,01/07/2025,12:46:54,13215.62,0,0,0,0,0,0
200EQW.BSE_IDX,01/07/2025,12:47:02,13215.48,0,0,0,0,0,0
200EQW.BSE_IDX,01/07/2025,12:47:10,13215.42,0,0,0,0,0,0
200EQW.BSE_IDX,01/07/2025,12:47:18,13215.62,0,0,0,0,0,0
200EQW.BSE_IDX,01/07/2025,12:47:26,13215.51,0,0,0,0,0,0
200EQW.BSE_IDX,01/07/2025,12:47:34,13215.75,0,0,0,0,0,0
200EQW.BSE_IDX,01/07/2025,12:47:42,13215.38,0,0,0,0,0,0
200EQW.BSE_IDX,01/07/2025,12:47:50,13215.2,0,0,0,0,0,0
200EQW.BSE_IDX,01/07/2025,12:47:58,13214.4,0,0,0,0,0,0
200EQW.BSE_IDX,01/07/2025,12:48:06,13214.4,0,0,0,0,0,0
200EQW.BSE_IDX,01/07/2025,12:48:14,13214.86,0,0,0,0,0,0
200EQW.BSE_IDX,01/07/2025,12:48:22,13215.07,0,0,0,0,0,0
200EQW.BSE_IDX,01/07/2025,12:48:30,13215.47,0,0,0,0,0,0
200EQW.BSE_IDX,01/07/2025,12:48:38,13215.57,0,0,0,0,0,0
200EQW.BSE_IDX,01/07/2025,12:48:46,13215.53,0,0,0,0,0,0
200EQW.BSE_IDX,01/07/2025,12:48:54,13215.46,0,0,0,0,0,0
200EQW.BSE_IDX,01/07/2025,12:49:02,13215.37,0,0,0,0,0,0
200EQW.BSE_IDX,01/07/2025,12:49:10,13215.4,0,0,0,0,0,0
200EQW.BSE_IDX,01/07/2025,12:49:18,13215.37,0,0,0,0,0,0
200EQW.BSE_IDX,01/07/2025,12:49:26,13215.53,0,0,0,0,0,0
200EQW.BSE_IDX,01/07/2025,12:49:34,13215.26,0,0,0,0,0,0
200EQW.BSE_IDX,01/07/2025,12:49:42,13215.49,0,0,0,0,0,0
200EQW.BSE_IDX,01/07/2025,12:49:50,13215.87,0,0,0,0,0,0
200EQW.BSE_IDX,01/07/2025,12:49:58,13215.93,0,0,0,0,0,0
200EQW.BSE_IDX,01/07/2025,12:50:06,13216,0,0,0,0,0,0
200EQW.BSE_IDX,01/07/2025,12:50:14,13215.83,0,0,0,0,0,0
200EQW.BSE_IDX,01/07/2025,12:50:22,13215.91,0,0,0,0,0,0
200EQW.BSE_IDX,01/07/2025,12:50:30,13216.19,0,0,0,0,0,0
200EQW.BSE_IDX,01/07/2025,12:50:38,13216.35,0,0,0,0,0,0
200EQW.BSE_IDX,01/07/2025,12:50:47,13216.32,0,0,0,0,0,0
200EQW.BSE_IDX,01/07/2025,12:50:54,13216.5,0,0,0,0,0,0
200EQW.BSE_IDX,01/07/2025,12:51:02,13216.55,0,0,0,0,0,0
200EQW.BSE_IDX,01/07/2025,12:51:10,13216.83,0,0,0,0,0,0
200EQW.BSE_IDX,01/07/2025,12:51:19,13217.18,0,0,0,0,0,0
200EQW.BSE_IDX,01/07/2025,12:51:26,13217.69,0,0,0,0,0,0
200EQW.BSE_IDX,01/07/2025,12:51:34,13218.03,0,0,0,0,0,0
200EQW.BSE_IDX,01/07/2025,12:51:42,13217.79,0,0,0,0,0,0
200EQW.BSE_IDX,01/07/2025,12:51:50,13218.13,0,0,0,0,0,0
200EQW.BSE_IDX,01/07/2025,12:51:58,13217.92,0,0,0,0,0,0
200EQW.BSE_IDX,01/07/2025,12:52:06,13217.46,0,0,0,0,0,0
200EQW.BSE_IDX,01/07/2025,12:52:14,13217.34,0,0,0,0,0,0
200EQW.BSE_IDX,01/07/2025,12:52:22,13217.25,0,0,0,0,0,0
200EQW.BSE_IDX,01/07/2025,12:52:30,13216.99,0,0,0,0,0,0
200EQW.BSE_IDX,01/07/2025,12:52:38,13216.96,0,0,0,0,0,0
200EQW.BSE_IDX,01/07/2025,12:52:46,13217.07,0,0,0,0,0,0
200EQW.BSE_IDX,01/07/2025,12:52:54,13218.09,0,0,0,0,0,0
200EQW.BSE_IDX,01/07/2025,12:53:02,13219.14,0,0,0,0,0,0
200EQW.BSE_IDX,01/07/2025,12:53:10,13219.36,0,0,0,0,0,0
200EQW.BSE_IDX,01/07/2025,12:53:18,13219.24,0,0,0,0,0,0
200EQW.BSE_IDX,01/07/2025,12:53:26,13218.79,0,0,0,0,0,0
200EQW.BSE_IDX,01/07/2025,12:53:34,13218.72,0,0,0,0,0,0
200EQW.BSE_IDX,01/07/2025,12:53:42,13218.68,0,0,0,0,0,0
200EQW.BSE_IDX,01/07/2025,12:53:50,13218.63,0,0,0,0,0,0
200EQW.BSE_IDX,01/07/2025,12:53:58,13218.75,0,0,0,0,0,0
200EQW.BSE_IDX,01/07/2025,12:54:06,13218.57,0,0,0,0,0,0
