Ticker,Date,Time,LTP,BuyPrice,BuyQty,SellPrice,SellQty,LTQ,OpenInterest
AUTO.BSE_IDX,01/07/2025,09:00:07,53635.17,0,0,0,0,0,0
AUTO.BSE_IDX,01/07/2025,09:00:15,53364.58,0,0,0,0,0,0
AUTO.BSE_IDX,01/07/2025,09:00:23,53323.66,0,0,0,0,0,0
AUTO.BSE_IDX,01/07/2025,09:00:31,53361.4,0,0,0,0,0,0
AUTO.BSE_IDX,01/07/2025,09:00:39,53398.04,0,0,0,0,0,0
AUTO.BSE_IDX,01/07/2025,09:00:47,53398.65,0,0,0,0,0,0
AUTO.BSE_IDX,01/07/2025,09:00:55,53398.65,0,0,0,0,0,0
AUTO.BSE_IDX,01/07/2025,09:01:03,53407.47,0,0,0,0,0,0
AUTO.BSE_IDX,01/07/2025,09:01:11,53436.97,0,0,0,0,0,0
AUTO.BSE_IDX,01/07/2025,09:01:19,53436.08,0,0,0,0,0,0
AUTO.BSE_IDX,01/07/2025,09:01:27,53408.2,0,0,0,0,0,0
AUTO.BSE_IDX,01/07/2025,09:01:35,53424.42,0,0,0,0,0,0
AUTO.BSE_IDX,01/07/2025,09:01:43,53444.62,0,0,0,0,0,0
AUTO.BSE_IDX,01/07/2025,09:01:51,53471.42,0,0,0,0,0,0
AUTO.BSE_IDX,01/07/2025,09:01:59,53481.09,0,0,0,0,0,0
AUTO.BSE_IDX,01/07/2025,09:02:07,53481.67,0,0,0,0,0,0
AUTO.BSE_IDX,01/07/2025,09:02:15,53472.51,0,0,0,0,0,0
AUTO.BSE_IDX,01/07/2025,09:02:23,53462.74,0,0,0,0,0,0
AUTO.BSE_IDX,01/07/2025,09:02:31,53460.81,0,0,0,0,0,0
AUTO.BSE_IDX,01/07/2025,09:02:39,53460.81,0,0,0,0,0,0
AUTO.BSE_IDX,01/07/2025,09:02:47,53460.81,0,0,0,0,0,0
AUTO.BSE_IDX,01/07/2025,09:02:55,53460.2,0,0,0,0,0,0
AUTO.BSE_IDX,01/07/2025,09:03:03,53483.32,0,0,0,0,0,0
AUTO.BSE_IDX,01/07/2025,09:03:11,53483.32,0,0,0,0,0,0
AUTO.BSE_IDX,01/07/2025,09:03:19,53483.35,0,0,0,0,0,0
AUTO.BSE_IDX,01/07/2025,09:03:27,53483.79,0,0,0,0,0,0
AUTO.BSE_IDX,01/07/2025,09:03:35,53483.79,0,0,0,0,0,0
AUTO.BSE_IDX,01/07/2025,09:03:43,53482.9,0,0,0,0,0,0
AUTO.BSE_IDX,01/07/2025,09:03:51,53562.21,0,0,0,0,0,0
AUTO.BSE_IDX,01/07/2025,09:03:59,53562.21,0,0,0,0,0,0
AUTO.BSE_IDX,01/07/2025,09:04:07,53562.21,0,0,0,0,0,0
AUTO.BSE_IDX,01/07/2025,09:04:15,53555.1,0,0,0,0,0,0
AUTO.BSE_IDX,01/07/2025,09:04:23,53555.1,0,0,0,0,0,0
AUTO.BSE_IDX,01/07/2025,09:04:31,53554.82,0,0,0,0,0,0
AUTO.BSE_IDX,01/07/2025,09:04:39,53555.02,0,0,0,0,0,0
AUTO.BSE_IDX,01/07/2025,09:04:47,53555.02,0,0,0,0,0,0
AUTO.BSE_IDX,01/07/2025,09:04:55,53482.07,0,0,0,0,0,0
AUTO.BSE_IDX,01/07/2025,09:05:03,53496.66,0,0,0,0,0,0
AUTO.BSE_IDX,01/07/2025,09:05:11,53508.32,0,0,0,0,0,0
AUTO.BSE_IDX,01/07/2025,09:05:19,53617.9,0,0,0,0,0,0
AUTO.BSE_IDX,01/07/2025,09:05:27,53604.29,0,0,0,0,0,0
AUTO.BSE_IDX,01/07/2025,09:05:35,53595.13,0,0,0,0,0,0
AUTO.BSE_IDX,01/07/2025,09:05:43,53594.62,0,0,0,0,0,0
AUTO.BSE_IDX,01/07/2025,09:05:51,53594.62,0,0,0,0,0,0
AUTO.BSE_IDX,01/07/2025,09:05:59,53609.03,0,0,0,0,0,0
AUTO.BSE_IDX,01/07/2025,09:06:07,53609.03,0,0,0,0,0,0
AUTO.BSE_IDX,01/07/2025,09:06:15,53609.03,0,0,0,0,0,0
AUTO.BSE_IDX,01/07/2025,09:06:23,53609.03,0,0,0,0,0,0
AUTO.BSE_IDX,01/07/2025,09:06:31,53605.16,0,0,0,0,0,0
AUTO.BSE_IDX,01/07/2025,09:06:39,53582.72,0,0,0,0,0,0
AUTO.BSE_IDX,01/07/2025,09:06:47,53580.63,0,0,0,0,0,0
AUTO.BSE_IDX,01/07/2025,09:06:55,53580.02,0,0,0,0,0,0
AUTO.BSE_IDX,01/07/2025,09:07:04,53568.5,0,0,0,0,0,0
AUTO.BSE_IDX,01/07/2025,09:07:11,53568.5,0,0,0,0,0,0
AUTO.BSE_IDX,01/07/2025,09:07:19,53568.5,0,0,0,0,0,0
AUTO.BSE_IDX,01/07/2025,09:07:27,53568.5,0,0,0,0,0,0
AUTO.BSE_IDX,01/07/2025,09:07:35,53568.5,0,0,0,0,0,0
AUTO.BSE_IDX,01/07/2025,09:07:43,53568.5,0,0,0,0,0,0
AUTO.BSE_IDX,01/07/2025,09:07:51,53568.5,0,0,0,0,0,0
AUTO.BSE_IDX,01/07/2025,09:07:59,53568.5,0,0,0,0,0,0
AUTO.BSE_IDX,01/07/2025,09:08:07,53568.5,0,0,0,0,0,0
AUTO.BSE_IDX,01/07/2025,09:08:15,53568.5,0,0,0,0,0,0
AUTO.BSE_IDX,01/07/2025,09:08:23,53568.5,0,0,0,0,0,0
AUTO.BSE_IDX,01/07/2025,09:08:31,53568.5,0,0,0,0,0,0
AUTO.BSE_IDX,01/07/2025,09:08:39,53568.5,0,0,0,0,0,0
AUTO.BSE_IDX,01/07/2025,09:08:47,53568.5,0,0,0,0,0,0
AUTO.BSE_IDX,01/07/2025,09:08:55,53568.5,0,0,0,0,0,0
AUTO.BSE_IDX,01/07/2025,09:09:03,53571.79,0,0,0,0,0,0
AUTO.BSE_IDX,01/07/2025,09:09:11,53571.79,0,0,0,0,0,0
AUTO.BSE_IDX,01/07/2025,09:09:19,53571.79,0,0,0,0,0,0
AUTO.BSE_IDX,01/07/2025,09:09:27,53571.79,0,0,0,0,0,0
AUTO.BSE_IDX,01/07/2025,09:09:35,53571.79,0,0,0,0,0,0
AUTO.BSE_IDX,01/07/2025,09:09:43,53571.79,0,0,0,0,0,0
AUTO.BSE_IDX,01/07/2025,09:09:51,53571.79,0,0,0,0,0,0
AUTO.BSE_IDX,01/07/2025,09:09:59,53571.79,0,0,0,0,0,0
AUTO.BSE_IDX,01/07/2025,09:10:07,53571.79,0,0,0,0,0,0
AUTO.BSE_IDX,01/07/2025,09:10:15,53571.79,0,0,0,0,0,0
AUTO.BSE_IDX,01/07/2025,09:10:23,53571.79,0,0,0,0,0,0
AUTO.BSE_IDX,01/07/2025,09:10:31,53571.79,0,0,0,0,0,0
AUTO.BSE_IDX,01/07/2025,09:10:39,53571.79,0,0,0,0,0,0
AUTO.BSE_IDX,01/07/2025,09:10:47,53571.79,0,0,0,0,0,0
AUTO.BSE_IDX,01/07/2025,09:10:55,53571.79,0,0,0,0,0,0
AUTO.BSE_IDX,01/07/2025,09:11:03,53571.79,0,0,0,0,0,0
AUTO.BSE_IDX,01/07/2025,09:11:11,53571.79,0,0,0,0,0,0
AUTO.BSE_IDX,01/07/2025,09:11:19,53571.79,0,0,0,0,0,0
AUTO.BSE_IDX,01/07/2025,09:11:27,53571.79,0,0,0,0,0,0
AUTO.BSE_IDX,01/07/2025,09:11:35,53571.79,0,0,0,0,0,0
AUTO.BSE_IDX,01/07/2025,09:11:43,53571.79,0,0,0,0,0,0
AUTO.BSE_IDX,01/07/2025,09:11:51,53571.79,0,0,0,0,0,0
AUTO.BSE_IDX,01/07/2025,09:11:59,53571.79,0,0,0,0,0,0
AUTO.BSE_IDX,01/07/2025,09:12:07,53571.79,0,0,0,0,0,0
AUTO.BSE_IDX,01/07/2025,09:12:16,53571.79,0,0,0,0,0,0
AUTO.BSE_IDX,01/07/2025,09:12:23,53571.79,0,0,0,0,0,0
AUTO.BSE_IDX,01/07/2025,09:12:31,53571.79,0,0,0,0,0,0
AUTO.BSE_IDX,01/07/2025,09:12:39,53571.79,0,0,0,0,0,0
AUTO.BSE_IDX,01/07/2025,09:12:47,53571.79,0,0,0,0,0,0
AUTO.BSE_IDX,01/07/2025,09:12:55,53571.79,0,0,0,0,0,0
AUTO.BSE_IDX,01/07/2025,09:13:03,53571.79,0,0,0,0,0,0
AUTO.BSE_IDX,01/07/2025,09:13:11,53571.79,0,0,0,0,0,0
AUTO.BSE_IDX,01/07/2025,09:13:19,53571.79,0,0,0,0,0,0
AUTO.BSE_IDX,01/07/2025,09:13:27,53571.79,0,0,0,0,0,0
AUTO.BSE_IDX,01/07/2025,09:13:35,53571.79,0,0,0,0,0,0
AUTO.BSE_IDX,01/07/2025,09:13:43,53571.79,0,0,0,0,0,0
AUTO.BSE_IDX,01/07/2025,09:13:51,53571.79,0,0,0,0,0,0
AUTO.BSE_IDX,01/07/2025,09:13:59,53571.79,0,0,0,0,0,0
AUTO.BSE_IDX,01/07/2025,09:14:07,53571.79,0,0,0,0,0,0
AUTO.BSE_IDX,01/07/2025,09:14:15,53571.79,0,0,0,0,0,0
AUTO.BSE_IDX,01/07/2025,09:14:23,53571.79,0,0,0,0,0,0
AUTO.BSE_IDX,01/07/2025,09:14:31,53571.79,0,0,0,0,0,0
AUTO.BSE_IDX,01/07/2025,09:14:39,53571.79,0,0,0,0,0,0
AUTO.BSE_IDX,01/07/2025,09:14:47,53571.79,0,0,0,0,0,0
AUTO.BSE_IDX,01/07/2025,09:14:55,53571.79,0,0,0,0,0,0
AUTO.BSE_IDX,01/07/2025,09:15:04,53597.25,0,0,0,0,0,0
AUTO.BSE_IDX,01/07/2025,09:15:11,53564.97,0,0,0,0,0,0
AUTO.BSE_IDX,01/07/2025,09:15:19,53491.7,0,0,0,0,0,0
AUTO.BSE_IDX,01/07/2025,09:15:27,53470.29,0,0,0,0,0,0
AUTO.BSE_IDX,01/07/2025,09:15:35,53494.29,0,0,0,0,0,0
AUTO.BSE_IDX,01/07/2025,09:15:43,53453.5,0,0,0,0,0,0
AUTO.BSE_IDX,01/07/2025,09:15:51,53424.29,0,0,0,0,0,0
AUTO.BSE_IDX,01/07/2025,09:15:59,53407.14,0,0,0,0,0,0
AUTO.BSE_IDX,01/07/2025,09:16:07,53418.57,0,0,0,0,0,0
AUTO.BSE_IDX,01/07/2025,09:16:15,53400.82,0,0,0,0,0,0
AUTO.BSE_IDX,01/07/2025,09:16:24,53421.83,0,0,0,0,0,0
AUTO.BSE_IDX,01/07/2025,09:16:31,53429.65,0,0,0,0,0,0
AUTO.BSE_IDX,01/07/2025,09:16:39,53453.56,0,0,0,0,0,0
AUTO.BSE_IDX,01/07/2025,09:16:48,53441.88,0,0,0,0,0,0
AUTO.BSE_IDX,01/07/2025,09:16:55,53461.61,0,0,0,0,0,0
AUTO.BSE_IDX,01/07/2025,09:17:03,53442.51,0,0,0,0,0,0
AUTO.BSE_IDX,01/07/2025,09:17:12,53436.19,0,0,0,0,0,0
AUTO.BSE_IDX,01/07/2025,09:17:19,53438.33,0,0,0,0,0,0
AUTO.BSE_IDX,01/07/2025,09:17:27,53421.45,0,0,0,0,0,0
AUTO.BSE_IDX,01/07/2025,09:17:35,53425.4,0,0,0,0,0,0
AUTO.BSE_IDX,01/07/2025,09:17:44,53450.22,0,0,0,0,0,0
AUTO.BSE_IDX,01/07/2025,09:17:51,53458.83,0,0,0,0,0,0
AUTO.BSE_IDX,01/07/2025,09:17:59,53476.56,0,0,0,0,0,0
AUTO.BSE_IDX,01/07/2025,09:18:07,53475.47,0,0,0,0,0,0
AUTO.BSE_IDX,01/07/2025,09:18:15,53465.4,0,0,0,0,0,0
AUTO.BSE_IDX,01/07/2025,09:18:23,53469.29,0,0,0,0,0,0
AUTO.BSE_IDX,01/07/2025,09:18:31,53454.36,0,0,0,0,0,0
AUTO.BSE_IDX,01/07/2025,09:18:39,53450.21,0,0,0,0,0,0
AUTO.BSE_IDX,01/07/2025,09:18:47,53451.17,0,0,0,0,0,0
AUTO.BSE_IDX,01/07/2025,09:18:56,53473.72,0,0,0,0,0,0
AUTO.BSE_IDX,01/07/2025,09:19:03,53474.46,0,0,0,0,0,0
AUTO.BSE_IDX,01/07/2025,09:19:11,53475.32,0,0,0,0,0,0
AUTO.BSE_IDX,01/07/2025,09:19:19,53472.13,0,0,0,0,0,0
AUTO.BSE_IDX,01/07/2025,09:19:28,53446.13,0,0,0,0,0,0
AUTO.BSE_IDX,01/07/2025,09:19:35,53441.18,0,0,0,0,0,0
AUTO.BSE_IDX,01/07/2025,09:19:43,53436.12,0,0,0,0,0,0
AUTO.BSE_IDX,01/07/2025,09:19:52,53438.93,0,0,0,0,0,0
AUTO.BSE_IDX,01/07/2025,09:19:59,53441.87,0,0,0,0,0,0
AUTO.BSE_IDX,01/07/2025,09:20:07,53450.88,0,0,0,0,0,0
AUTO.BSE_IDX,01/07/2025,09:20:15,53474.84,0,0,0,0,0,0
AUTO.BSE_IDX,01/07/2025,09:20:24,53477.25,0,0,0,0,0,0
AUTO.BSE_IDX,01/07/2025,09:20:31,53484.92,0,0,0,0,0,0
AUTO.BSE_IDX,01/07/2025,09:20:39,53480.15,0,0,0,0,0,0
AUTO.BSE_IDX,01/07/2025,09:20:47,53485.75,0,0,0,0,0,0
AUTO.BSE_IDX,01/07/2025,09:20:55,53468.54,0,0,0,0,0,0
AUTO.BSE_IDX,01/07/2025,09:21:03,53462.6,0,0,0,0,0,0
AUTO.BSE_IDX,01/07/2025,09:21:11,53489.29,0,0,0,0,0,0
AUTO.BSE_IDX,01/07/2025,09:21:19,53501.36,0,0,0,0,0,0
AUTO.BSE_IDX,01/07/2025,09:21:27,53507.36,0,0,0,0,0,0
AUTO.BSE_IDX,01/07/2025,09:21:36,53515.06,0,0,0,0,0,0
AUTO.BSE_IDX,01/07/2025,09:21:43,53539.95,0,0,0,0,0,0
AUTO.BSE_IDX,01/07/2025,09:21:51,53545.18,0,0,0,0,0,0
AUTO.BSE_IDX,01/07/2025,09:21:59,53550.51,0,0,0,0,0,0
AUTO.BSE_IDX,01/07/2025,09:22:07,53559.33,0,0,0,0,0,0
AUTO.BSE_IDX,01/07/2025,09:22:15,53562.63,0,0,0,0,0,0
AUTO.BSE_IDX,01/07/2025,09:22:23,53563.6,0,0,0,0,0,0
AUTO.BSE_IDX,01/07/2025,09:22:31,53574.11,0,0,0,0,0,0
AUTO.BSE_IDX,01/07/2025,09:22:39,53571.52,0,0,0,0,0,0
AUTO.BSE_IDX,01/07/2025,09:22:47,53572.09,0,0,0,0,0,0
AUTO.BSE_IDX,01/07/2025,09:22:55,53567.07,0,0,0,0,0,0
AUTO.BSE_IDX,01/07/2025,09:23:03,53563.63,0,0,0,0,0,0
AUTO.BSE_IDX,01/07/2025,09:23:11,53555.92,0,0,0,0,0,0
AUTO.BSE_IDX,01/07/2025,09:23:19,53556.82,0,0,0,0,0,0
AUTO.BSE_IDX,01/07/2025,09:23:27,53546.66,0,0,0,0,0,0
AUTO.BSE_IDX,01/07/2025,09:23:35,53549.11,0,0,0,0,0,0
AUTO.BSE_IDX,01/07/2025,09:23:44,53557.4,0,0,0,0,0,0
AUTO.BSE_IDX,01/07/2025,09:23:51,53555.52,0,0,0,0,0,0
AUTO.BSE_IDX,01/07/2025,09:23:59,53557.42,0,0,0,0,0,0
AUTO.BSE_IDX,01/07/2025,09:24:08,53565.18,0,0,0,0,0,0
AUTO.BSE_IDX,01/07/2025,09:24:15,53561.27,0,0,0,0,0,0
AUTO.BSE_IDX,01/07/2025,09:24:23,53557.09,0,0,0,0,0,0
AUTO.BSE_IDX,01/07/2025,09:24:32,53547.92,0,0,0,0,0,0
AUTO.BSE_IDX,01/07/2025,09:24:39,53541.23,0,0,0,0,0,0
AUTO.BSE_IDX,01/07/2025,09:24:48,53544.82,0,0,0,0,0,0
AUTO.BSE_IDX,01/07/2025,09:24:57,53545.44,0,0,0,0,0,0
AUTO.BSE_IDX,01/07/2025,09:25:03,53547.93,0,0,0,0,0,0
AUTO.BSE_IDX,01/07/2025,09:25:12,53546.05,0,0,0,0,0,0
AUTO.BSE_IDX,01/07/2025,09:25:19,53561.27,0,0,0,0,0,0
AUTO.BSE_IDX,01/07/2025,09:25:29,53552.53,0,0,0,0,0,0
AUTO.BSE_IDX,01/07/2025,09:25:35,53577.27,0,0,0,0,0,0
AUTO.BSE_IDX,01/07/2025,09:25:43,53576.41,0,0,0,0,0,0
AUTO.BSE_IDX,01/07/2025,09:25:51,53586.27,0,0,0,0,0,0
AUTO.BSE_IDX,01/07/2025,09:25:59,53591.14,0,0,0,0,0,0
AUTO.BSE_IDX,01/07/2025,09:26:08,53597,0,0,0,0,0,0
AUTO.BSE_IDX,01/07/2025,09:26:15,53592.87,0,0,0,0,0,0
AUTO.BSE_IDX,01/07/2025,09:26:23,53602.83,0,0,0,0,0,0
AUTO.BSE_IDX,01/07/2025,09:26:31,53606.64,0,0,0,0,0,0
AUTO.BSE_IDX,01/07/2025,09:26:39,53622.92,0,0,0,0,0,0
AUTO.BSE_IDX,01/07/2025,09:26:48,53649.69,0,0,0,0,0,0
AUTO.BSE_IDX,01/07/2025,09:26:55,53671.77,0,0,0,0,0,0
AUTO.BSE_IDX,01/07/2025,09:27:04,53664.72,0,0,0,0,0,0
AUTO.BSE_IDX,01/07/2025,09:27:12,53666.72,0,0,0,0,0,0
AUTO.BSE_IDX,01/07/2025,09:27:19,53661.94,0,0,0,0,0,0
AUTO.BSE_IDX,01/07/2025,09:27:28,53655.09,0,0,0,0,0,0
AUTO.BSE_IDX,01/07/2025,09:27:36,53651.54,0,0,0,0,0,0
AUTO.BSE_IDX,01/07/2025,09:27:44,53633.8,0,0,0,0,0,0
AUTO.BSE_IDX,01/07/2025,09:27:51,53642.88,0,0,0,0,0,0
AUTO.BSE_IDX,01/07/2025,09:28:00,53671.4,0,0,0,0,0,0
AUTO.BSE_IDX,01/07/2025,09:28:08,53676.09,0,0,0,0,0,0
AUTO.BSE_IDX,01/07/2025,09:28:16,53668.53,0,0,0,0,0,0
AUTO.BSE_IDX,01/07/2025,09:28:24,53657.02,0,0,0,0,0,0
AUTO.BSE_IDX,01/07/2025,09:28:32,53636.78,0,0,0,0,0,0
AUTO.BSE_IDX,01/07/2025,09:28:40,53613.38,0,0,0,0,0,0
AUTO.BSE_IDX,01/07/2025,09:28:48,53608.42,0,0,0,0,0,0
AUTO.BSE_IDX,01/07/2025,09:28:56,53621.87,0,0,0,0,0,0
AUTO.BSE_IDX,01/07/2025,09:29:04,53625.38,0,0,0,0,0,0
AUTO.BSE_IDX,01/07/2025,09:29:12,53622.95,0,0,0,0,0,0
AUTO.BSE_IDX,01/07/2025,09:29:20,53605.78,0,0,0,0,0,0
AUTO.BSE_IDX,01/07/2025,09:29:28,53598.87,0,0,0,0,0,0
AUTO.BSE_IDX,01/07/2025,09:29:36,53596.1,0,0,0,0,0,0
AUTO.BSE_IDX,01/07/2025,09:29:44,53602.05,0,0,0,0,0,0
AUTO.BSE_IDX,01/07/2025,09:29:52,53605,0,0,0,0,0,0
AUTO.BSE_IDX,01/07/2025,09:30:00,53612.46,0,0,0,0,0,0
AUTO.BSE_IDX,01/07/2025,09:30:08,53635.38,0,0,0,0,0,0
AUTO.BSE_IDX,01/07/2025,09:30:16,53632.39,0,0,0,0,0,0
AUTO.BSE_IDX,01/07/2025,09:30:24,53634.43,0,0,0,0,0,0
AUTO.BSE_IDX,01/07/2025,09:30:32,53631.2,0,0,0,0,0,0
AUTO.BSE_IDX,01/07/2025,09:30:40,53638.48,0,0,0,0,0,0
AUTO.BSE_IDX,01/07/2025,09:30:48,53638.48,0,0,0,0,0,0
AUTO.BSE_IDX,01/07/2025,09:30:56,53630.78,0,0,0,0,0,0
AUTO.BSE_IDX,01/07/2025,09:31:04,53630.27,0,0,0,0,0,0
AUTO.BSE_IDX,01/07/2025,09:31:12,53632.53,0,0,0,0,0,0
AUTO.BSE_IDX,01/07/2025,09:31:20,53631.68,0,0,0,0,0,0
AUTO.BSE_IDX,01/07/2025,09:31:28,53624.31,0,0,0,0,0,0
AUTO.BSE_IDX,01/07/2025,09:31:36,53617.37,0,0,0,0,0,0
AUTO.BSE_IDX,01/07/2025,09:31:44,53612.8,0,0,0,0,0,0
AUTO.BSE_IDX,01/07/2025,09:31:52,53612.91,0,0,0,0,0,0
AUTO.BSE_IDX,01/07/2025,09:32:00,53604.52,0,0,0,0,0,0
AUTO.BSE_IDX,01/07/2025,09:32:08,53591.91,0,0,0,0,0,0
AUTO.BSE_IDX,01/07/2025,09:32:16,53582.42,0,0,0,0,0,0
AUTO.BSE_IDX,01/07/2025,09:32:24,53578.73,0,0,0,0,0,0
AUTO.BSE_IDX,01/07/2025,09:32:32,53587.1,0,0,0,0,0,0
AUTO.BSE_IDX,01/07/2025,09:32:40,53577.48,0,0,0,0,0,0
AUTO.BSE_IDX,01/07/2025,09:32:48,53595.99,0,0,0,0,0,0
AUTO.BSE_IDX,01/07/2025,09:32:56,53593.13,0,0,0,0,0,0
AUTO.BSE_IDX,01/07/2025,09:33:04,53618.17,0,0,0,0,0,0
AUTO.BSE_IDX,01/07/2025,09:33:12,53624.7,0,0,0,0,0,0
AUTO.BSE_IDX,01/07/2025,09:33:20,53632.3,0,0,0,0,0,0
AUTO.BSE_IDX,01/07/2025,09:33:28,53633.79,0,0,0,0,0,0
AUTO.BSE_IDX,01/07/2025,09:33:36,53631.61,0,0,0,0,0,0
AUTO.BSE_IDX,01/07/2025,09:33:44,53633.25,0,0,0,0,0,0
AUTO.BSE_IDX,01/07/2025,09:33:52,53636.35,0,0,0,0,0,0
AUTO.BSE_IDX,01/07/2025,09:34:00,53634.96,0,0,0,0,0,0
AUTO.BSE_IDX,01/07/2025,09:34:08,53633.47,0,0,0,0,0,0
AUTO.BSE_IDX,01/07/2025,09:34:16,53631.74,0,0,0,0,0,0
AUTO.BSE_IDX,01/07/2025,09:34:24,53631.19,0,0,0,0,0,0
AUTO.BSE_IDX,01/07/2025,09:34:32,53621.96,0,0,0,0,0,0
AUTO.BSE_IDX,01/07/2025,09:34:40,53627.72,0,0,0,0,0,0
AUTO.BSE_IDX,01/07/2025,09:34:48,53630.34,0,0,0,0,0,0
AUTO.BSE_IDX,01/07/2025,09:34:56,53628.65,0,0,0,0,0,0
AUTO.BSE_IDX,01/07/2025,09:35:05,53627.24,0,0,0,0,0,0
AUTO.BSE_IDX,01/07/2025,09:35:12,53627.33,0,0,0,0,0,0
AUTO.BSE_IDX,01/07/2025,09:35:20,53635.09,0,0,0,0,0,0
AUTO.BSE_IDX,01/07/2025,09:35:28,53632.99,0,0,0,0,0,0
AUTO.BSE_IDX,01/07/2025,09:35:36,53633.46,0,0,0,0,0,0
AUTO.BSE_IDX,01/07/2025,09:35:44,53634.42,0,0,0,0,0,0
AUTO.BSE_IDX,01/07/2025,09:35:52,53639.44,0,0,0,0,0,0
AUTO.BSE_IDX,01/07/2025,09:36:00,53635.42,0,0,0,0,0,0
AUTO.BSE_IDX,01/07/2025,09:36:08,53630.1,0,0,0,0,0,0
AUTO.BSE_IDX,01/07/2025,09:36:16,53629.92,0,0,0,0,0,0
AUTO.BSE_IDX,01/07/2025,09:36:24,53626.89,0,0,0,0,0,0
AUTO.BSE_IDX,01/07/2025,09:36:33,53621.37,0,0,0,0,0,0
AUTO.BSE_IDX,01/07/2025,09:36:40,53630.46,0,0,0,0,0,0
AUTO.BSE_IDX,01/07/2025,09:36:48,53629.06,0,0,0,0,0,0
AUTO.BSE_IDX,01/07/2025,09:36:56,53634.51,0,0,0,0,0,0
AUTO.BSE_IDX,01/07/2025,09:37:04,53641.99,0,0,0,0,0,0
AUTO.BSE_IDX,01/07/2025,09:37:12,53644.7,0,0,0,0,0,0
AUTO.BSE_IDX,01/07/2025,09:37:20,53644.96,0,0,0,0,0,0
AUTO.BSE_IDX,01/07/2025,09:37:28,53644.3,0,0,0,0,0,0
AUTO.BSE_IDX,01/07/2025,09:37:36,53654.59,0,0,0,0,0,0
AUTO.BSE_IDX,01/07/2025,09:37:44,53649.06,0,0,0,0,0,0
AUTO.BSE_IDX,01/07/2025,09:37:52,53656.1,0,0,0,0,0,0
AUTO.BSE_IDX,01/07/2025,09:38:00,53655.02,0,0,0,0,0,0
AUTO.BSE_IDX,01/07/2025,09:38:08,53653.05,0,0,0,0,0,0
AUTO.BSE_IDX,01/07/2025,09:38:16,53634.66,0,0,0,0,0,0
AUTO.BSE_IDX,01/07/2025,09:38:24,53635.22,0,0,0,0,0,0
AUTO.BSE_IDX,01/07/2025,09:38:32,53636.7,0,0,0,0,0,0
AUTO.BSE_IDX,01/07/2025,09:38:40,53632.93,0,0,0,0,0,0
AUTO.BSE_IDX,01/07/2025,09:38:48,53635.65,0,0,0,0,0,0
AUTO.BSE_IDX,01/07/2025,09:38:56,53641.85,0,0,0,0,0,0
AUTO.BSE_IDX,01/07/2025,09:39:04,53632.7,0,0,0,0,0,0
AUTO.BSE_IDX,01/07/2025,09:39:12,53633.11,0,0,0,0,0,0
AUTO.BSE_IDX,01/07/2025,09:39:20,53635.59,0,0,0,0,0,0
AUTO.BSE_IDX,01/07/2025,09:39:28,53625.89,0,0,0,0,0,0
AUTO.BSE_IDX,01/07/2025,09:39:36,53630.96,0,0,0,0,0,0
AUTO.BSE_IDX,01/07/2025,09:39:44,53633.9,0,0,0,0,0,0
AUTO.BSE_IDX,01/07/2025,09:39:52,53638.63,0,0,0,0,0,0
AUTO.BSE_IDX,01/07/2025,09:40:00,53643.65,0,0,0,0,0,0
AUTO.BSE_IDX,01/07/2025,09:40:08,53644.08,0,0,0,0,0,0
AUTO.BSE_IDX,01/07/2025,09:40:16,53644.06,0,0,0,0,0,0
AUTO.BSE_IDX,01/07/2025,09:40:24,53639.6,0,0,0,0,0,0
AUTO.BSE_IDX,01/07/2025,09:40:32,53627.11,0,0,0,0,0,0
AUTO.BSE_IDX,01/07/2025,09:40:40,53632.72,0,0,0,0,0,0
AUTO.BSE_IDX,01/07/2025,09:40:48,53619.03,0,0,0,0,0,0
AUTO.BSE_IDX,01/07/2025,09:40:56,53624.8,0,0,0,0,0,0
AUTO.BSE_IDX,01/07/2025,09:41:04,53631.11,0,0,0,0,0,0
AUTO.BSE_IDX,01/07/2025,09:41:12,53628.92,0,0,0,0,0,0
AUTO.BSE_IDX,01/07/2025,09:41:20,53632.22,0,0,0,0,0,0
AUTO.BSE_IDX,01/07/2025,09:41:28,53630.11,0,0,0,0,0,0
AUTO.BSE_IDX,01/07/2025,09:41:36,53631.76,0,0,0,0,0,0
AUTO.BSE_IDX,01/07/2025,09:41:44,53637.49,0,0,0,0,0,0
AUTO.BSE_IDX,01/07/2025,09:41:52,53631.93,0,0,0,0,0,0
AUTO.BSE_IDX,01/07/2025,09:42:00,53636.93,0,0,0,0,0,0
AUTO.BSE_IDX,01/07/2025,09:42:08,53643.65,0,0,0,0,0,0
AUTO.BSE_IDX,01/07/2025,09:42:16,53649.68,0,0,0,0,0,0
AUTO.BSE_IDX,01/07/2025,09:42:24,53665.18,0,0,0,0,0,0
AUTO.BSE_IDX,01/07/2025,09:42:32,53669.87,0,0,0,0,0,0
AUTO.BSE_IDX,01/07/2025,09:42:40,53686.97,0,0,0,0,0,0
AUTO.BSE_IDX,01/07/2025,09:42:48,53671.47,0,0,0,0,0,0
AUTO.BSE_IDX,01/07/2025,09:42:56,53670.74,0,0,0,0,0,0
AUTO.BSE_IDX,01/07/2025,09:43:04,53669.78,0,0,0,0,0,0
AUTO.BSE_IDX,01/07/2025,09:43:12,53675.77,0,0,0,0,0,0
AUTO.BSE_IDX,01/07/2025,09:43:20,53681.44,0,0,0,0,0,0
AUTO.BSE_IDX,01/07/2025,09:43:28,53679.19,0,0,0,0,0,0
AUTO.BSE_IDX,01/07/2025,09:43:36,53673.62,0,0,0,0,0,0
AUTO.BSE_IDX,01/07/2025,09:43:44,53684.66,0,0,0,0,0,0
AUTO.BSE_IDX,01/07/2025,09:43:53,53687.05,0,0,0,0,0,0
AUTO.BSE_IDX,01/07/2025,09:44:00,53689.22,0,0,0,0,0,0
AUTO.BSE_IDX,01/07/2025,09:44:08,53686.41,0,0,0,0,0,0
AUTO.BSE_IDX,01/07/2025,09:44:16,53691.26,0,0,0,0,0,0
AUTO.BSE_IDX,01/07/2025,09:44:24,53687.13,0,0,0,0,0,0
AUTO.BSE_IDX,01/07/2025,09:44:32,53692,0,0,0,0,0,0
AUTO.BSE_IDX,01/07/2025,09:44:40,53687.53,0,0,0,0,0,0
AUTO.BSE_IDX,01/07/2025,09:44:48,53689.76,0,0,0,0,0,0
AUTO.BSE_IDX,01/07/2025,09:44:56,53670.65,0,0,0,0,0,0
AUTO.BSE_IDX,01/07/2025,09:45:05,53674.32,0,0,0,0,0,0
AUTO.BSE_IDX,01/07/2025,09:45:12,53670.48,0,0,0,0,0,0
AUTO.BSE_IDX,01/07/2025,09:45:20,53670.98,0,0,0,0,0,0
AUTO.BSE_IDX,01/07/2025,09:45:28,53663.66,0,0,0,0,0,0
AUTO.BSE_IDX,01/07/2025,09:45:36,53659.34,0,0,0,0,0,0
AUTO.BSE_IDX,01/07/2025,09:45:44,53653.01,0,0,0,0,0,0
AUTO.BSE_IDX,01/07/2025,09:45:52,53625.01,0,0,0,0,0,0
AUTO.BSE_IDX,01/07/2025,09:46:01,53626.31,0,0,0,0,0,0
AUTO.BSE_IDX,01/07/2025,09:46:08,53610.31,0,0,0,0,0,0
AUTO.BSE_IDX,01/07/2025,09:46:16,53600.01,0,0,0,0,0,0
AUTO.BSE_IDX,01/07/2025,09:46:24,53606.94,0,0,0,0,0,0
AUTO.BSE_IDX,01/07/2025,09:46:32,53603.6,0,0,0,0,0,0
AUTO.BSE_IDX,01/07/2025,09:46:40,53604.57,0,0,0,0,0,0
AUTO.BSE_IDX,01/07/2025,09:46:48,53591.37,0,0,0,0,0,0
AUTO.BSE_IDX,01/07/2025,09:46:56,53597.96,0,0,0,0,0,0
AUTO.BSE_IDX,01/07/2025,09:47:04,53595.16,0,0,0,0,0,0
AUTO.BSE_IDX,01/07/2025,09:47:12,53604.58,0,0,0,0,0,0
AUTO.BSE_IDX,01/07/2025,09:47:20,53604.57,0,0,0,0,0,0
AUTO.BSE_IDX,01/07/2025,09:47:28,53596.63,0,0,0,0,0,0
AUTO.BSE_IDX,01/07/2025,09:47:36,53595.09,0,0,0,0,0,0
AUTO.BSE_IDX,01/07/2025,09:47:44,53596.34,0,0,0,0,0,0
AUTO.BSE_IDX,01/07/2025,09:47:52,53610.18,0,0,0,0,0,0
AUTO.BSE_IDX,01/07/2025,09:48:00,53610.19,0,0,0,0,0,0
AUTO.BSE_IDX,01/07/2025,09:48:08,53613.77,0,0,0,0,0,0
AUTO.BSE_IDX,01/07/2025,09:48:16,53615.46,0,0,0,0,0,0
AUTO.BSE_IDX,01/07/2025,09:48:24,53623.61,0,0,0,0,0,0
AUTO.BSE_IDX,01/07/2025,09:48:32,53621.75,0,0,0,0,0,0
AUTO.BSE_IDX,01/07/2025,09:48:40,53629.35,0,0,0,0,0,0
AUTO.BSE_IDX,01/07/2025,09:48:48,53628.34,0,0,0,0,0,0
AUTO.BSE_IDX,01/07/2025,09:48:56,53624.4,0,0,0,0,0,0
AUTO.BSE_IDX,01/07/2025,09:49:04,53633.43,0,0,0,0,0,0
AUTO.BSE_IDX,01/07/2025,09:49:12,53626.14,0,0,0,0,0,0
AUTO.BSE_IDX,01/07/2025,09:49:20,53630.55,0,0,0,0,0,0
AUTO.BSE_IDX,01/07/2025,09:49:28,53629.77,0,0,0,0,0,0
AUTO.BSE_IDX,01/07/2025,09:49:36,53637.12,0,0,0,0,0,0
AUTO.BSE_IDX,01/07/2025,09:49:44,53638.33,0,0,0,0,0,0
AUTO.BSE_IDX,01/07/2025,09:49:52,53639.6,0,0,0,0,0,0
AUTO.BSE_IDX,01/07/2025,09:50:00,53639,0,0,0,0,0,0
AUTO.BSE_IDX,01/07/2025,09:50:08,53637.81,0,0,0,0,0,0
AUTO.BSE_IDX,01/07/2025,09:50:16,53637.44,0,0,0,0,0,0
AUTO.BSE_IDX,01/07/2025,09:50:24,53637.39,0,0,0,0,0,0
AUTO.BSE_IDX,01/07/2025,09:50:32,53636.07,0,0,0,0,0,0
AUTO.BSE_IDX,01/07/2025,09:50:40,53626.68,0,0,0,0,0,0
AUTO.BSE_IDX,01/07/2025,09:50:48,53623.88,0,0,0,0,0,0
AUTO.BSE_IDX,01/07/2025,09:50:57,53634.87,0,0,0,0,0,0
AUTO.BSE_IDX,01/07/2025,09:51:04,53620.15,0,0,0,0,0,0
AUTO.BSE_IDX,01/07/2025,09:51:12,53625.15,0,0,0,0,0,0
AUTO.BSE_IDX,01/07/2025,09:51:20,53634.75,0,0,0,0,0,0
AUTO.BSE_IDX,01/07/2025,09:51:28,53639.16,0,0,0,0,0,0
AUTO.BSE_IDX,01/07/2025,09:51:37,53631.33,0,0,0,0,0,0
AUTO.BSE_IDX,01/07/2025,09:51:44,53638.23,0,0,0,0,0,0
AUTO.BSE_IDX,01/07/2025,09:51:52,53639.1,0,0,0,0,0,0
AUTO.BSE_IDX,01/07/2025,09:52:01,53641.39,0,0,0,0,0,0
AUTO.BSE_IDX,01/07/2025,09:52:08,53631.71,0,0,0,0,0,0
AUTO.BSE_IDX,01/07/2025,09:52:17,53628.93,0,0,0,0,0,0
AUTO.BSE_IDX,01/07/2025,09:52:24,53627.09,0,0,0,0,0,0
AUTO.BSE_IDX,01/07/2025,09:52:32,53633.37,0,0,0,0,0,0
AUTO.BSE_IDX,01/07/2025,09:52:40,53628.38,0,0,0,0,0,0
AUTO.BSE_IDX,01/07/2025,09:52:48,53636.89,0,0,0,0,0,0
AUTO.BSE_IDX,01/07/2025,09:52:57,53637.72,0,0,0,0,0,0
AUTO.BSE_IDX,01/07/2025,09:53:04,53631.97,0,0,0,0,0,0
AUTO.BSE_IDX,01/07/2025,09:53:13,53631.75,0,0,0,0,0,0
AUTO.BSE_IDX,01/07/2025,09:53:20,53638.06,0,0,0,0,0,0
AUTO.BSE_IDX,01/07/2025,09:53:28,53640.12,0,0,0,0,0,0
AUTO.BSE_IDX,01/07/2025,09:53:36,53644.8,0,0,0,0,0,0
AUTO.BSE_IDX,01/07/2025,09:53:44,53643.03,0,0,0,0,0,0
AUTO.BSE_IDX,01/07/2025,09:53:52,53643.69,0,0,0,0,0,0
AUTO.BSE_IDX,01/07/2025,09:54:00,53638.29,0,0,0,0,0,0
AUTO.BSE_IDX,01/07/2025,09:54:08,53631,0,0,0,0,0,0
AUTO.BSE_IDX,01/07/2025,09:54:16,53639.5,0,0,0,0,0,0
AUTO.BSE_IDX,01/07/2025,09:54:24,53631.07,0,0,0,0,0,0
AUTO.BSE_IDX,01/07/2025,09:54:32,53627.02,0,0,0,0,0,0
AUTO.BSE_IDX,01/07/2025,09:54:40,53628.16,0,0,0,0,0,0
AUTO.BSE_IDX,01/07/2025,09:54:48,53635.33,0,0,0,0,0,0
AUTO.BSE_IDX,01/07/2025,09:54:56,53646.05,0,0,0,0,0,0
AUTO.BSE_IDX,01/07/2025,09:55:04,53645.13,0,0,0,0,0,0
AUTO.BSE_IDX,01/07/2025,09:55:12,53654.21,0,0,0,0,0,0
AUTO.BSE_IDX,01/07/2025,09:55:20,53644.35,0,0,0,0,0,0
AUTO.BSE_IDX,01/07/2025,09:55:28,53651.61,0,0,0,0,0,0
AUTO.BSE_IDX,01/07/2025,09:55:36,53646.31,0,0,0,0,0,0
AUTO.BSE_IDX,01/07/2025,09:55:44,53658.2,0,0,0,0,0,0
AUTO.BSE_IDX,01/07/2025,09:55:52,53659.64,0,0,0,0,0,0
AUTO.BSE_IDX,01/07/2025,09:56:00,53660.07,0,0,0,0,0,0
AUTO.BSE_IDX,01/07/2025,09:56:08,53664.75,0,0,0,0,0,0
AUTO.BSE_IDX,01/07/2025,09:56:16,53664.91,0,0,0,0,0,0
AUTO.BSE_IDX,01/07/2025,09:56:25,53660.35,0,0,0,0,0,0
AUTO.BSE_IDX,01/07/2025,09:56:32,53663.23,0,0,0,0,0,0
AUTO.BSE_IDX,01/07/2025,09:56:41,53658.8,0,0,0,0,0,0
AUTO.BSE_IDX,01/07/2025,09:56:48,53663.47,0,0,0,0,0,0
AUTO.BSE_IDX,01/07/2025,09:56:57,53666.99,0,0,0,0,0,0
AUTO.BSE_IDX,01/07/2025,09:57:04,53667.37,0,0,0,0,0,0
AUTO.BSE_IDX,01/07/2025,09:57:12,53680.51,0,0,0,0,0,0
AUTO.BSE_IDX,01/07/2025,09:57:20,53682.58,0,0,0,0,0,0
AUTO.BSE_IDX,01/07/2025,09:57:28,53682.09,0,0,0,0,0,0
AUTO.BSE_IDX,01/07/2025,09:57:36,53686.6,0,0,0,0,0,0
AUTO.BSE_IDX,01/07/2025,09:57:44,53697.26,0,0,0,0,0,0
AUTO.BSE_IDX,01/07/2025,09:57:52,53697.67,0,0,0,0,0,0
AUTO.BSE_IDX,01/07/2025,09:58:00,53702.86,0,0,0,0,0,0
AUTO.BSE_IDX,01/07/2025,09:58:08,53703.06,0,0,0,0,0,0
AUTO.BSE_IDX,01/07/2025,09:58:16,53706.88,0,0,0,0,0,0
AUTO.BSE_IDX,01/07/2025,09:58:24,53707.16,0,0,0,0,0,0
AUTO.BSE_IDX,01/07/2025,09:58:32,53707.51,0,0,0,0,0,0
AUTO.BSE_IDX,01/07/2025,09:58:40,53710.95,0,0,0,0,0,0
AUTO.BSE_IDX,01/07/2025,09:58:48,53707.15,0,0,0,0,0,0
AUTO.BSE_IDX,01/07/2025,09:58:56,53694.06,0,0,0,0,0,0
AUTO.BSE_IDX,01/07/2025,09:59:05,53708.64,0,0,0,0,0,0
AUTO.BSE_IDX,01/07/2025,09:59:12,53708.4,0,0,0,0,0,0
AUTO.BSE_IDX,01/07/2025,09:59:20,53713.17,0,0,0,0,0,0
AUTO.BSE_IDX,01/07/2025,09:59:28,53707.33,0,0,0,0,0,0
AUTO.BSE_IDX,01/07/2025,09:59:36,53712.72,0,0,0,0,0,0
AUTO.BSE_IDX,01/07/2025,09:59:45,53714.36,0,0,0,0,0,0
AUTO.BSE_IDX,01/07/2025,09:59:52,53710.91,0,0,0,0,0,0
AUTO.BSE_IDX,01/07/2025,10:00:00,53710.81,0,0,0,0,0,0
AUTO.BSE_IDX,01/07/2025,10:00:08,53725.82,0,0,0,0,0,0
AUTO.BSE_IDX,01/07/2025,10:00:16,53738.53,0,0,0,0,0,0
AUTO.BSE_IDX,01/07/2025,10:00:24,53739.1,0,0,0,0,0,0
AUTO.BSE_IDX,01/07/2025,10:00:32,53726.38,0,0,0,0,0,0
AUTO.BSE_IDX,01/07/2025,10:00:40,53731.49,0,0,0,0,0,0
AUTO.BSE_IDX,01/07/2025,10:00:48,53723.7,0,0,0,0,0,0
AUTO.BSE_IDX,01/07/2025,10:00:56,53724.08,0,0,0,0,0,0
AUTO.BSE_IDX,01/07/2025,10:01:04,53716.35,0,0,0,0,0,0
AUTO.BSE_IDX,01/07/2025,10:01:12,53707.74,0,0,0,0,0,0
AUTO.BSE_IDX,01/07/2025,10:01:21,53704.01,0,0,0,0,0,0
AUTO.BSE_IDX,01/07/2025,10:01:28,53696.22,0,0,0,0,0,0
AUTO.BSE_IDX,01/07/2025,10:01:36,53699.75,0,0,0,0,0,0
AUTO.BSE_IDX,01/07/2025,10:01:44,53711.87,0,0,0,0,0,0
AUTO.BSE_IDX,01/07/2025,10:01:52,53707.59,0,0,0,0,0,0
AUTO.BSE_IDX,01/07/2025,10:02:00,53706.8,0,0,0,0,0,0
AUTO.BSE_IDX,01/07/2025,10:02:08,53713.88,0,0,0,0,0,0
AUTO.BSE_IDX,01/07/2025,10:02:16,53712.73,0,0,0,0,0,0
AUTO.BSE_IDX,01/07/2025,10:02:24,53711.93,0,0,0,0,0,0
AUTO.BSE_IDX,01/07/2025,10:02:32,53712.17,0,0,0,0,0,0
AUTO.BSE_IDX,01/07/2025,10:02:41,53700.3,0,0,0,0,0,0
AUTO.BSE_IDX,01/07/2025,10:02:49,53706.77,0,0,0,0,0,0
AUTO.BSE_IDX,01/07/2025,10:02:56,53695.08,0,0,0,0,0,0
AUTO.BSE_IDX,01/07/2025,10:03:04,53694.58,0,0,0,0,0,0
AUTO.BSE_IDX,01/07/2025,10:03:13,53687.25,0,0,0,0,0,0
AUTO.BSE_IDX,01/07/2025,10:03:20,53684.48,0,0,0,0,0,0
AUTO.BSE_IDX,01/07/2025,10:03:29,53687.73,0,0,0,0,0,0
AUTO.BSE_IDX,01/07/2025,10:03:37,53687.65,0,0,0,0,0,0
AUTO.BSE_IDX,01/07/2025,10:03:45,53687.09,0,0,0,0,0,0
AUTO.BSE_IDX,01/07/2025,10:03:53,53685.92,0,0,0,0,0,0
AUTO.BSE_IDX,01/07/2025,10:04:01,53682.08,0,0,0,0,0,0
AUTO.BSE_IDX,01/07/2025,10:04:09,53677.62,0,0,0,0,0,0
AUTO.BSE_IDX,01/07/2025,10:04:17,53674.43,0,0,0,0,0,0
AUTO.BSE_IDX,01/07/2025,10:04:25,53670.09,0,0,0,0,0,0
AUTO.BSE_IDX,01/07/2025,10:04:33,53675.81,0,0,0,0,0,0
AUTO.BSE_IDX,01/07/2025,10:04:41,53672.61,0,0,0,0,0,0
AUTO.BSE_IDX,01/07/2025,10:04:50,53678.73,0,0,0,0,0,0
AUTO.BSE_IDX,01/07/2025,10:04:57,53681.07,0,0,0,0,0,0
AUTO.BSE_IDX,01/07/2025,10:05:05,53676.53,0,0,0,0,0,0
AUTO.BSE_IDX,01/07/2025,10:05:14,53686.1,0,0,0,0,0,0
AUTO.BSE_IDX,01/07/2025,10:05:21,53690.08,0,0,0,0,0,0
AUTO.BSE_IDX,01/07/2025,10:05:29,53685.7,0,0,0,0,0,0
AUTO.BSE_IDX,01/07/2025,10:05:37,53690.26,0,0,0,0,0,0
AUTO.BSE_IDX,01/07/2025,10:05:45,53695.98,0,0,0,0,0,0
AUTO.BSE_IDX,01/07/2025,10:05:53,53700.5,0,0,0,0,0,0
AUTO.BSE_IDX,01/07/2025,10:06:01,53692.65,0,0,0,0,0,0
AUTO.BSE_IDX,01/07/2025,10:06:09,53696.54,0,0,0,0,0,0
AUTO.BSE_IDX,01/07/2025,10:06:17,53703.68,0,0,0,0,0,0
AUTO.BSE_IDX,01/07/2025,10:06:25,53703.92,0,0,0,0,0,0
AUTO.BSE_IDX,01/07/2025,10:06:33,53705.14,0,0,0,0,0,0
AUTO.BSE_IDX,01/07/2025,10:06:41,53704.92,0,0,0,0,0,0
AUTO.BSE_IDX,01/07/2025,10:06:49,53711.27,0,0,0,0,0,0
AUTO.BSE_IDX,01/07/2025,10:06:57,53711.11,0,0,0,0,0,0
AUTO.BSE_IDX,01/07/2025,10:07:05,53713.81,0,0,0,0,0,0
AUTO.BSE_IDX,01/07/2025,10:07:13,53711.23,0,0,0,0,0,0
AUTO.BSE_IDX,01/07/2025,10:07:21,53712.88,0,0,0,0,0,0
AUTO.BSE_IDX,01/07/2025,10:07:29,53708.6,0,0,0,0,0,0
AUTO.BSE_IDX,01/07/2025,10:07:37,53712.87,0,0,0,0,0,0
AUTO.BSE_IDX,01/07/2025,10:07:45,53711.22,0,0,0,0,0,0
AUTO.BSE_IDX,01/07/2025,10:07:53,53708.02,0,0,0,0,0,0
AUTO.BSE_IDX,01/07/2025,10:08:01,53706.16,0,0,0,0,0,0
AUTO.BSE_IDX,01/07/2025,10:08:09,53715.77,0,0,0,0,0,0
AUTO.BSE_IDX,01/07/2025,10:08:17,53716.88,0,0,0,0,0,0
AUTO.BSE_IDX,01/07/2025,10:08:25,53724.68,0,0,0,0,0,0
AUTO.BSE_IDX,01/07/2025,10:08:33,53721.79,0,0,0,0,0,0
AUTO.BSE_IDX,01/07/2025,10:08:41,53718.84,0,0,0,0,0,0
AUTO.BSE_IDX,01/07/2025,10:08:49,53719.34,0,0,0,0,0,0
AUTO.BSE_IDX,01/07/2025,10:08:57,53718.11,0,0,0,0,0,0
AUTO.BSE_IDX,01/07/2025,10:09:05,53714.42,0,0,0,0,0,0
AUTO.BSE_IDX,01/07/2025,10:09:13,53716.08,0,0,0,0,0,0
AUTO.BSE_IDX,01/07/2025,10:09:21,53703.11,0,0,0,0,0,0
AUTO.BSE_IDX,01/07/2025,10:09:29,53701.54,0,0,0,0,0,0
AUTO.BSE_IDX,01/07/2025,10:09:37,53701.45,0,0,0,0,0,0
AUTO.BSE_IDX,01/07/2025,10:09:45,53701.71,0,0,0,0,0,0
AUTO.BSE_IDX,01/07/2025,10:09:53,53699.43,0,0,0,0,0,0
AUTO.BSE_IDX,01/07/2025,10:10:01,53693.99,0,0,0,0,0,0
AUTO.BSE_IDX,01/07/2025,10:10:09,53690.08,0,0,0,0,0,0
AUTO.BSE_IDX,01/07/2025,10:10:17,53687.21,0,0,0,0,0,0
AUTO.BSE_IDX,01/07/2025,10:10:25,53679.67,0,0,0,0,0,0
AUTO.BSE_IDX,01/07/2025,10:10:33,53679.61,0,0,0,0,0,0
AUTO.BSE_IDX,01/07/2025,10:10:41,53673.24,0,0,0,0,0,0
AUTO.BSE_IDX,01/07/2025,10:10:49,53671.96,0,0,0,0,0,0
AUTO.BSE_IDX,01/07/2025,10:10:57,53671.92,0,0,0,0,0,0
AUTO.BSE_IDX,01/07/2025,10:11:05,53671.94,0,0,0,0,0,0
AUTO.BSE_IDX,01/07/2025,10:11:13,53668.84,0,0,0,0,0,0
AUTO.BSE_IDX,01/07/2025,10:11:22,53650.33,0,0,0,0,0,0
AUTO.BSE_IDX,01/07/2025,10:11:29,53654.72,0,0,0,0,0,0
AUTO.BSE_IDX,01/07/2025,10:11:37,53646.7,0,0,0,0,0,0
AUTO.BSE_IDX,01/07/2025,10:11:45,53640.61,0,0,0,0,0,0
AUTO.BSE_IDX,01/07/2025,10:11:53,53644.31,0,0,0,0,0,0
AUTO.BSE_IDX,01/07/2025,10:12:01,53648.19,0,0,0,0,0,0
AUTO.BSE_IDX,01/07/2025,10:12:09,53643.73,0,0,0,0,0,0
AUTO.BSE_IDX,01/07/2025,10:12:17,53630,0,0,0,0,0,0
AUTO.BSE_IDX,01/07/2025,10:12:25,53626.53,0,0,0,0,0,0
AUTO.BSE_IDX,01/07/2025,10:12:33,53632.82,0,0,0,0,0,0
AUTO.BSE_IDX,01/07/2025,10:12:41,53631.81,0,0,0,0,0,0
AUTO.BSE_IDX,01/07/2025,10:12:49,53624.72,0,0,0,0,0,0
AUTO.BSE_IDX,01/07/2025,10:12:57,53616.98,0,0,0,0,0,0
AUTO.BSE_IDX,01/07/2025,10:13:05,53617.37,0,0,0,0,0,0
AUTO.BSE_IDX,01/07/2025,10:13:13,53625.84,0,0,0,0,0,0
AUTO.BSE_IDX,01/07/2025,10:13:21,53628.08,0,0,0,0,0,0
AUTO.BSE_IDX,01/07/2025,10:13:29,53626.58,0,0,0,0,0,0
AUTO.BSE_IDX,01/07/2025,10:13:37,53625.94,0,0,0,0,0,0
AUTO.BSE_IDX,01/07/2025,10:13:45,53616.01,0,0,0,0,0,0
AUTO.BSE_IDX,01/07/2025,10:13:53,53617.11,0,0,0,0,0,0
AUTO.BSE_IDX,01/07/2025,10:14:01,53611.67,0,0,0,0,0,0
AUTO.BSE_IDX,01/07/2025,10:14:09,53608.16,0,0,0,0,0,0
AUTO.BSE_IDX,01/07/2025,10:14:17,53603.56,0,0,0,0,0,0
AUTO.BSE_IDX,01/07/2025,10:14:25,53606.95,0,0,0,0,0,0
AUTO.BSE_IDX,01/07/2025,10:14:33,53602.12,0,0,0,0,0,0
AUTO.BSE_IDX,01/07/2025,10:14:41,53601.42,0,0,0,0,0,0
AUTO.BSE_IDX,01/07/2025,10:14:49,53596.77,0,0,0,0,0,0
AUTO.BSE_IDX,01/07/2025,10:14:57,53595.52,0,0,0,0,0,0
AUTO.BSE_IDX,01/07/2025,10:15:05,53590.34,0,0,0,0,0,0
AUTO.BSE_IDX,01/07/2025,10:15:13,53581.67,0,0,0,0,0,0
AUTO.BSE_IDX,01/07/2025,10:15:21,53585.21,0,0,0,0,0,0
AUTO.BSE_IDX,01/07/2025,10:15:29,53585.13,0,0,0,0,0,0
AUTO.BSE_IDX,01/07/2025,10:15:37,53583.17,0,0,0,0,0,0
AUTO.BSE_IDX,01/07/2025,10:15:45,53574.21,0,0,0,0,0,0
AUTO.BSE_IDX,01/07/2025,10:15:53,53575.86,0,0,0,0,0,0
AUTO.BSE_IDX,01/07/2025,10:16:01,53574.57,0,0,0,0,0,0
AUTO.BSE_IDX,01/07/2025,10:16:09,53576.56,0,0,0,0,0,0
AUTO.BSE_IDX,01/07/2025,10:16:17,53572.89,0,0,0,0,0,0
AUTO.BSE_IDX,01/07/2025,10:16:25,53574.68,0,0,0,0,0,0
AUTO.BSE_IDX,01/07/2025,10:16:33,53576.2,0,0,0,0,0,0
AUTO.BSE_IDX,01/07/2025,10:16:41,53582.53,0,0,0,0,0,0
AUTO.BSE_IDX,01/07/2025,10:16:49,53580.04,0,0,0,0,0,0
AUTO.BSE_IDX,01/07/2025,10:16:57,53583.92,0,0,0,0,0,0
AUTO.BSE_IDX,01/07/2025,10:17:05,53586.81,0,0,0,0,0,0
AUTO.BSE_IDX,01/07/2025,10:17:13,53586.02,0,0,0,0,0,0
AUTO.BSE_IDX,01/07/2025,10:17:21,53589.96,0,0,0,0,0,0
AUTO.BSE_IDX,01/07/2025,10:17:29,53595.46,0,0,0,0,0,0
AUTO.BSE_IDX,01/07/2025,10:17:37,53582.69,0,0,0,0,0,0
AUTO.BSE_IDX,01/07/2025,10:17:45,53585.77,0,0,0,0,0,0
AUTO.BSE_IDX,01/07/2025,10:17:53,53594.77,0,0,0,0,0,0
AUTO.BSE_IDX,01/07/2025,10:18:01,53591.65,0,0,0,0,0,0
AUTO.BSE_IDX,01/07/2025,10:18:09,53603.02,0,0,0,0,0,0
AUTO.BSE_IDX,01/07/2025,10:18:17,53608.48,0,0,0,0,0,0
AUTO.BSE_IDX,01/07/2025,10:18:25,53607.71,0,0,0,0,0,0
AUTO.BSE_IDX,01/07/2025,10:18:33,53608.45,0,0,0,0,0,0
AUTO.BSE_IDX,01/07/2025,10:18:41,53599.9,0,0,0,0,0,0
AUTO.BSE_IDX,01/07/2025,10:18:49,53599.82,0,0,0,0,0,0
AUTO.BSE_IDX,01/07/2025,10:18:57,53596.73,0,0,0,0,0,0
AUTO.BSE_IDX,01/07/2025,10:19:05,53575.24,0,0,0,0,0,0
AUTO.BSE_IDX,01/07/2025,10:19:13,53577.94,0,0,0,0,0,0
AUTO.BSE_IDX,01/07/2025,10:19:21,53579,0,0,0,0,0,0
AUTO.BSE_IDX,01/07/2025,10:19:29,53581.02,0,0,0,0,0,0
AUTO.BSE_IDX,01/07/2025,10:19:37,53571.34,0,0,0,0,0,0
AUTO.BSE_IDX,01/07/2025,10:19:45,53561.59,0,0,0,0,0,0
AUTO.BSE_IDX,01/07/2025,10:19:53,53553.71,0,0,0,0,0,0
AUTO.BSE_IDX,01/07/2025,10:20:01,53555.29,0,0,0,0,0,0
AUTO.BSE_IDX,01/07/2025,10:20:09,53547.67,0,0,0,0,0,0
AUTO.BSE_IDX,01/07/2025,10:20:17,53550.1,0,0,0,0,0,0
AUTO.BSE_IDX,01/07/2025,10:20:25,53546.2,0,0,0,0,0,0
AUTO.BSE_IDX,01/07/2025,10:20:33,53543.26,0,0,0,0,0,0
AUTO.BSE_IDX,01/07/2025,10:20:41,53543.38,0,0,0,0,0,0
AUTO.BSE_IDX,01/07/2025,10:20:49,53550.85,0,0,0,0,0,0
AUTO.BSE_IDX,01/07/2025,10:20:57,53544.71,0,0,0,0,0,0
AUTO.BSE_IDX,01/07/2025,10:21:05,53539.15,0,0,0,0,0,0
AUTO.BSE_IDX,01/07/2025,10:21:13,53508.28,0,0,0,0,0,0
AUTO.BSE_IDX,01/07/2025,10:21:21,53497.97,0,0,0,0,0,0
AUTO.BSE_IDX,01/07/2025,10:21:29,53495.63,0,0,0,0,0,0
AUTO.BSE_IDX,01/07/2025,10:21:37,53496.9,0,0,0,0,0,0
AUTO.BSE_IDX,01/07/2025,10:21:45,53490.1,0,0,0,0,0,0
AUTO.BSE_IDX,01/07/2025,10:21:53,53476.16,0,0,0,0,0,0
AUTO.BSE_IDX,01/07/2025,10:22:01,53477.71,0,0,0,0,0,0
AUTO.BSE_IDX,01/07/2025,10:22:09,53464.23,0,0,0,0,0,0
AUTO.BSE_IDX,01/07/2025,10:22:17,53458.17,0,0,0,0,0,0
AUTO.BSE_IDX,01/07/2025,10:22:25,53458.4,0,0,0,0,0,0
AUTO.BSE_IDX,01/07/2025,10:22:33,53470.68,0,0,0,0,0,0
AUTO.BSE_IDX,01/07/2025,10:22:41,53473.42,0,0,0,0,0,0
AUTO.BSE_IDX,01/07/2025,10:22:49,53476.07,0,0,0,0,0,0
AUTO.BSE_IDX,01/07/2025,10:22:57,53475.59,0,0,0,0,0,0
AUTO.BSE_IDX,01/07/2025,10:23:05,53478.89,0,0,0,0,0,0
AUTO.BSE_IDX,01/07/2025,10:23:13,53486.42,0,0,0,0,0,0
AUTO.BSE_IDX,01/07/2025,10:23:21,53485.74,0,0,0,0,0,0
AUTO.BSE_IDX,01/07/2025,10:23:29,53488.18,0,0,0,0,0,0
AUTO.BSE_IDX,01/07/2025,10:23:37,53489.02,0,0,0,0,0,0
AUTO.BSE_IDX,01/07/2025,10:23:45,53490.05,0,0,0,0,0,0
AUTO.BSE_IDX,01/07/2025,10:23:53,53485.07,0,0,0,0,0,0
AUTO.BSE_IDX,01/07/2025,10:24:01,53488.99,0,0,0,0,0,0
AUTO.BSE_IDX,01/07/2025,10:24:09,53489.87,0,0,0,0,0,0
AUTO.BSE_IDX,01/07/2025,10:24:17,53490.55,0,0,0,0,0,0
AUTO.BSE_IDX,01/07/2025,10:24:25,53491.67,0,0,0,0,0,0
AUTO.BSE_IDX,01/07/2025,10:24:33,53482.5,0,0,0,0,0,0
AUTO.BSE_IDX,01/07/2025,10:24:41,53473.76,0,0,0,0,0,0
AUTO.BSE_IDX,01/07/2025,10:24:49,53479.3,0,0,0,0,0,0
AUTO.BSE_IDX,01/07/2025,10:24:57,53484.06,0,0,0,0,0,0
AUTO.BSE_IDX,01/07/2025,10:25:05,53482.52,0,0,0,0,0,0
AUTO.BSE_IDX,01/07/2025,10:25:13,53473.81,0,0,0,0,0,0
AUTO.BSE_IDX,01/07/2025,10:25:21,53472.3,0,0,0,0,0,0
AUTO.BSE_IDX,01/07/2025,10:25:29,53468.43,0,0,0,0,0,0
AUTO.BSE_IDX,01/07/2025,10:25:37,53462.82,0,0,0,0,0,0
AUTO.BSE_IDX,01/07/2025,10:25:45,53451.23,0,0,0,0,0,0
AUTO.BSE_IDX,01/07/2025,10:25:53,53448.51,0,0,0,0,0,0
AUTO.BSE_IDX,01/07/2025,10:26:01,53445.8,0,0,0,0,0,0
AUTO.BSE_IDX,01/07/2025,10:26:09,53441.98,0,0,0,0,0,0
AUTO.BSE_IDX,01/07/2025,10:26:17,53440.21,0,0,0,0,0,0
AUTO.BSE_IDX,01/07/2025,10:26:25,53444.33,0,0,0,0,0,0
AUTO.BSE_IDX,01/07/2025,10:26:33,53444.67,0,0,0,0,0,0
AUTO.BSE_IDX,01/07/2025,10:26:41,53446.26,0,0,0,0,0,0
AUTO.BSE_IDX,01/07/2025,10:26:49,53437.68,0,0,0,0,0,0
AUTO.BSE_IDX,01/07/2025,10:26:57,53435.47,0,0,0,0,0,0
AUTO.BSE_IDX,01/07/2025,10:27:05,53441.77,0,0,0,0,0,0
AUTO.BSE_IDX,01/07/2025,10:27:13,53441.68,0,0,0,0,0,0
AUTO.BSE_IDX,01/07/2025,10:27:21,53443.84,0,0,0,0,0,0
AUTO.BSE_IDX,01/07/2025,10:27:29,53442.89,0,0,0,0,0,0
AUTO.BSE_IDX,01/07/2025,10:27:37,53442.03,0,0,0,0,0,0
AUTO.BSE_IDX,01/07/2025,10:27:45,53435.26,0,0,0,0,0,0
AUTO.BSE_IDX,01/07/2025,10:27:53,53442.3,0,0,0,0,0,0
AUTO.BSE_IDX,01/07/2025,10:28:01,53443.33,0,0,0,0,0,0
AUTO.BSE_IDX,01/07/2025,10:28:09,53447.72,0,0,0,0,0,0
AUTO.BSE_IDX,01/07/2025,10:28:17,53436.65,0,0,0,0,0,0
AUTO.BSE_IDX,01/07/2025,10:28:25,53423.15,0,0,0,0,0,0
AUTO.BSE_IDX,01/07/2025,10:28:33,53427.32,0,0,0,0,0,0
AUTO.BSE_IDX,01/07/2025,10:28:41,53427.31,0,0,0,0,0,0
AUTO.BSE_IDX,01/07/2025,10:28:49,53423.56,0,0,0,0,0,0
AUTO.BSE_IDX,01/07/2025,10:28:57,53431.66,0,0,0,0,0,0
AUTO.BSE_IDX,01/07/2025,10:29:05,53437.32,0,0,0,0,0,0
AUTO.BSE_IDX,01/07/2025,10:29:13,53445.96,0,0,0,0,0,0
AUTO.BSE_IDX,01/07/2025,10:29:21,53446.72,0,0,0,0,0,0
AUTO.BSE_IDX,01/07/2025,10:29:29,53447.89,0,0,0,0,0,0
AUTO.BSE_IDX,01/07/2025,10:29:37,53434.06,0,0,0,0,0,0
AUTO.BSE_IDX,01/07/2025,10:29:46,53432.64,0,0,0,0,0,0
AUTO.BSE_IDX,01/07/2025,10:29:54,53430.42,0,0,0,0,0,0
AUTO.BSE_IDX,01/07/2025,10:30:01,53442.04,0,0,0,0,0,0
AUTO.BSE_IDX,01/07/2025,10:30:09,53436.3,0,0,0,0,0,0
AUTO.BSE_IDX,01/07/2025,10:30:17,53436.11,0,0,0,0,0,0
AUTO.BSE_IDX,01/07/2025,10:30:25,53441.34,0,0,0,0,0,0
AUTO.BSE_IDX,01/07/2025,10:30:33,53456.7,0,0,0,0,0,0
AUTO.BSE_IDX,01/07/2025,10:30:41,53447.71,0,0,0,0,0,0
AUTO.BSE_IDX,01/07/2025,10:30:49,53447.31,0,0,0,0,0,0
AUTO.BSE_IDX,01/07/2025,10:30:57,53443.81,0,0,0,0,0,0
AUTO.BSE_IDX,01/07/2025,10:31:05,53446.87,0,0,0,0,0,0
AUTO.BSE_IDX,01/07/2025,10:31:13,53460.76,0,0,0,0,0,0
AUTO.BSE_IDX,01/07/2025,10:31:21,53460.43,0,0,0,0,0,0
AUTO.BSE_IDX,01/07/2025,10:31:29,53452.11,0,0,0,0,0,0
AUTO.BSE_IDX,01/07/2025,10:31:37,53452.56,0,0,0,0,0,0
AUTO.BSE_IDX,01/07/2025,10:31:45,53441.82,0,0,0,0,0,0
AUTO.BSE_IDX,01/07/2025,10:31:53,53440.9,0,0,0,0,0,0
AUTO.BSE_IDX,01/07/2025,10:32:01,53438.25,0,0,0,0,0,0
AUTO.BSE_IDX,01/07/2025,10:32:09,53447.32,0,0,0,0,0,0
AUTO.BSE_IDX,01/07/2025,10:32:17,53437.81,0,0,0,0,0,0
AUTO.BSE_IDX,01/07/2025,10:32:25,53440.59,0,0,0,0,0,0
AUTO.BSE_IDX,01/07/2025,10:32:33,53438.89,0,0,0,0,0,0
AUTO.BSE_IDX,01/07/2025,10:32:41,53440.52,0,0,0,0,0,0
AUTO.BSE_IDX,01/07/2025,10:32:49,53442.17,0,0,0,0,0,0
AUTO.BSE_IDX,01/07/2025,10:32:57,53445.5,0,0,0,0,0,0
AUTO.BSE_IDX,01/07/2025,10:33:05,53450.83,0,0,0,0,0,0
AUTO.BSE_IDX,01/07/2025,10:33:13,53457.06,0,0,0,0,0,0
AUTO.BSE_IDX,01/07/2025,10:33:21,53457.9,0,0,0,0,0,0
AUTO.BSE_IDX,01/07/2025,10:33:29,53456.94,0,0,0,0,0,0
AUTO.BSE_IDX,01/07/2025,10:33:37,53453.68,0,0,0,0,0,0
AUTO.BSE_IDX,01/07/2025,10:33:45,53469.84,0,0,0,0,0,0
AUTO.BSE_IDX,01/07/2025,10:33:53,53464.37,0,0,0,0,0,0
AUTO.BSE_IDX,01/07/2025,10:34:01,53469.29,0,0,0,0,0,0
AUTO.BSE_IDX,01/07/2025,10:34:09,53467.31,0,0,0,0,0,0
AUTO.BSE_IDX,01/07/2025,10:34:17,53477.14,0,0,0,0,0,0
AUTO.BSE_IDX,01/07/2025,10:34:25,53479.44,0,0,0,0,0,0
AUTO.BSE_IDX,01/07/2025,10:34:33,53483.76,0,0,0,0,0,0
AUTO.BSE_IDX,01/07/2025,10:34:41,53480.23,0,0,0,0,0,0
AUTO.BSE_IDX,01/07/2025,10:34:49,53486.06,0,0,0,0,0,0
AUTO.BSE_IDX,01/07/2025,10:34:58,53475.21,0,0,0,0,0,0
AUTO.BSE_IDX,01/07/2025,10:35:06,53479.05,0,0,0,0,0,0
AUTO.BSE_IDX,01/07/2025,10:35:14,53478.87,0,0,0,0,0,0
AUTO.BSE_IDX,01/07/2025,10:35:21,53477.99,0,0,0,0,0,0
AUTO.BSE_IDX,01/07/2025,10:35:29,53467.05,0,0,0,0,0,0
AUTO.BSE_IDX,01/07/2025,10:35:37,53465.53,0,0,0,0,0,0
AUTO.BSE_IDX,01/07/2025,10:35:45,53462.75,0,0,0,0,0,0
AUTO.BSE_IDX,01/07/2025,10:35:54,53458.34,0,0,0,0,0,0
AUTO.BSE_IDX,01/07/2025,10:36:02,53460.34,0,0,0,0,0,0
AUTO.BSE_IDX,01/07/2025,10:36:10,53458.58,0,0,0,0,0,0
AUTO.BSE_IDX,01/07/2025,10:36:17,53461.37,0,0,0,0,0,0
AUTO.BSE_IDX,01/07/2025,10:36:25,53455.27,0,0,0,0,0,0
AUTO.BSE_IDX,01/07/2025,10:36:34,53457.9,0,0,0,0,0,0
AUTO.BSE_IDX,01/07/2025,10:36:42,53460.53,0,0,0,0,0,0
AUTO.BSE_IDX,01/07/2025,10:36:49,53453.08,0,0,0,0,0,0
AUTO.BSE_IDX,01/07/2025,10:36:58,53451.3,0,0,0,0,0,0
AUTO.BSE_IDX,01/07/2025,10:37:05,53451.39,0,0,0,0,0,0
AUTO.BSE_IDX,01/07/2025,10:37:14,53455.79,0,0,0,0,0,0
AUTO.BSE_IDX,01/07/2025,10:37:21,53461.19,0,0,0,0,0,0
AUTO.BSE_IDX,01/07/2025,10:37:30,53455.3,0,0,0,0,0,0
AUTO.BSE_IDX,01/07/2025,10:37:38,53450.95,0,0,0,0,0,0
AUTO.BSE_IDX,01/07/2025,10:37:46,53446.62,0,0,0,0,0,0
AUTO.BSE_IDX,01/07/2025,10:37:54,53442.64,0,0,0,0,0,0
AUTO.BSE_IDX,01/07/2025,10:38:02,53444.58,0,0,0,0,0,0
AUTO.BSE_IDX,01/07/2025,10:38:10,53449.12,0,0,0,0,0,0
AUTO.BSE_IDX,01/07/2025,10:38:18,53449.69,0,0,0,0,0,0
AUTO.BSE_IDX,01/07/2025,10:38:26,53447.6,0,0,0,0,0,0
AUTO.BSE_IDX,01/07/2025,10:38:34,53449.58,0,0,0,0,0,0
AUTO.BSE_IDX,01/07/2025,10:38:42,53451.92,0,0,0,0,0,0
AUTO.BSE_IDX,01/07/2025,10:38:50,53463.11,0,0,0,0,0,0
AUTO.BSE_IDX,01/07/2025,10:38:58,53462.25,0,0,0,0,0,0
AUTO.BSE_IDX,01/07/2025,10:39:06,53462.22,0,0,0,0,0,0
AUTO.BSE_IDX,01/07/2025,10:39:14,53464.67,0,0,0,0,0,0
AUTO.BSE_IDX,01/07/2025,10:39:22,53460.35,0,0,0,0,0,0
AUTO.BSE_IDX,01/07/2025,10:39:30,53459.68,0,0,0,0,0,0
AUTO.BSE_IDX,01/07/2025,10:39:38,53453.47,0,0,0,0,0,0
AUTO.BSE_IDX,01/07/2025,10:39:46,53458.05,0,0,0,0,0,0
AUTO.BSE_IDX,01/07/2025,10:39:54,53454.82,0,0,0,0,0,0
AUTO.BSE_IDX,01/07/2025,10:40:02,53454.77,0,0,0,0,0,0
AUTO.BSE_IDX,01/07/2025,10:40:10,53451.73,0,0,0,0,0,0
AUTO.BSE_IDX,01/07/2025,10:40:18,53451.39,0,0,0,0,0,0
AUTO.BSE_IDX,01/07/2025,10:40:26,53438.8,0,0,0,0,0,0
AUTO.BSE_IDX,01/07/2025,10:40:34,53440.56,0,0,0,0,0,0
AUTO.BSE_IDX,01/07/2025,10:40:42,53437.47,0,0,0,0,0,0
AUTO.BSE_IDX,01/07/2025,10:40:50,53440.28,0,0,0,0,0,0
AUTO.BSE_IDX,01/07/2025,10:40:58,53441.87,0,0,0,0,0,0
AUTO.BSE_IDX,01/07/2025,10:41:06,53439.23,0,0,0,0,0,0
AUTO.BSE_IDX,01/07/2025,10:41:14,53437.54,0,0,0,0,0,0
AUTO.BSE_IDX,01/07/2025,10:41:22,53438.67,0,0,0,0,0,0
AUTO.BSE_IDX,01/07/2025,10:41:30,53438.05,0,0,0,0,0,0
AUTO.BSE_IDX,01/07/2025,10:41:38,53438.72,0,0,0,0,0,0
AUTO.BSE_IDX,01/07/2025,10:41:46,53438.7,0,0,0,0,0,0
AUTO.BSE_IDX,01/07/2025,10:41:54,53435.85,0,0,0,0,0,0
AUTO.BSE_IDX,01/07/2025,10:42:02,53438.67,0,0,0,0,0,0
AUTO.BSE_IDX,01/07/2025,10:42:10,53439.29,0,0,0,0,0,0
AUTO.BSE_IDX,01/07/2025,10:42:18,53444.44,0,0,0,0,0,0
AUTO.BSE_IDX,01/07/2025,10:42:26,53442.86,0,0,0,0,0,0
AUTO.BSE_IDX,01/07/2025,10:42:34,53430.27,0,0,0,0,0,0
AUTO.BSE_IDX,01/07/2025,10:42:42,53425.47,0,0,0,0,0,0
AUTO.BSE_IDX,01/07/2025,10:42:50,53424.46,0,0,0,0,0,0
AUTO.BSE_IDX,01/07/2025,10:42:58,53425.15,0,0,0,0,0,0
AUTO.BSE_IDX,01/07/2025,10:43:06,53426.73,0,0,0,0,0,0
AUTO.BSE_IDX,01/07/2025,10:43:14,53435.01,0,0,0,0,0,0
AUTO.BSE_IDX,01/07/2025,10:43:22,53426.44,0,0,0,0,0,0
AUTO.BSE_IDX,01/07/2025,10:43:30,53425.14,0,0,0,0,0,0
AUTO.BSE_IDX,01/07/2025,10:43:38,53422.2,0,0,0,0,0,0
AUTO.BSE_IDX,01/07/2025,10:43:46,53424.52,0,0,0,0,0,0
AUTO.BSE_IDX,01/07/2025,10:43:54,53424.57,0,0,0,0,0,0
AUTO.BSE_IDX,01/07/2025,10:44:02,53423.82,0,0,0,0,0,0
AUTO.BSE_IDX,01/07/2025,10:44:10,53422.34,0,0,0,0,0,0
AUTO.BSE_IDX,01/07/2025,10:44:18,53424.38,0,0,0,0,0,0
AUTO.BSE_IDX,01/07/2025,10:44:26,53420.65,0,0,0,0,0,0
AUTO.BSE_IDX,01/07/2025,10:44:34,53418.36,0,0,0,0,0,0
AUTO.BSE_IDX,01/07/2025,10:44:42,53417.51,0,0,0,0,0,0
AUTO.BSE_IDX,01/07/2025,10:44:50,53417.76,0,0,0,0,0,0
AUTO.BSE_IDX,01/07/2025,10:44:58,53415.33,0,0,0,0,0,0
AUTO.BSE_IDX,01/07/2025,10:45:07,53412.63,0,0,0,0,0,0
AUTO.BSE_IDX,01/07/2025,10:45:14,53417.76,0,0,0,0,0,0
AUTO.BSE_IDX,01/07/2025,10:45:22,53419.66,0,0,0,0,0,0
AUTO.BSE_IDX,01/07/2025,10:45:30,53416.88,0,0,0,0,0,0
AUTO.BSE_IDX,01/07/2025,10:45:38,53418.21,0,0,0,0,0,0
AUTO.BSE_IDX,01/07/2025,10:45:46,53423.73,0,0,0,0,0,0
AUTO.BSE_IDX,01/07/2025,10:45:54,53403.12,0,0,0,0,0,0
AUTO.BSE_IDX,01/07/2025,10:46:02,53391.18,0,0,0,0,0,0
AUTO.BSE_IDX,01/07/2025,10:46:10,53385.65,0,0,0,0,0,0
AUTO.BSE_IDX,01/07/2025,10:46:18,53373.13,0,0,0,0,0,0
AUTO.BSE_IDX,01/07/2025,10:46:26,53372.1,0,0,0,0,0,0
AUTO.BSE_IDX,01/07/2025,10:46:34,53365.48,0,0,0,0,0,0
AUTO.BSE_IDX,01/07/2025,10:46:42,53366.86,0,0,0,0,0,0
AUTO.BSE_IDX,01/07/2025,10:46:50,53366.98,0,0,0,0,0,0
AUTO.BSE_IDX,01/07/2025,10:46:58,53368.58,0,0,0,0,0,0
AUTO.BSE_IDX,01/07/2025,10:47:06,53364.93,0,0,0,0,0,0
AUTO.BSE_IDX,01/07/2025,10:47:14,53369.33,0,0,0,0,0,0
AUTO.BSE_IDX,01/07/2025,10:47:22,53369.26,0,0,0,0,0,0
AUTO.BSE_IDX,01/07/2025,10:47:30,53372.78,0,0,0,0,0,0
AUTO.BSE_IDX,01/07/2025,10:47:38,53375.75,0,0,0,0,0,0
AUTO.BSE_IDX,01/07/2025,10:47:46,53377.44,0,0,0,0,0,0
AUTO.BSE_IDX,01/07/2025,10:47:54,53384.02,0,0,0,0,0,0
AUTO.BSE_IDX,01/07/2025,10:48:02,53385.26,0,0,0,0,0,0
AUTO.BSE_IDX,01/07/2025,10:48:10,53379.79,0,0,0,0,0,0
AUTO.BSE_IDX,01/07/2025,10:48:18,53382.54,0,0,0,0,0,0
AUTO.BSE_IDX,01/07/2025,10:48:26,53383.92,0,0,0,0,0,0
AUTO.BSE_IDX,01/07/2025,10:48:34,53378.93,0,0,0,0,0,0
AUTO.BSE_IDX,01/07/2025,10:48:42,53375.95,0,0,0,0,0,0
AUTO.BSE_IDX,01/07/2025,10:48:50,53377.03,0,0,0,0,0,0
AUTO.BSE_IDX,01/07/2025,10:48:58,53375.27,0,0,0,0,0,0
AUTO.BSE_IDX,01/07/2025,10:49:06,53374.84,0,0,0,0,0,0
AUTO.BSE_IDX,01/07/2025,10:49:14,53368.57,0,0,0,0,0,0
AUTO.BSE_IDX,01/07/2025,10:49:22,53365.87,0,0,0,0,0,0
AUTO.BSE_IDX,01/07/2025,10:49:30,53363.58,0,0,0,0,0,0
AUTO.BSE_IDX,01/07/2025,10:49:38,53362.04,0,0,0,0,0,0
AUTO.BSE_IDX,01/07/2025,10:49:46,53367.14,0,0,0,0,0,0
AUTO.BSE_IDX,01/07/2025,10:49:54,53367.07,0,0,0,0,0,0
AUTO.BSE_IDX,01/07/2025,10:50:02,53364.68,0,0,0,0,0,0
AUTO.BSE_IDX,01/07/2025,10:50:10,53365.39,0,0,0,0,0,0
AUTO.BSE_IDX,01/07/2025,10:50:18,53355.48,0,0,0,0,0,0
AUTO.BSE_IDX,01/07/2025,10:50:26,53356.04,0,0,0,0,0,0
AUTO.BSE_IDX,01/07/2025,10:50:34,53349.48,0,0,0,0,0,0
AUTO.BSE_IDX,01/07/2025,10:50:42,53348.45,0,0,0,0,0,0
AUTO.BSE_IDX,01/07/2025,10:50:50,53344.83,0,0,0,0,0,0
AUTO.BSE_IDX,01/07/2025,10:50:58,53347.6,0,0,0,0,0,0
AUTO.BSE_IDX,01/07/2025,10:51:06,53346.67,0,0,0,0,0,0
AUTO.BSE_IDX,01/07/2025,10:51:14,53348.81,0,0,0,0,0,0
AUTO.BSE_IDX,01/07/2025,10:51:22,53357.39,0,0,0,0,0,0
AUTO.BSE_IDX,01/07/2025,10:51:30,53354,0,0,0,0,0,0
AUTO.BSE_IDX,01/07/2025,10:51:38,53350.43,0,0,0,0,0,0
AUTO.BSE_IDX,01/07/2025,10:51:46,53352.44,0,0,0,0,0,0
AUTO.BSE_IDX,01/07/2025,10:51:54,53349.13,0,0,0,0,0,0
AUTO.BSE_IDX,01/07/2025,10:52:02,53347.36,0,0,0,0,0,0
AUTO.BSE_IDX,01/07/2025,10:52:10,53343.73,0,0,0,0,0,0
AUTO.BSE_IDX,01/07/2025,10:52:18,53329.03,0,0,0,0,0,0
AUTO.BSE_IDX,01/07/2025,10:52:26,53320.6,0,0,0,0,0,0
AUTO.BSE_IDX,01/07/2025,10:52:34,53320.71,0,0,0,0,0,0
AUTO.BSE_IDX,01/07/2025,10:52:43,53312.7,0,0,0,0,0,0
AUTO.BSE_IDX,01/07/2025,10:52:50,53304.67,0,0,0,0,0,0
AUTO.BSE_IDX,01/07/2025,10:52:58,53292.45,0,0,0,0,0,0
AUTO.BSE_IDX,01/07/2025,10:53:06,53296.53,0,0,0,0,0,0
AUTO.BSE_IDX,01/07/2025,10:53:14,53291.84,0,0,0,0,0,0
AUTO.BSE_IDX,01/07/2025,10:53:22,53299.3,0,0,0,0,0,0
AUTO.BSE_IDX,01/07/2025,10:53:30,53295.2,0,0,0,0,0,0
AUTO.BSE_IDX,01/07/2025,10:53:38,53296.83,0,0,0,0,0,0
AUTO.BSE_IDX,01/07/2025,10:53:46,53298.65,0,0,0,0,0,0
AUTO.BSE_IDX,01/07/2025,10:53:54,53291.77,0,0,0,0,0,0
AUTO.BSE_IDX,01/07/2025,10:54:02,53303.5,0,0,0,0,0,0
AUTO.BSE_IDX,01/07/2025,10:54:10,53309.5,0,0,0,0,0,0
AUTO.BSE_IDX,01/07/2025,10:54:18,53298.28,0,0,0,0,0,0
AUTO.BSE_IDX,01/07/2025,10:54:26,53296.88,0,0,0,0,0,0
AUTO.BSE_IDX,01/07/2025,10:54:34,53295.82,0,0,0,0,0,0
AUTO.BSE_IDX,01/07/2025,10:54:42,53305.3,0,0,0,0,0,0
AUTO.BSE_IDX,01/07/2025,10:54:51,53301.66,0,0,0,0,0,0
AUTO.BSE_IDX,01/07/2025,10:54:58,53301.08,0,0,0,0,0,0
AUTO.BSE_IDX,01/07/2025,10:55:06,53286.48,0,0,0,0,0,0
AUTO.BSE_IDX,01/07/2025,10:55:14,53283,0,0,0,0,0,0
AUTO.BSE_IDX,01/07/2025,10:55:22,53275.77,0,0,0,0,0,0
AUTO.BSE_IDX,01/07/2025,10:55:30,53280.71,0,0,0,0,0,0
AUTO.BSE_IDX,01/07/2025,10:55:38,53273.22,0,0,0,0,0,0
AUTO.BSE_IDX,01/07/2025,10:55:46,53279.35,0,0,0,0,0,0
AUTO.BSE_IDX,01/07/2025,10:55:54,53272.75,0,0,0,0,0,0
AUTO.BSE_IDX,01/07/2025,10:56:02,53273.39,0,0,0,0,0,0
AUTO.BSE_IDX,01/07/2025,10:56:10,53270.76,0,0,0,0,0,0
AUTO.BSE_IDX,01/07/2025,10:56:18,53268.73,0,0,0,0,0,0
AUTO.BSE_IDX,01/07/2025,10:56:26,53254.49,0,0,0,0,0,0
AUTO.BSE_IDX,01/07/2025,10:56:34,53255.39,0,0,0,0,0,0
AUTO.BSE_IDX,01/07/2025,10:56:42,53252.61,0,0,0,0,0,0
AUTO.BSE_IDX,01/07/2025,10:56:50,53261.48,0,0,0,0,0,0
AUTO.BSE_IDX,01/07/2025,10:56:58,53258.56,0,0,0,0,0,0
AUTO.BSE_IDX,01/07/2025,10:57:06,53261.19,0,0,0,0,0,0
AUTO.BSE_IDX,01/07/2025,10:57:14,53257.52,0,0,0,0,0,0
AUTO.BSE_IDX,01/07/2025,10:57:22,53261.03,0,0,0,0,0,0
AUTO.BSE_IDX,01/07/2025,10:57:30,53266.25,0,0,0,0,0,0
AUTO.BSE_IDX,01/07/2025,10:57:39,53266.91,0,0,0,0,0,0
AUTO.BSE_IDX,01/07/2025,10:57:46,53261.35,0,0,0,0,0,0
AUTO.BSE_IDX,01/07/2025,10:57:54,53255.15,0,0,0,0,0,0
AUTO.BSE_IDX,01/07/2025,10:58:02,53251.72,0,0,0,0,0,0
AUTO.BSE_IDX,01/07/2025,10:58:10,53260.14,0,0,0,0,0,0
AUTO.BSE_IDX,01/07/2025,10:58:18,53256.92,0,0,0,0,0,0
AUTO.BSE_IDX,01/07/2025,10:58:26,53261.61,0,0,0,0,0,0
AUTO.BSE_IDX,01/07/2025,10:58:34,53261.11,0,0,0,0,0,0
AUTO.BSE_IDX,01/07/2025,10:58:42,53259.73,0,0,0,0,0,0
AUTO.BSE_IDX,01/07/2025,10:58:50,53261.43,0,0,0,0,0,0
AUTO.BSE_IDX,01/07/2025,10:58:58,53252.01,0,0,0,0,0,0
AUTO.BSE_IDX,01/07/2025,10:59:06,53249.67,0,0,0,0,0,0
AUTO.BSE_IDX,01/07/2025,10:59:14,53252.2,0,0,0,0,0,0
AUTO.BSE_IDX,01/07/2025,10:59:22,53258.06,0,0,0,0,0,0
AUTO.BSE_IDX,01/07/2025,10:59:30,53255.73,0,0,0,0,0,0
AUTO.BSE_IDX,01/07/2025,10:59:38,53256.06,0,0,0,0,0,0
AUTO.BSE_IDX,01/07/2025,10:59:47,53254.38,0,0,0,0,0,0
AUTO.BSE_IDX,01/07/2025,10:59:55,53251.68,0,0,0,0,0,0
AUTO.BSE_IDX,01/07/2025,11:00:03,53255.25,0,0,0,0,0,0
AUTO.BSE_IDX,01/07/2025,11:00:11,53255.11,0,0,0,0,0,0
AUTO.BSE_IDX,01/07/2025,11:00:18,53260.71,0,0,0,0,0,0
AUTO.BSE_IDX,01/07/2025,11:00:26,53261.94,0,0,0,0,0,0
AUTO.BSE_IDX,01/07/2025,11:00:34,53266.09,0,0,0,0,0,0
AUTO.BSE_IDX,01/07/2025,11:00:42,53265.4,0,0,0,0,0,0
AUTO.BSE_IDX,01/07/2025,11:00:50,53280.39,0,0,0,0,0,0
AUTO.BSE_IDX,01/07/2025,11:00:58,53281.05,0,0,0,0,0,0
AUTO.BSE_IDX,01/07/2025,11:01:06,53283.24,0,0,0,0,0,0
AUTO.BSE_IDX,01/07/2025,11:01:15,53284.71,0,0,0,0,0,0
AUTO.BSE_IDX,01/07/2025,11:01:22,53289.78,0,0,0,0,0,0
AUTO.BSE_IDX,01/07/2025,11:01:30,53285.91,0,0,0,0,0,0
AUTO.BSE_IDX,01/07/2025,11:01:38,53285.26,0,0,0,0,0,0
AUTO.BSE_IDX,01/07/2025,11:01:46,53278.86,0,0,0,0,0,0
AUTO.BSE_IDX,01/07/2025,11:01:54,53283.4,0,0,0,0,0,0
AUTO.BSE_IDX,01/07/2025,11:02:02,53282.02,0,0,0,0,0,0
AUTO.BSE_IDX,01/07/2025,11:02:10,53281.46,0,0,0,0,0,0
AUTO.BSE_IDX,01/07/2025,11:02:18,53282.93,0,0,0,0,0,0
AUTO.BSE_IDX,01/07/2025,11:02:27,53283.57,0,0,0,0,0,0
AUTO.BSE_IDX,01/07/2025,11:02:34,53269.44,0,0,0,0,0,0
AUTO.BSE_IDX,01/07/2025,11:02:42,53273.94,0,0,0,0,0,0
AUTO.BSE_IDX,01/07/2025,11:02:51,53273.4,0,0,0,0,0,0
AUTO.BSE_IDX,01/07/2025,11:02:58,53272.02,0,0,0,0,0,0
AUTO.BSE_IDX,01/07/2025,11:03:06,53261.16,0,0,0,0,0,0
AUTO.BSE_IDX,01/07/2025,11:03:14,53254.2,0,0,0,0,0,0
AUTO.BSE_IDX,01/07/2025,11:03:22,53251.37,0,0,0,0,0,0
AUTO.BSE_IDX,01/07/2025,11:03:31,53249.16,0,0,0,0,0,0
AUTO.BSE_IDX,01/07/2025,11:03:38,53249.07,0,0,0,0,0,0
AUTO.BSE_IDX,01/07/2025,11:03:46,53259.61,0,0,0,0,0,0
AUTO.BSE_IDX,01/07/2025,11:03:54,53256.53,0,0,0,0,0,0
AUTO.BSE_IDX,01/07/2025,11:04:02,53257.08,0,0,0,0,0,0
AUTO.BSE_IDX,01/07/2025,11:04:10,53254.47,0,0,0,0,0,0
AUTO.BSE_IDX,01/07/2025,11:04:18,53250.71,0,0,0,0,0,0
AUTO.BSE_IDX,01/07/2025,11:04:27,53244.83,0,0,0,0,0,0
AUTO.BSE_IDX,01/07/2025,11:04:34,53248.72,0,0,0,0,0,0
AUTO.BSE_IDX,01/07/2025,11:04:42,53248.48,0,0,0,0,0,0
AUTO.BSE_IDX,01/07/2025,11:04:51,53252.16,0,0,0,0,0,0
AUTO.BSE_IDX,01/07/2025,11:04:58,53244.41,0,0,0,0,0,0
AUTO.BSE_IDX,01/07/2025,11:05:06,53245.61,0,0,0,0,0,0
AUTO.BSE_IDX,01/07/2025,11:05:14,53251.63,0,0,0,0,0,0
AUTO.BSE_IDX,01/07/2025,11:05:22,53253.3,0,0,0,0,0,0
AUTO.BSE_IDX,01/07/2025,11:05:30,53254.12,0,0,0,0,0,0
AUTO.BSE_IDX,01/07/2025,11:05:38,53250.7,0,0,0,0,0,0
AUTO.BSE_IDX,01/07/2025,11:05:46,53250.08,0,0,0,0,0,0
AUTO.BSE_IDX,01/07/2025,11:05:54,53252.33,0,0,0,0,0,0
AUTO.BSE_IDX,01/07/2025,11:06:02,53252.27,0,0,0,0,0,0
AUTO.BSE_IDX,01/07/2025,11:06:11,53255.53,0,0,0,0,0,0
AUTO.BSE_IDX,01/07/2025,11:06:19,53259.72,0,0,0,0,0,0
AUTO.BSE_IDX,01/07/2025,11:06:26,53262.46,0,0,0,0,0,0
AUTO.BSE_IDX,01/07/2025,11:06:34,53263.69,0,0,0,0,0,0
AUTO.BSE_IDX,01/07/2025,11:06:42,53263.02,0,0,0,0,0,0
AUTO.BSE_IDX,01/07/2025,11:06:50,53264.54,0,0,0,0,0,0
AUTO.BSE_IDX,01/07/2025,11:06:58,53265.03,0,0,0,0,0,0
AUTO.BSE_IDX,01/07/2025,11:07:06,53265.37,0,0,0,0,0,0
AUTO.BSE_IDX,01/07/2025,11:07:15,53261.09,0,0,0,0,0,0
AUTO.BSE_IDX,01/07/2025,11:07:22,53259.14,0,0,0,0,0,0
AUTO.BSE_IDX,01/07/2025,11:07:30,53262.49,0,0,0,0,0,0
AUTO.BSE_IDX,01/07/2025,11:07:38,53263.71,0,0,0,0,0,0
AUTO.BSE_IDX,01/07/2025,11:07:46,53267.32,0,0,0,0,0,0
AUTO.BSE_IDX,01/07/2025,11:07:54,53277.62,0,0,0,0,0,0
AUTO.BSE_IDX,01/07/2025,11:08:02,53281.51,0,0,0,0,0,0
AUTO.BSE_IDX,01/07/2025,11:08:11,53283.68,0,0,0,0,0,0
AUTO.BSE_IDX,01/07/2025,11:08:18,53285.17,0,0,0,0,0,0
AUTO.BSE_IDX,01/07/2025,11:08:26,53283.98,0,0,0,0,0,0
AUTO.BSE_IDX,01/07/2025,11:08:35,53284.63,0,0,0,0,0,0
AUTO.BSE_IDX,01/07/2025,11:08:43,53283.27,0,0,0,0,0,0
AUTO.BSE_IDX,01/07/2025,11:08:51,53285.49,0,0,0,0,0,0
AUTO.BSE_IDX,01/07/2025,11:08:58,53288.03,0,0,0,0,0,0
AUTO.BSE_IDX,01/07/2025,11:09:07,53294.21,0,0,0,0,0,0
AUTO.BSE_IDX,01/07/2025,11:09:15,53290.16,0,0,0,0,0,0
AUTO.BSE_IDX,01/07/2025,11:09:23,53288.88,0,0,0,0,0,0
AUTO.BSE_IDX,01/07/2025,11:09:31,53291.52,0,0,0,0,0,0
AUTO.BSE_IDX,01/07/2025,11:09:39,53291.27,0,0,0,0,0,0
AUTO.BSE_IDX,01/07/2025,11:09:46,53288.07,0,0,0,0,0,0
AUTO.BSE_IDX,01/07/2025,11:09:55,53287.93,0,0,0,0,0,0
AUTO.BSE_IDX,01/07/2025,11:10:03,53294.2,0,0,0,0,0,0
AUTO.BSE_IDX,01/07/2025,11:10:11,53290.68,0,0,0,0,0,0
AUTO.BSE_IDX,01/07/2025,11:10:19,53286.64,0,0,0,0,0,0
AUTO.BSE_IDX,01/07/2025,11:10:27,53284.24,0,0,0,0,0,0
AUTO.BSE_IDX,01/07/2025,11:10:35,53293.67,0,0,0,0,0,0
AUTO.BSE_IDX,01/07/2025,11:10:43,53295.14,0,0,0,0,0,0
AUTO.BSE_IDX,01/07/2025,11:10:51,53295.75,0,0,0,0,0,0
AUTO.BSE_IDX,01/07/2025,11:10:59,53302.34,0,0,0,0,0,0
AUTO.BSE_IDX,01/07/2025,11:11:07,53302.49,0,0,0,0,0,0
AUTO.BSE_IDX,01/07/2025,11:11:15,53300.45,0,0,0,0,0,0
AUTO.BSE_IDX,01/07/2025,11:11:23,53300.12,0,0,0,0,0,0
AUTO.BSE_IDX,01/07/2025,11:11:31,53296.94,0,0,0,0,0,0
AUTO.BSE_IDX,01/07/2025,11:11:39,53295.84,0,0,0,0,0,0
AUTO.BSE_IDX,01/07/2025,11:11:47,53292.41,0,0,0,0,0,0
AUTO.BSE_IDX,01/07/2025,11:11:55,53294.1,0,0,0,0,0,0
AUTO.BSE_IDX,01/07/2025,11:12:03,53296.36,0,0,0,0,0,0
AUTO.BSE_IDX,01/07/2025,11:12:11,53296.46,0,0,0,0,0,0
AUTO.BSE_IDX,01/07/2025,11:12:19,53296.59,0,0,0,0,0,0
AUTO.BSE_IDX,01/07/2025,11:12:27,53289.05,0,0,0,0,0,0
AUTO.BSE_IDX,01/07/2025,11:12:35,53294.68,0,0,0,0,0,0
AUTO.BSE_IDX,01/07/2025,11:12:43,53295.4,0,0,0,0,0,0
AUTO.BSE_IDX,01/07/2025,11:12:51,53294.76,0,0,0,0,0,0
AUTO.BSE_IDX,01/07/2025,11:12:59,53291.56,0,0,0,0,0,0
AUTO.BSE_IDX,01/07/2025,11:13:07,53294.01,0,0,0,0,0,0
AUTO.BSE_IDX,01/07/2025,11:13:16,53291.68,0,0,0,0,0,0
AUTO.BSE_IDX,01/07/2025,11:13:23,53291.68,0,0,0,0,0,0
AUTO.BSE_IDX,01/07/2025,11:13:31,53292.44,0,0,0,0,0,0
AUTO.BSE_IDX,01/07/2025,11:13:39,53288.09,0,0,0,0,0,0
AUTO.BSE_IDX,01/07/2025,11:13:47,53295.4,0,0,0,0,0,0
AUTO.BSE_IDX,01/07/2025,11:13:55,53293.75,0,0,0,0,0,0
AUTO.BSE_IDX,01/07/2025,11:14:03,53290.4,0,0,0,0,0,0
AUTO.BSE_IDX,01/07/2025,11:14:11,53285.49,0,0,0,0,0,0
AUTO.BSE_IDX,01/07/2025,11:14:19,53288.48,0,0,0,0,0,0
AUTO.BSE_IDX,01/07/2025,11:14:27,53288.4,0,0,0,0,0,0
AUTO.BSE_IDX,01/07/2025,11:14:35,53287.33,0,0,0,0,0,0
AUTO.BSE_IDX,01/07/2025,11:14:43,53285.53,0,0,0,0,0,0
AUTO.BSE_IDX,01/07/2025,11:14:51,53280.77,0,0,0,0,0,0
AUTO.BSE_IDX,01/07/2025,11:14:59,53287.07,0,0,0,0,0,0
AUTO.BSE_IDX,01/07/2025,11:15:07,53292.15,0,0,0,0,0,0
AUTO.BSE_IDX,01/07/2025,11:15:15,53294.88,0,0,0,0,0,0
AUTO.BSE_IDX,01/07/2025,11:15:23,53294.85,0,0,0,0,0,0
AUTO.BSE_IDX,01/07/2025,11:15:31,53288.87,0,0,0,0,0,0
AUTO.BSE_IDX,01/07/2025,11:15:39,53290.68,0,0,0,0,0,0
AUTO.BSE_IDX,01/07/2025,11:15:47,53293.57,0,0,0,0,0,0
AUTO.BSE_IDX,01/07/2025,11:15:56,53311.43,0,0,0,0,0,0
AUTO.BSE_IDX,01/07/2025,11:16:03,53310.1,0,0,0,0,0,0
AUTO.BSE_IDX,01/07/2025,11:16:11,53305.17,0,0,0,0,0,0
AUTO.BSE_IDX,01/07/2025,11:16:19,53304.81,0,0,0,0,0,0
AUTO.BSE_IDX,01/07/2025,11:16:27,53278.72,0,0,0,0,0,0
AUTO.BSE_IDX,01/07/2025,11:16:35,53272.14,0,0,0,0,0,0
AUTO.BSE_IDX,01/07/2025,11:16:43,53270.16,0,0,0,0,0,0
AUTO.BSE_IDX,01/07/2025,11:16:51,53272.41,0,0,0,0,0,0
AUTO.BSE_IDX,01/07/2025,11:16:59,53268.55,0,0,0,0,0,0
AUTO.BSE_IDX,01/07/2025,11:17:07,53266.21,0,0,0,0,0,0
AUTO.BSE_IDX,01/07/2025,11:17:15,53274.01,0,0,0,0,0,0
AUTO.BSE_IDX,01/07/2025,11:17:23,53281.14,0,0,0,0,0,0
AUTO.BSE_IDX,01/07/2025,11:17:31,53313.18,0,0,0,0,0,0
AUTO.BSE_IDX,01/07/2025,11:17:39,53322.75,0,0,0,0,0,0
AUTO.BSE_IDX,01/07/2025,11:17:47,53327.43,0,0,0,0,0,0
AUTO.BSE_IDX,01/07/2025,11:17:57,53323.26,0,0,0,0,0,0
AUTO.BSE_IDX,01/07/2025,11:18:03,53294.98,0,0,0,0,0,0
AUTO.BSE_IDX,01/07/2025,11:18:11,53292.47,0,0,0,0,0,0
AUTO.BSE_IDX,01/07/2025,11:18:19,53297.35,0,0,0,0,0,0
AUTO.BSE_IDX,01/07/2025,11:18:27,53288.86,0,0,0,0,0,0
AUTO.BSE_IDX,01/07/2025,11:18:35,53302.58,0,0,0,0,0,0
AUTO.BSE_IDX,01/07/2025,11:18:44,53304.57,0,0,0,0,0,0
AUTO.BSE_IDX,01/07/2025,11:18:51,53290.74,0,0,0,0,0,0
AUTO.BSE_IDX,01/07/2025,11:18:59,53273.03,0,0,0,0,0,0
AUTO.BSE_IDX,01/07/2025,11:19:08,53261.07,0,0,0,0,0,0
AUTO.BSE_IDX,01/07/2025,11:19:15,53253.08,0,0,0,0,0,0
AUTO.BSE_IDX,01/07/2025,11:19:23,53253.8,0,0,0,0,0,0
AUTO.BSE_IDX,01/07/2025,11:19:31,53246.03,0,0,0,0,0,0
AUTO.BSE_IDX,01/07/2025,11:19:39,53238.25,0,0,0,0,0,0
AUTO.BSE_IDX,01/07/2025,11:19:47,53237.37,0,0,0,0,0,0
AUTO.BSE_IDX,01/07/2025,11:19:55,53224.91,0,0,0,0,0,0
AUTO.BSE_IDX,01/07/2025,11:20:03,53226.03,0,0,0,0,0,0
AUTO.BSE_IDX,01/07/2025,11:20:11,53229.54,0,0,0,0,0,0
AUTO.BSE_IDX,01/07/2025,11:20:19,53226.27,0,0,0,0,0,0
AUTO.BSE_IDX,01/07/2025,11:20:27,53228.88,0,0,0,0,0,0
AUTO.BSE_IDX,01/07/2025,11:20:35,53232.81,0,0,0,0,0,0
AUTO.BSE_IDX,01/07/2025,11:20:43,53232.27,0,0,0,0,0,0
AUTO.BSE_IDX,01/07/2025,11:20:51,53238.74,0,0,0,0,0,0
AUTO.BSE_IDX,01/07/2025,11:20:59,53235.41,0,0,0,0,0,0
AUTO.BSE_IDX,01/07/2025,11:21:07,53244.34,0,0,0,0,0,0
AUTO.BSE_IDX,01/07/2025,11:21:15,53239.82,0,0,0,0,0,0
AUTO.BSE_IDX,01/07/2025,11:21:24,53243.91,0,0,0,0,0,0
AUTO.BSE_IDX,01/07/2025,11:21:31,53245.43,0,0,0,0,0,0
AUTO.BSE_IDX,01/07/2025,11:21:39,53235.12,0,0,0,0,0,0
AUTO.BSE_IDX,01/07/2025,11:21:47,53237.68,0,0,0,0,0,0
AUTO.BSE_IDX,01/07/2025,11:21:56,53239.2,0,0,0,0,0,0
AUTO.BSE_IDX,01/07/2025,11:22:03,53237.31,0,0,0,0,0,0
AUTO.BSE_IDX,01/07/2025,11:22:11,53237.93,0,0,0,0,0,0
AUTO.BSE_IDX,01/07/2025,11:22:19,53234.68,0,0,0,0,0,0
AUTO.BSE_IDX,01/07/2025,11:22:28,53238,0,0,0,0,0,0
AUTO.BSE_IDX,01/07/2025,11:22:35,53241.99,0,0,0,0,0,0
AUTO.BSE_IDX,01/07/2025,11:22:43,53238,0,0,0,0,0,0
AUTO.BSE_IDX,01/07/2025,11:22:51,53232.36,0,0,0,0,0,0
AUTO.BSE_IDX,01/07/2025,11:22:59,53230.55,0,0,0,0,0,0
AUTO.BSE_IDX,01/07/2025,11:23:07,53230.35,0,0,0,0,0,0
AUTO.BSE_IDX,01/07/2025,11:23:15,53244.09,0,0,0,0,0,0
AUTO.BSE_IDX,01/07/2025,11:23:23,53250.32,0,0,0,0,0,0
AUTO.BSE_IDX,01/07/2025,11:23:31,53250.36,0,0,0,0,0,0
AUTO.BSE_IDX,01/07/2025,11:23:39,53250.44,0,0,0,0,0,0
AUTO.BSE_IDX,01/07/2025,11:23:47,53250.66,0,0,0,0,0,0
AUTO.BSE_IDX,01/07/2025,11:23:55,53254.21,0,0,0,0,0,0
AUTO.BSE_IDX,01/07/2025,11:24:04,53251.48,0,0,0,0,0,0
AUTO.BSE_IDX,01/07/2025,11:24:11,53258.09,0,0,0,0,0,0
AUTO.BSE_IDX,01/07/2025,11:24:19,53255.33,0,0,0,0,0,0
AUTO.BSE_IDX,01/07/2025,11:24:27,53254.6,0,0,0,0,0,0
AUTO.BSE_IDX,01/07/2025,11:24:35,53250.94,0,0,0,0,0,0
AUTO.BSE_IDX,01/07/2025,11:24:43,53247.96,0,0,0,0,0,0
AUTO.BSE_IDX,01/07/2025,11:24:52,53247.89,0,0,0,0,0,0
AUTO.BSE_IDX,01/07/2025,11:25:00,53251.4,0,0,0,0,0,0
AUTO.BSE_IDX,01/07/2025,11:25:07,53230.71,0,0,0,0,0,0
AUTO.BSE_IDX,01/07/2025,11:25:15,53219.41,0,0,0,0,0,0
AUTO.BSE_IDX,01/07/2025,11:25:23,53217.81,0,0,0,0,0,0
AUTO.BSE_IDX,01/07/2025,11:25:31,53221.01,0,0,0,0,0,0
AUTO.BSE_IDX,01/07/2025,11:25:41,53221.88,0,0,0,0,0,0
AUTO.BSE_IDX,01/07/2025,11:25:47,53222.07,0,0,0,0,0,0
AUTO.BSE_IDX,01/07/2025,11:25:55,53234.58,0,0,0,0,0,0
AUTO.BSE_IDX,01/07/2025,11:26:03,53234.88,0,0,0,0,0,0
AUTO.BSE_IDX,01/07/2025,11:26:11,53233.57,0,0,0,0,0,0
AUTO.BSE_IDX,01/07/2025,11:26:19,53236.09,0,0,0,0,0,0
AUTO.BSE_IDX,01/07/2025,11:26:27,53234.16,0,0,0,0,0,0
AUTO.BSE_IDX,01/07/2025,11:26:35,53238,0,0,0,0,0,0
AUTO.BSE_IDX,01/07/2025,11:26:43,53236.62,0,0,0,0,0,0
AUTO.BSE_IDX,01/07/2025,11:26:51,53242.88,0,0,0,0,0,0
AUTO.BSE_IDX,01/07/2025,11:26:59,53243.35,0,0,0,0,0,0
AUTO.BSE_IDX,01/07/2025,11:27:07,53241.79,0,0,0,0,0,0
AUTO.BSE_IDX,01/07/2025,11:27:15,53238.83,0,0,0,0,0,0
AUTO.BSE_IDX,01/07/2025,11:27:23,53235.81,0,0,0,0,0,0
AUTO.BSE_IDX,01/07/2025,11:27:31,53253.01,0,0,0,0,0,0
AUTO.BSE_IDX,01/07/2025,11:27:39,53253.02,0,0,0,0,0,0
AUTO.BSE_IDX,01/07/2025,11:27:47,53252.55,0,0,0,0,0,0
AUTO.BSE_IDX,01/07/2025,11:27:55,53256.94,0,0,0,0,0,0
AUTO.BSE_IDX,01/07/2025,11:28:03,53257.23,0,0,0,0,0,0
AUTO.BSE_IDX,01/07/2025,11:28:11,53256.55,0,0,0,0,0,0
AUTO.BSE_IDX,01/07/2025,11:28:19,53258.9,0,0,0,0,0,0
AUTO.BSE_IDX,01/07/2025,11:28:27,53260.64,0,0,0,0,0,0
AUTO.BSE_IDX,01/07/2025,11:28:36,53253.79,0,0,0,0,0,0
AUTO.BSE_IDX,01/07/2025,11:28:43,53254.53,0,0,0,0,0,0
AUTO.BSE_IDX,01/07/2025,11:28:51,53264.38,0,0,0,0,0,0
AUTO.BSE_IDX,01/07/2025,11:28:59,53265.21,0,0,0,0,0,0
AUTO.BSE_IDX,01/07/2025,11:29:07,53262.53,0,0,0,0,0,0
AUTO.BSE_IDX,01/07/2025,11:29:16,53263.27,0,0,0,0,0,0
AUTO.BSE_IDX,01/07/2025,11:29:24,53259.3,0,0,0,0,0,0
AUTO.BSE_IDX,01/07/2025,11:29:31,53270.83,0,0,0,0,0,0
AUTO.BSE_IDX,01/07/2025,11:29:39,53270.16,0,0,0,0,0,0
AUTO.BSE_IDX,01/07/2025,11:29:47,53268.49,0,0,0,0,0,0
AUTO.BSE_IDX,01/07/2025,11:29:55,53268.49,0,0,0,0,0,0
AUTO.BSE_IDX,01/07/2025,11:30:03,53255.91,0,0,0,0,0,0
AUTO.BSE_IDX,01/07/2025,11:30:11,53256.63,0,0,0,0,0,0
AUTO.BSE_IDX,01/07/2025,11:30:19,53255.22,0,0,0,0,0,0
AUTO.BSE_IDX,01/07/2025,11:30:27,53264.49,0,0,0,0,0,0
AUTO.BSE_IDX,01/07/2025,11:30:35,53260.55,0,0,0,0,0,0
AUTO.BSE_IDX,01/07/2025,11:30:43,53272.11,0,0,0,0,0,0
AUTO.BSE_IDX,01/07/2025,11:30:51,53257.21,0,0,0,0,0,0
AUTO.BSE_IDX,01/07/2025,11:30:59,53254.66,0,0,0,0,0,0
AUTO.BSE_IDX,01/07/2025,11:31:07,53255.34,0,0,0,0,0,0
AUTO.BSE_IDX,01/07/2025,11:31:15,53255,0,0,0,0,0,0
AUTO.BSE_IDX,01/07/2025,11:31:23,53257.38,0,0,0,0,0,0
AUTO.BSE_IDX,01/07/2025,11:31:31,53273.63,0,0,0,0,0,0
AUTO.BSE_IDX,01/07/2025,11:31:39,53270.82,0,0,0,0,0,0
AUTO.BSE_IDX,01/07/2025,11:31:47,53269.81,0,0,0,0,0,0
AUTO.BSE_IDX,01/07/2025,11:31:55,53269.24,0,0,0,0,0,0
AUTO.BSE_IDX,01/07/2025,11:32:04,53269.39,0,0,0,0,0,0
AUTO.BSE_IDX,01/07/2025,11:32:11,53272.49,0,0,0,0,0,0
AUTO.BSE_IDX,01/07/2025,11:32:19,53306.84,0,0,0,0,0,0
AUTO.BSE_IDX,01/07/2025,11:32:27,53303.5,0,0,0,0,0,0
AUTO.BSE_IDX,01/07/2025,11:32:35,53290.32,0,0,0,0,0,0
AUTO.BSE_IDX,01/07/2025,11:32:43,53291.53,0,0,0,0,0,0
AUTO.BSE_IDX,01/07/2025,11:32:51,53293.27,0,0,0,0,0,0
AUTO.BSE_IDX,01/07/2025,11:32:59,53289.48,0,0,0,0,0,0
AUTO.BSE_IDX,01/07/2025,11:33:07,53285.52,0,0,0,0,0,0
AUTO.BSE_IDX,01/07/2025,11:33:15,53285.99,0,0,0,0,0,0
AUTO.BSE_IDX,01/07/2025,11:33:23,53286.65,0,0,0,0,0,0
AUTO.BSE_IDX,01/07/2025,11:33:31,53284.36,0,0,0,0,0,0
AUTO.BSE_IDX,01/07/2025,11:33:39,53304.51,0,0,0,0,0,0
AUTO.BSE_IDX,01/07/2025,11:33:47,53304.15,0,0,0,0,0,0
AUTO.BSE_IDX,01/07/2025,11:33:55,53305.84,0,0,0,0,0,0
AUTO.BSE_IDX,01/07/2025,11:34:03,53304.9,0,0,0,0,0,0
AUTO.BSE_IDX,01/07/2025,11:34:12,53300.29,0,0,0,0,0,0
AUTO.BSE_IDX,01/07/2025,11:34:19,53301.23,0,0,0,0,0,0
AUTO.BSE_IDX,01/07/2025,11:34:27,53297.48,0,0,0,0,0,0
AUTO.BSE_IDX,01/07/2025,11:34:35,53292.34,0,0,0,0,0,0
AUTO.BSE_IDX,01/07/2025,11:34:43,53294.27,0,0,0,0,0,0
AUTO.BSE_IDX,01/07/2025,11:34:51,53307.77,0,0,0,0,0,0
AUTO.BSE_IDX,01/07/2025,11:34:59,53313.54,0,0,0,0,0,0
AUTO.BSE_IDX,01/07/2025,11:35:07,53315.36,0,0,0,0,0,0
AUTO.BSE_IDX,01/07/2025,11:35:16,53308.23,0,0,0,0,0,0
AUTO.BSE_IDX,01/07/2025,11:35:23,53301.37,0,0,0,0,0,0
AUTO.BSE_IDX,01/07/2025,11:35:32,53306.83,0,0,0,0,0,0
AUTO.BSE_IDX,01/07/2025,11:35:39,53308.48,0,0,0,0,0,0
AUTO.BSE_IDX,01/07/2025,11:35:47,53315.46,0,0,0,0,0,0
AUTO.BSE_IDX,01/07/2025,11:35:55,53314.72,0,0,0,0,0,0
AUTO.BSE_IDX,01/07/2025,11:36:04,53318.02,0,0,0,0,0,0
AUTO.BSE_IDX,01/07/2025,11:36:11,53324.16,0,0,0,0,0,0
AUTO.BSE_IDX,01/07/2025,11:36:19,53337.27,0,0,0,0,0,0
AUTO.BSE_IDX,01/07/2025,11:36:28,53337.27,0,0,0,0,0,0
AUTO.BSE_IDX,01/07/2025,11:36:35,53333.74,0,0,0,0,0,0
AUTO.BSE_IDX,01/07/2025,11:36:43,53329.33,0,0,0,0,0,0
AUTO.BSE_IDX,01/07/2025,11:36:54,53332.81,0,0,0,0,0,0
AUTO.BSE_IDX,01/07/2025,11:36:59,53333.4,0,0,0,0,0,0
AUTO.BSE_IDX,01/07/2025,11:37:07,53334.32,0,0,0,0,0,0
AUTO.BSE_IDX,01/07/2025,11:37:15,53334.51,0,0,0,0,0,0
AUTO.BSE_IDX,01/07/2025,11:37:23,53334.79,0,0,0,0,0,0
AUTO.BSE_IDX,01/07/2025,11:37:31,53341.65,0,0,0,0,0,0
AUTO.BSE_IDX,01/07/2025,11:37:41,53342.98,0,0,0,0,0,0
AUTO.BSE_IDX,01/07/2025,11:37:47,53347.86,0,0,0,0,0,0
AUTO.BSE_IDX,01/07/2025,11:37:55,53347.68,0,0,0,0,0,0
AUTO.BSE_IDX,01/07/2025,11:38:03,53354.96,0,0,0,0,0,0
AUTO.BSE_IDX,01/07/2025,11:38:11,53357.34,0,0,0,0,0,0
AUTO.BSE_IDX,01/07/2025,11:38:20,53360.03,0,0,0,0,0,0
AUTO.BSE_IDX,01/07/2025,11:38:27,53360.85,0,0,0,0,0,0
AUTO.BSE_IDX,01/07/2025,11:38:35,53360.9,0,0,0,0,0,0
AUTO.BSE_IDX,01/07/2025,11:38:43,53365.2,0,0,0,0,0,0
AUTO.BSE_IDX,01/07/2025,11:38:51,53359.2,0,0,0,0,0,0
AUTO.BSE_IDX,01/07/2025,11:38:59,53364.34,0,0,0,0,0,0
AUTO.BSE_IDX,01/07/2025,11:39:07,53367.33,0,0,0,0,0,0
AUTO.BSE_IDX,01/07/2025,11:39:16,53367.1,0,0,0,0,0,0
AUTO.BSE_IDX,01/07/2025,11:39:23,53380.26,0,0,0,0,0,0
AUTO.BSE_IDX,01/07/2025,11:39:31,53376.83,0,0,0,0,0,0
AUTO.BSE_IDX,01/07/2025,11:39:39,53377.29,0,0,0,0,0,0
AUTO.BSE_IDX,01/07/2025,11:39:47,53377.12,0,0,0,0,0,0
AUTO.BSE_IDX,01/07/2025,11:39:55,53374.43,0,0,0,0,0,0
AUTO.BSE_IDX,01/07/2025,11:40:03,53376.47,0,0,0,0,0,0
AUTO.BSE_IDX,01/07/2025,11:40:11,53379.61,0,0,0,0,0,0
AUTO.BSE_IDX,01/07/2025,11:40:19,53379.77,0,0,0,0,0,0
AUTO.BSE_IDX,01/07/2025,11:40:27,53381.53,0,0,0,0,0,0
AUTO.BSE_IDX,01/07/2025,11:40:35,53381.39,0,0,0,0,0,0
AUTO.BSE_IDX,01/07/2025,11:40:43,53381.74,0,0,0,0,0,0
AUTO.BSE_IDX,01/07/2025,11:40:51,53380.42,0,0,0,0,0,0
AUTO.BSE_IDX,01/07/2025,11:41:00,53376.91,0,0,0,0,0,0
AUTO.BSE_IDX,01/07/2025,11:41:07,53376.97,0,0,0,0,0,0
AUTO.BSE_IDX,01/07/2025,11:41:15,53380.2,0,0,0,0,0,0
AUTO.BSE_IDX,01/07/2025,11:41:24,53380.44,0,0,0,0,0,0
AUTO.BSE_IDX,01/07/2025,11:41:32,53379.99,0,0,0,0,0,0
AUTO.BSE_IDX,01/07/2025,11:41:39,53385.63,0,0,0,0,0,0
AUTO.BSE_IDX,01/07/2025,11:41:48,53389.38,0,0,0,0,0,0
AUTO.BSE_IDX,01/07/2025,11:41:56,53382.29,0,0,0,0,0,0
AUTO.BSE_IDX,01/07/2025,11:42:04,53392.98,0,0,0,0,0,0
AUTO.BSE_IDX,01/07/2025,11:42:12,53388.41,0,0,0,0,0,0
AUTO.BSE_IDX,01/07/2025,11:42:20,53391.42,0,0,0,0,0,0
AUTO.BSE_IDX,01/07/2025,11:42:28,53395.18,0,0,0,0,0,0
AUTO.BSE_IDX,01/07/2025,11:42:36,53392.18,0,0,0,0,0,0
AUTO.BSE_IDX,01/07/2025,11:42:44,53391.49,0,0,0,0,0,0
AUTO.BSE_IDX,01/07/2025,11:42:52,53402,0,0,0,0,0,0
AUTO.BSE_IDX,01/07/2025,11:43:00,53404.03,0,0,0,0,0,0
AUTO.BSE_IDX,01/07/2025,11:43:08,53406.43,0,0,0,0,0,0
AUTO.BSE_IDX,01/07/2025,11:43:16,53403.78,0,0,0,0,0,0
AUTO.BSE_IDX,01/07/2025,11:43:24,53385.03,0,0,0,0,0,0
AUTO.BSE_IDX,01/07/2025,11:43:32,53378.74,0,0,0,0,0,0
AUTO.BSE_IDX,01/07/2025,11:43:40,53378.58,0,0,0,0,0,0
AUTO.BSE_IDX,01/07/2025,11:43:48,53381.41,0,0,0,0,0,0
AUTO.BSE_IDX,01/07/2025,11:43:56,53383.81,0,0,0,0,0,0
AUTO.BSE_IDX,01/07/2025,11:44:04,53384.71,0,0,0,0,0,0
AUTO.BSE_IDX,01/07/2025,11:44:12,53387.48,0,0,0,0,0,0
AUTO.BSE_IDX,01/07/2025,11:44:20,53386.07,0,0,0,0,0,0
AUTO.BSE_IDX,01/07/2025,11:44:28,53386.33,0,0,0,0,0,0
AUTO.BSE_IDX,01/07/2025,11:44:36,53380.15,0,0,0,0,0,0
AUTO.BSE_IDX,01/07/2025,11:44:44,53378.09,0,0,0,0,0,0
AUTO.BSE_IDX,01/07/2025,11:44:52,53368.15,0,0,0,0,0,0
AUTO.BSE_IDX,01/07/2025,11:45:00,53352.92,0,0,0,0,0,0
AUTO.BSE_IDX,01/07/2025,11:45:08,53358.91,0,0,0,0,0,0
AUTO.BSE_IDX,01/07/2025,11:45:16,53358.03,0,0,0,0,0,0
AUTO.BSE_IDX,01/07/2025,11:45:24,53358.98,0,0,0,0,0,0
AUTO.BSE_IDX,01/07/2025,11:45:32,53358.76,0,0,0,0,0,0
AUTO.BSE_IDX,01/07/2025,11:45:40,53381.75,0,0,0,0,0,0
AUTO.BSE_IDX,01/07/2025,11:45:48,53381.83,0,0,0,0,0,0
AUTO.BSE_IDX,01/07/2025,11:45:56,53384.78,0,0,0,0,0,0
AUTO.BSE_IDX,01/07/2025,11:46:04,53399.96,0,0,0,0,0,0
AUTO.BSE_IDX,01/07/2025,11:46:12,53403.64,0,0,0,0,0,0
AUTO.BSE_IDX,01/07/2025,11:46:20,53399.46,0,0,0,0,0,0
AUTO.BSE_IDX,01/07/2025,11:46:28,53400.56,0,0,0,0,0,0
AUTO.BSE_IDX,01/07/2025,11:46:36,53395.86,0,0,0,0,0,0
AUTO.BSE_IDX,01/07/2025,11:46:44,53396.35,0,0,0,0,0,0
AUTO.BSE_IDX,01/07/2025,11:46:52,53394.6,0,0,0,0,0,0
AUTO.BSE_IDX,01/07/2025,11:47:00,53394.31,0,0,0,0,0,0
AUTO.BSE_IDX,01/07/2025,11:47:08,53387.98,0,0,0,0,0,0
AUTO.BSE_IDX,01/07/2025,11:47:16,53387.7,0,0,0,0,0,0
AUTO.BSE_IDX,01/07/2025,11:47:24,53380.63,0,0,0,0,0,0
AUTO.BSE_IDX,01/07/2025,11:47:32,53381.24,0,0,0,0,0,0
AUTO.BSE_IDX,01/07/2025,11:47:40,53373.3,0,0,0,0,0,0
AUTO.BSE_IDX,01/07/2025,11:47:48,53380.52,0,0,0,0,0,0
AUTO.BSE_IDX,01/07/2025,11:47:56,53384.58,0,0,0,0,0,0
AUTO.BSE_IDX,01/07/2025,11:48:04,53386.42,0,0,0,0,0,0
AUTO.BSE_IDX,01/07/2025,11:48:12,53387.43,0,0,0,0,0,0
AUTO.BSE_IDX,01/07/2025,11:48:20,53395.39,0,0,0,0,0,0
AUTO.BSE_IDX,01/07/2025,11:48:28,53395.3,0,0,0,0,0,0
AUTO.BSE_IDX,01/07/2025,11:48:36,53400.66,0,0,0,0,0,0
AUTO.BSE_IDX,01/07/2025,11:48:44,53398.32,0,0,0,0,0,0
AUTO.BSE_IDX,01/07/2025,11:48:52,53401.13,0,0,0,0,0,0
AUTO.BSE_IDX,01/07/2025,11:49:01,53404.53,0,0,0,0,0,0
AUTO.BSE_IDX,01/07/2025,11:49:09,53404.54,0,0,0,0,0,0
AUTO.BSE_IDX,01/07/2025,11:49:16,53407.11,0,0,0,0,0,0
AUTO.BSE_IDX,01/07/2025,11:49:24,53402.68,0,0,0,0,0,0
AUTO.BSE_IDX,01/07/2025,11:49:32,53400.8,0,0,0,0,0,0
AUTO.BSE_IDX,01/07/2025,11:49:40,53405.01,0,0,0,0,0,0
AUTO.BSE_IDX,01/07/2025,11:49:49,53406.26,0,0,0,0,0,0
AUTO.BSE_IDX,01/07/2025,11:49:56,53404.02,0,0,0,0,0,0
AUTO.BSE_IDX,01/07/2025,11:50:04,53403.66,0,0,0,0,0,0
AUTO.BSE_IDX,01/07/2025,11:50:12,53393.29,0,0,0,0,0,0
AUTO.BSE_IDX,01/07/2025,11:50:20,53392.06,0,0,0,0,0,0
AUTO.BSE_IDX,01/07/2025,11:50:28,53390.91,0,0,0,0,0,0
AUTO.BSE_IDX,01/07/2025,11:50:36,53389.69,0,0,0,0,0,0
AUTO.BSE_IDX,01/07/2025,11:50:44,53389.49,0,0,0,0,0,0
AUTO.BSE_IDX,01/07/2025,11:50:52,53391.75,0,0,0,0,0,0
AUTO.BSE_IDX,01/07/2025,11:51:00,53391.96,0,0,0,0,0,0
AUTO.BSE_IDX,01/07/2025,11:51:08,53391.62,0,0,0,0,0,0
AUTO.BSE_IDX,01/07/2025,11:51:16,53395.04,0,0,0,0,0,0
AUTO.BSE_IDX,01/07/2025,11:51:24,53392.77,0,0,0,0,0,0
AUTO.BSE_IDX,01/07/2025,11:51:32,53392.2,0,0,0,0,0,0
AUTO.BSE_IDX,01/07/2025,11:51:40,53394.61,0,0,0,0,0,0
AUTO.BSE_IDX,01/07/2025,11:51:48,53395.43,0,0,0,0,0,0
AUTO.BSE_IDX,01/07/2025,11:51:56,53396.29,0,0,0,0,0,0
AUTO.BSE_IDX,01/07/2025,11:52:04,53397.81,0,0,0,0,0,0
AUTO.BSE_IDX,01/07/2025,11:52:12,53401.81,0,0,0,0,0,0
AUTO.BSE_IDX,01/07/2025,11:52:20,53401.81,0,0,0,0,0,0
AUTO.BSE_IDX,01/07/2025,11:52:28,53401.81,0,0,0,0,0,0
AUTO.BSE_IDX,01/07/2025,11:52:36,53399.99,0,0,0,0,0,0
AUTO.BSE_IDX,01/07/2025,11:52:44,53403.56,0,0,0,0,0,0
AUTO.BSE_IDX,01/07/2025,11:52:52,53403.56,0,0,0,0,0,0
AUTO.BSE_IDX,01/07/2025,11:53:00,53395.8,0,0,0,0,0,0
AUTO.BSE_IDX,01/07/2025,11:53:08,53392.53,0,0,0,0,0,0
AUTO.BSE_IDX,01/07/2025,11:53:16,53388.87,0,0,0,0,0,0
AUTO.BSE_IDX,01/07/2025,11:53:24,53384.77,0,0,0,0,0,0
AUTO.BSE_IDX,01/07/2025,11:53:32,53383.58,0,0,0,0,0,0
AUTO.BSE_IDX,01/07/2025,11:53:40,53376.51,0,0,0,0,0,0
AUTO.BSE_IDX,01/07/2025,11:53:48,53361.59,0,0,0,0,0,0
AUTO.BSE_IDX,01/07/2025,11:53:56,53361.78,0,0,0,0,0,0
AUTO.BSE_IDX,01/07/2025,11:54:04,53359.67,0,0,0,0,0,0
AUTO.BSE_IDX,01/07/2025,11:54:12,53355.29,0,0,0,0,0,0
AUTO.BSE_IDX,01/07/2025,11:54:20,53357.95,0,0,0,0,0,0
AUTO.BSE_IDX,01/07/2025,11:54:28,53359.77,0,0,0,0,0,0
AUTO.BSE_IDX,01/07/2025,11:54:36,53359.96,0,0,0,0,0,0
AUTO.BSE_IDX,01/07/2025,11:54:44,53362.24,0,0,0,0,0,0
AUTO.BSE_IDX,01/07/2025,11:54:52,53361.1,0,0,0,0,0,0
AUTO.BSE_IDX,01/07/2025,11:55:00,53361.6,0,0,0,0,0,0
AUTO.BSE_IDX,01/07/2025,11:55:08,53369.56,0,0,0,0,0,0
AUTO.BSE_IDX,01/07/2025,11:55:17,53366.42,0,0,0,0,0,0
AUTO.BSE_IDX,01/07/2025,11:55:24,53364.64,0,0,0,0,0,0
AUTO.BSE_IDX,01/07/2025,11:55:32,53365.97,0,0,0,0,0,0
AUTO.BSE_IDX,01/07/2025,11:55:40,53368.69,0,0,0,0,0,0
AUTO.BSE_IDX,01/07/2025,11:55:48,53363.92,0,0,0,0,0,0
AUTO.BSE_IDX,01/07/2025,11:55:56,53368.71,0,0,0,0,0,0
AUTO.BSE_IDX,01/07/2025,11:56:05,53358.71,0,0,0,0,0,0
AUTO.BSE_IDX,01/07/2025,11:56:12,53350.63,0,0,0,0,0,0
AUTO.BSE_IDX,01/07/2025,11:56:20,53351.47,0,0,0,0,0,0
AUTO.BSE_IDX,01/07/2025,11:56:28,53347.1,0,0,0,0,0,0
AUTO.BSE_IDX,01/07/2025,11:56:36,53344.48,0,0,0,0,0,0
AUTO.BSE_IDX,01/07/2025,11:56:44,53348.53,0,0,0,0,0,0
AUTO.BSE_IDX,01/07/2025,11:56:52,53340.83,0,0,0,0,0,0
AUTO.BSE_IDX,01/07/2025,11:57:00,53339.92,0,0,0,0,0,0
AUTO.BSE_IDX,01/07/2025,11:57:08,53341.96,0,0,0,0,0,0
AUTO.BSE_IDX,01/07/2025,11:57:16,53339.58,0,0,0,0,0,0
AUTO.BSE_IDX,01/07/2025,11:57:24,53344.6,0,0,0,0,0,0
AUTO.BSE_IDX,01/07/2025,11:57:32,53346.71,0,0,0,0,0,0
AUTO.BSE_IDX,01/07/2025,11:57:40,53348.94,0,0,0,0,0,0
AUTO.BSE_IDX,01/07/2025,11:57:48,53341.36,0,0,0,0,0,0
AUTO.BSE_IDX,01/07/2025,11:57:56,53335.52,0,0,0,0,0,0
AUTO.BSE_IDX,01/07/2025,11:58:04,53337.33,0,0,0,0,0,0
AUTO.BSE_IDX,01/07/2025,11:58:12,53338.22,0,0,0,0,0,0
AUTO.BSE_IDX,01/07/2025,11:58:20,53336.66,0,0,0,0,0,0
AUTO.BSE_IDX,01/07/2025,11:58:28,53337.32,0,0,0,0,0,0
AUTO.BSE_IDX,01/07/2025,11:58:36,53327.47,0,0,0,0,0,0
AUTO.BSE_IDX,01/07/2025,11:58:44,53330.91,0,0,0,0,0,0
AUTO.BSE_IDX,01/07/2025,11:58:52,53330.9,0,0,0,0,0,0
AUTO.BSE_IDX,01/07/2025,11:59:00,53327.72,0,0,0,0,0,0
AUTO.BSE_IDX,01/07/2025,11:59:08,53343.34,0,0,0,0,0,0
AUTO.BSE_IDX,01/07/2025,11:59:16,53345.43,0,0,0,0,0,0
AUTO.BSE_IDX,01/07/2025,11:59:24,53345.8,0,0,0,0,0,0
AUTO.BSE_IDX,01/07/2025,11:59:32,53347.18,0,0,0,0,0,0
AUTO.BSE_IDX,01/07/2025,11:59:40,53348.19,0,0,0,0,0,0
AUTO.BSE_IDX,01/07/2025,11:59:48,53351.98,0,0,0,0,0,0
AUTO.BSE_IDX,01/07/2025,11:59:56,53356.59,0,0,0,0,0,0
AUTO.BSE_IDX,01/07/2025,12:00:05,53362.23,0,0,0,0,0,0
AUTO.BSE_IDX,01/07/2025,12:00:12,53356.69,0,0,0,0,0,0
AUTO.BSE_IDX,01/07/2025,12:00:20,53359.1,0,0,0,0,0,0
AUTO.BSE_IDX,01/07/2025,12:00:28,53348.86,0,0,0,0,0,0
AUTO.BSE_IDX,01/07/2025,12:00:37,53339.62,0,0,0,0,0,0
AUTO.BSE_IDX,01/07/2025,12:00:44,53340.48,0,0,0,0,0,0
AUTO.BSE_IDX,01/07/2025,12:00:52,53340.14,0,0,0,0,0,0
AUTO.BSE_IDX,01/07/2025,12:01:00,53344,0,0,0,0,0,0
AUTO.BSE_IDX,01/07/2025,12:01:08,53341.83,0,0,0,0,0,0
AUTO.BSE_IDX,01/07/2025,12:01:16,53341.26,0,0,0,0,0,0
AUTO.BSE_IDX,01/07/2025,12:01:24,53347.25,0,0,0,0,0,0
AUTO.BSE_IDX,01/07/2025,12:01:32,53347.81,0,0,0,0,0,0
AUTO.BSE_IDX,01/07/2025,12:01:40,53345.83,0,0,0,0,0,0
AUTO.BSE_IDX,01/07/2025,12:01:48,53344.75,0,0,0,0,0,0
AUTO.BSE_IDX,01/07/2025,12:01:57,53340.47,0,0,0,0,0,0
AUTO.BSE_IDX,01/07/2025,12:02:04,53344.62,0,0,0,0,0,0
AUTO.BSE_IDX,01/07/2025,12:02:12,53357.41,0,0,0,0,0,0
AUTO.BSE_IDX,01/07/2025,12:02:20,53354,0,0,0,0,0,0
AUTO.BSE_IDX,01/07/2025,12:02:28,53360.91,0,0,0,0,0,0
AUTO.BSE_IDX,01/07/2025,12:02:36,53359.23,0,0,0,0,0,0
AUTO.BSE_IDX,01/07/2025,12:02:44,53357.22,0,0,0,0,0,0
AUTO.BSE_IDX,01/07/2025,12:02:52,53356.44,0,0,0,0,0,0
AUTO.BSE_IDX,01/07/2025,12:03:00,53360.56,0,0,0,0,0,0
AUTO.BSE_IDX,01/07/2025,12:03:08,53361.38,0,0,0,0,0,0
AUTO.BSE_IDX,01/07/2025,12:03:17,53361.35,0,0,0,0,0,0
AUTO.BSE_IDX,01/07/2025,12:03:24,53359.77,0,0,0,0,0,0
AUTO.BSE_IDX,01/07/2025,12:03:32,53359.77,0,0,0,0,0,0
AUTO.BSE_IDX,01/07/2025,12:03:40,53359.27,0,0,0,0,0,0
AUTO.BSE_IDX,01/07/2025,12:03:48,53363.14,0,0,0,0,0,0
AUTO.BSE_IDX,01/07/2025,12:03:56,53361.29,0,0,0,0,0,0
AUTO.BSE_IDX,01/07/2025,12:04:04,53370.35,0,0,0,0,0,0
AUTO.BSE_IDX,01/07/2025,12:04:12,53370.09,0,0,0,0,0,0
AUTO.BSE_IDX,01/07/2025,12:04:20,53368.72,0,0,0,0,0,0
AUTO.BSE_IDX,01/07/2025,12:04:28,53367.87,0,0,0,0,0,0
AUTO.BSE_IDX,01/07/2025,12:04:36,53368.92,0,0,0,0,0,0
AUTO.BSE_IDX,01/07/2025,12:04:44,53367.93,0,0,0,0,0,0
AUTO.BSE_IDX,01/07/2025,12:04:52,53367.96,0,0,0,0,0,0
AUTO.BSE_IDX,01/07/2025,12:05:01,53367.4,0,0,0,0,0,0
AUTO.BSE_IDX,01/07/2025,12:05:08,53359.24,0,0,0,0,0,0
AUTO.BSE_IDX,01/07/2025,12:05:16,53358.55,0,0,0,0,0,0
AUTO.BSE_IDX,01/07/2025,12:05:24,53363.46,0,0,0,0,0,0
AUTO.BSE_IDX,01/07/2025,12:05:32,53365.3,0,0,0,0,0,0
AUTO.BSE_IDX,01/07/2025,12:05:40,53365.63,0,0,0,0,0,0
AUTO.BSE_IDX,01/07/2025,12:05:48,53362.66,0,0,0,0,0,0
AUTO.BSE_IDX,01/07/2025,12:05:56,53369.58,0,0,0,0,0,0
AUTO.BSE_IDX,01/07/2025,12:06:04,53362.83,0,0,0,0,0,0
AUTO.BSE_IDX,01/07/2025,12:06:12,53368.78,0,0,0,0,0,0
AUTO.BSE_IDX,01/07/2025,12:06:20,53360.23,0,0,0,0,0,0
AUTO.BSE_IDX,01/07/2025,12:06:28,53359.83,0,0,0,0,0,0
AUTO.BSE_IDX,01/07/2025,12:06:36,53355.12,0,0,0,0,0,0
AUTO.BSE_IDX,01/07/2025,12:06:44,53359.69,0,0,0,0,0,0
AUTO.BSE_IDX,01/07/2025,12:06:53,53357.54,0,0,0,0,0,0
AUTO.BSE_IDX,01/07/2025,12:07:00,53354.69,0,0,0,0,0,0
AUTO.BSE_IDX,01/07/2025,12:07:08,53356.25,0,0,0,0,0,0
AUTO.BSE_IDX,01/07/2025,12:07:16,53364.73,0,0,0,0,0,0
AUTO.BSE_IDX,01/07/2025,12:07:24,53364.28,0,0,0,0,0,0
AUTO.BSE_IDX,01/07/2025,12:07:32,53357.9,0,0,0,0,0,0
AUTO.BSE_IDX,01/07/2025,12:07:40,53355.51,0,0,0,0,0,0
AUTO.BSE_IDX,01/07/2025,12:07:48,53356.23,0,0,0,0,0,0
AUTO.BSE_IDX,01/07/2025,12:07:56,53355.76,0,0,0,0,0,0
AUTO.BSE_IDX,01/07/2025,12:08:04,53355.97,0,0,0,0,0,0
AUTO.BSE_IDX,01/07/2025,12:08:12,53352.69,0,0,0,0,0,0
AUTO.BSE_IDX,01/07/2025,12:08:20,53351.53,0,0,0,0,0,0
AUTO.BSE_IDX,01/07/2025,12:08:28,53350.44,0,0,0,0,0,0
AUTO.BSE_IDX,01/07/2025,12:08:36,53351.57,0,0,0,0,0,0
AUTO.BSE_IDX,01/07/2025,12:08:44,53353.06,0,0,0,0,0,0
AUTO.BSE_IDX,01/07/2025,12:08:52,53355.79,0,0,0,0,0,0
AUTO.BSE_IDX,01/07/2025,12:09:00,53353.43,0,0,0,0,0,0
AUTO.BSE_IDX,01/07/2025,12:09:08,53357.31,0,0,0,0,0,0
AUTO.BSE_IDX,01/07/2025,12:09:16,53357.01,0,0,0,0,0,0
AUTO.BSE_IDX,01/07/2025,12:09:25,53358.38,0,0,0,0,0,0
AUTO.BSE_IDX,01/07/2025,12:09:32,53356.76,0,0,0,0,0,0
AUTO.BSE_IDX,01/07/2025,12:09:40,53355.05,0,0,0,0,0,0
AUTO.BSE_IDX,01/07/2025,12:09:48,53353.47,0,0,0,0,0,0
AUTO.BSE_IDX,01/07/2025,12:09:57,53356.47,0,0,0,0,0,0
AUTO.BSE_IDX,01/07/2025,12:10:05,53345.93,0,0,0,0,0,0
AUTO.BSE_IDX,01/07/2025,12:10:13,53347.66,0,0,0,0,0,0
AUTO.BSE_IDX,01/07/2025,12:10:22,53358.99,0,0,0,0,0,0
AUTO.BSE_IDX,01/07/2025,12:10:28,53356.51,0,0,0,0,0,0
AUTO.BSE_IDX,01/07/2025,12:10:36,53356.52,0,0,0,0,0,0
AUTO.BSE_IDX,01/07/2025,12:10:45,53355.53,0,0,0,0,0,0
AUTO.BSE_IDX,01/07/2025,12:10:52,53353.28,0,0,0,0,0,0
AUTO.BSE_IDX,01/07/2025,12:11:00,53345.42,0,0,0,0,0,0
AUTO.BSE_IDX,01/07/2025,12:11:08,53344.89,0,0,0,0,0,0
AUTO.BSE_IDX,01/07/2025,12:11:17,53345.65,0,0,0,0,0,0
AUTO.BSE_IDX,01/07/2025,12:11:24,53346.1,0,0,0,0,0,0
AUTO.BSE_IDX,01/07/2025,12:11:32,53346.91,0,0,0,0,0,0
AUTO.BSE_IDX,01/07/2025,12:11:40,53344.14,0,0,0,0,0,0
AUTO.BSE_IDX,01/07/2025,12:11:49,53346.44,0,0,0,0,0,0
AUTO.BSE_IDX,01/07/2025,12:11:57,53348.18,0,0,0,0,0,0
AUTO.BSE_IDX,01/07/2025,12:12:05,53347.97,0,0,0,0,0,0
AUTO.BSE_IDX,01/07/2025,12:12:13,53347.38,0,0,0,0,0,0
AUTO.BSE_IDX,01/07/2025,12:12:21,53347.84,0,0,0,0,0,0
AUTO.BSE_IDX,01/07/2025,12:12:29,53351,0,0,0,0,0,0
AUTO.BSE_IDX,01/07/2025,12:12:37,53353.95,0,0,0,0,0,0
AUTO.BSE_IDX,01/07/2025,12:12:45,53351.11,0,0,0,0,0,0
AUTO.BSE_IDX,01/07/2025,12:12:53,53353.25,0,0,0,0,0,0
AUTO.BSE_IDX,01/07/2025,12:13:01,53358.82,0,0,0,0,0,0
AUTO.BSE_IDX,01/07/2025,12:13:09,53361.06,0,0,0,0,0,0
AUTO.BSE_IDX,01/07/2025,12:13:17,53358.71,0,0,0,0,0,0
AUTO.BSE_IDX,01/07/2025,12:13:25,53356.97,0,0,0,0,0,0
AUTO.BSE_IDX,01/07/2025,12:13:33,53355.31,0,0,0,0,0,0
AUTO.BSE_IDX,01/07/2025,12:13:41,53365.86,0,0,0,0,0,0
AUTO.BSE_IDX,01/07/2025,12:13:49,53365.17,0,0,0,0,0,0
AUTO.BSE_IDX,01/07/2025,12:13:57,53366.04,0,0,0,0,0,0
AUTO.BSE_IDX,01/07/2025,12:14:05,53362.65,0,0,0,0,0,0
AUTO.BSE_IDX,01/07/2025,12:14:13,53363.4,0,0,0,0,0,0
AUTO.BSE_IDX,01/07/2025,12:14:21,53373.47,0,0,0,0,0,0
AUTO.BSE_IDX,01/07/2025,12:14:29,53373.47,0,0,0,0,0,0
AUTO.BSE_IDX,01/07/2025,12:14:37,53373.79,0,0,0,0,0,0
AUTO.BSE_IDX,01/07/2025,12:14:46,53377.17,0,0,0,0,0,0
AUTO.BSE_IDX,01/07/2025,12:14:54,53377.28,0,0,0,0,0,0
AUTO.BSE_IDX,01/07/2025,12:15:01,53377.6,0,0,0,0,0,0
AUTO.BSE_IDX,01/07/2025,12:15:09,53374.39,0,0,0,0,0,0
AUTO.BSE_IDX,01/07/2025,12:15:17,53376.25,0,0,0,0,0,0
AUTO.BSE_IDX,01/07/2025,12:15:25,53380.27,0,0,0,0,0,0
AUTO.BSE_IDX,01/07/2025,12:15:33,53382.74,0,0,0,0,0,0
AUTO.BSE_IDX,01/07/2025,12:15:41,53381.7,0,0,0,0,0,0
AUTO.BSE_IDX,01/07/2025,12:15:49,53386.24,0,0,0,0,0,0
AUTO.BSE_IDX,01/07/2025,12:15:57,53387.35,0,0,0,0,0,0
AUTO.BSE_IDX,01/07/2025,12:16:05,53380.6,0,0,0,0,0,0
AUTO.BSE_IDX,01/07/2025,12:16:13,53378.71,0,0,0,0,0,0
AUTO.BSE_IDX,01/07/2025,12:16:21,53376.62,0,0,0,0,0,0
AUTO.BSE_IDX,01/07/2025,12:16:29,53374,0,0,0,0,0,0
AUTO.BSE_IDX,01/07/2025,12:16:37,53374.56,0,0,0,0,0,0
AUTO.BSE_IDX,01/07/2025,12:16:45,53380.29,0,0,0,0,0,0
AUTO.BSE_IDX,01/07/2025,12:16:53,53380.11,0,0,0,0,0,0
AUTO.BSE_IDX,01/07/2025,12:17:01,53377.82,0,0,0,0,0,0
AUTO.BSE_IDX,01/07/2025,12:17:09,53377.23,0,0,0,0,0,0
AUTO.BSE_IDX,01/07/2025,12:17:17,53377.3,0,0,0,0,0,0
AUTO.BSE_IDX,01/07/2025,12:17:25,53382.48,0,0,0,0,0,0
AUTO.BSE_IDX,01/07/2025,12:17:33,53380.57,0,0,0,0,0,0
AUTO.BSE_IDX,01/07/2025,12:17:41,53380.24,0,0,0,0,0,0
AUTO.BSE_IDX,01/07/2025,12:17:49,53378.72,0,0,0,0,0,0
AUTO.BSE_IDX,01/07/2025,12:17:57,53381.78,0,0,0,0,0,0
AUTO.BSE_IDX,01/07/2025,12:18:05,53379.2,0,0,0,0,0,0
AUTO.BSE_IDX,01/07/2025,12:18:13,53379.94,0,0,0,0,0,0
AUTO.BSE_IDX,01/07/2025,12:18:21,53379.35,0,0,0,0,0,0
AUTO.BSE_IDX,01/07/2025,12:18:29,53379.7,0,0,0,0,0,0
AUTO.BSE_IDX,01/07/2025,12:18:37,53385.89,0,0,0,0,0,0
AUTO.BSE_IDX,01/07/2025,12:18:45,53386.08,0,0,0,0,0,0
AUTO.BSE_IDX,01/07/2025,12:18:53,53385.66,0,0,0,0,0,0
AUTO.BSE_IDX,01/07/2025,12:19:01,53385.74,0,0,0,0,0,0
AUTO.BSE_IDX,01/07/2025,12:19:09,53385.02,0,0,0,0,0,0
AUTO.BSE_IDX,01/07/2025,12:19:17,53385.81,0,0,0,0,0,0
AUTO.BSE_IDX,01/07/2025,12:19:25,53384.13,0,0,0,0,0,0
AUTO.BSE_IDX,01/07/2025,12:19:33,53391.42,0,0,0,0,0,0
AUTO.BSE_IDX,01/07/2025,12:19:41,53403.97,0,0,0,0,0,0
AUTO.BSE_IDX,01/07/2025,12:19:49,53406.1,0,0,0,0,0,0
AUTO.BSE_IDX,01/07/2025,12:19:57,53409.44,0,0,0,0,0,0
AUTO.BSE_IDX,01/07/2025,12:20:05,53404.25,0,0,0,0,0,0
AUTO.BSE_IDX,01/07/2025,12:20:13,53408.19,0,0,0,0,0,0
AUTO.BSE_IDX,01/07/2025,12:20:21,53418.14,0,0,0,0,0,0
AUTO.BSE_IDX,01/07/2025,12:20:29,53436.42,0,0,0,0,0,0
AUTO.BSE_IDX,01/07/2025,12:20:37,53440.16,0,0,0,0,0,0
AUTO.BSE_IDX,01/07/2025,12:20:45,53439.77,0,0,0,0,0,0
AUTO.BSE_IDX,01/07/2025,12:20:53,53439.98,0,0,0,0,0,0
AUTO.BSE_IDX,01/07/2025,12:21:01,53439.9,0,0,0,0,0,0
AUTO.BSE_IDX,01/07/2025,12:21:09,53427.05,0,0,0,0,0,0
AUTO.BSE_IDX,01/07/2025,12:21:17,53423.9,0,0,0,0,0,0
AUTO.BSE_IDX,01/07/2025,12:21:25,53423.04,0,0,0,0,0,0
AUTO.BSE_IDX,01/07/2025,12:21:33,53425.03,0,0,0,0,0,0
AUTO.BSE_IDX,01/07/2025,12:21:41,53434.52,0,0,0,0,0,0
AUTO.BSE_IDX,01/07/2025,12:21:49,53442.72,0,0,0,0,0,0
AUTO.BSE_IDX,01/07/2025,12:21:57,53442.64,0,0,0,0,0,0
AUTO.BSE_IDX,01/07/2025,12:22:05,53445.43,0,0,0,0,0,0
AUTO.BSE_IDX,01/07/2025,12:22:13,53435.53,0,0,0,0,0,0
AUTO.BSE_IDX,01/07/2025,12:22:21,53443.48,0,0,0,0,0,0
AUTO.BSE_IDX,01/07/2025,12:22:29,53443.73,0,0,0,0,0,0
AUTO.BSE_IDX,01/07/2025,12:22:37,53436.77,0,0,0,0,0,0
AUTO.BSE_IDX,01/07/2025,12:22:45,53436.77,0,0,0,0,0,0
AUTO.BSE_IDX,01/07/2025,12:22:53,53436.43,0,0,0,0,0,0
AUTO.BSE_IDX,01/07/2025,12:23:02,53434.77,0,0,0,0,0,0
AUTO.BSE_IDX,01/07/2025,12:23:09,53436.03,0,0,0,0,0,0
AUTO.BSE_IDX,01/07/2025,12:23:17,53436.24,0,0,0,0,0,0
AUTO.BSE_IDX,01/07/2025,12:23:25,53428.5,0,0,0,0,0,0
AUTO.BSE_IDX,01/07/2025,12:23:33,53425.15,0,0,0,0,0,0
AUTO.BSE_IDX,01/07/2025,12:23:41,53425.15,0,0,0,0,0,0
AUTO.BSE_IDX,01/07/2025,12:23:49,53424.32,0,0,0,0,0,0
AUTO.BSE_IDX,01/07/2025,12:23:57,53424.32,0,0,0,0,0,0
AUTO.BSE_IDX,01/07/2025,12:24:05,53424.05,0,0,0,0,0,0
AUTO.BSE_IDX,01/07/2025,12:24:13,53418.99,0,0,0,0,0,0
AUTO.BSE_IDX,01/07/2025,12:24:21,53418.22,0,0,0,0,0,0
AUTO.BSE_IDX,01/07/2025,12:24:29,53415.9,0,0,0,0,0,0
AUTO.BSE_IDX,01/07/2025,12:24:37,53415.78,0,0,0,0,0,0
AUTO.BSE_IDX,01/07/2025,12:24:45,53415.83,0,0,0,0,0,0
AUTO.BSE_IDX,01/07/2025,12:24:53,53413.42,0,0,0,0,0,0
AUTO.BSE_IDX,01/07/2025,12:25:01,53423.38,0,0,0,0,0,0
AUTO.BSE_IDX,01/07/2025,12:25:09,53420.83,0,0,0,0,0,0
AUTO.BSE_IDX,01/07/2025,12:25:17,53423.04,0,0,0,0,0,0
AUTO.BSE_IDX,01/07/2025,12:25:25,53422.37,0,0,0,0,0,0
AUTO.BSE_IDX,01/07/2025,12:25:33,53420.02,0,0,0,0,0,0
AUTO.BSE_IDX,01/07/2025,12:25:41,53420.57,0,0,0,0,0,0
AUTO.BSE_IDX,01/07/2025,12:25:49,53418.43,0,0,0,0,0,0
AUTO.BSE_IDX,01/07/2025,12:25:57,53421.13,0,0,0,0,0,0
AUTO.BSE_IDX,01/07/2025,12:26:05,53416.48,0,0,0,0,0,0
AUTO.BSE_IDX,01/07/2025,12:26:13,53419.14,0,0,0,0,0,0
AUTO.BSE_IDX,01/07/2025,12:26:21,53422.85,0,0,0,0,0,0
AUTO.BSE_IDX,01/07/2025,12:26:31,53429,0,0,0,0,0,0
AUTO.BSE_IDX,01/07/2025,12:26:37,53427.92,0,0,0,0,0,0
AUTO.BSE_IDX,01/07/2025,12:26:45,53424.48,0,0,0,0,0,0
AUTO.BSE_IDX,01/07/2025,12:26:53,53434.5,0,0,0,0,0,0
AUTO.BSE_IDX,01/07/2025,12:27:01,53432.55,0,0,0,0,0,0
AUTO.BSE_IDX,01/07/2025,12:27:09,53429.67,0,0,0,0,0,0
AUTO.BSE_IDX,01/07/2025,12:27:17,53432.02,0,0,0,0,0,0
AUTO.BSE_IDX,01/07/2025,12:27:25,53423.2,0,0,0,0,0,0
AUTO.BSE_IDX,01/07/2025,12:27:33,53419.34,0,0,0,0,0,0
AUTO.BSE_IDX,01/07/2025,12:27:41,53423.42,0,0,0,0,0,0
AUTO.BSE_IDX,01/07/2025,12:27:49,53426.89,0,0,0,0,0,0
AUTO.BSE_IDX,01/07/2025,12:27:57,53426.19,0,0,0,0,0,0
AUTO.BSE_IDX,01/07/2025,12:28:05,53420.74,0,0,0,0,0,0
AUTO.BSE_IDX,01/07/2025,12:28:13,53424.78,0,0,0,0,0,0
AUTO.BSE_IDX,01/07/2025,12:28:21,53426.32,0,0,0,0,0,0
AUTO.BSE_IDX,01/07/2025,12:28:29,53425.02,0,0,0,0,0,0
AUTO.BSE_IDX,01/07/2025,12:28:37,53425.85,0,0,0,0,0,0
AUTO.BSE_IDX,01/07/2025,12:28:45,53423.16,0,0,0,0,0,0
AUTO.BSE_IDX,01/07/2025,12:28:53,53423.32,0,0,0,0,0,0
AUTO.BSE_IDX,01/07/2025,12:29:01,53421.16,0,0,0,0,0,0
AUTO.BSE_IDX,01/07/2025,12:29:10,53418.68,0,0,0,0,0,0
AUTO.BSE_IDX,01/07/2025,12:29:18,53421.52,0,0,0,0,0,0
AUTO.BSE_IDX,01/07/2025,12:29:25,53421.01,0,0,0,0,0,0
AUTO.BSE_IDX,01/07/2025,12:29:33,53422.2,0,0,0,0,0,0
AUTO.BSE_IDX,01/07/2025,12:29:41,53419.91,0,0,0,0,0,0
AUTO.BSE_IDX,01/07/2025,12:29:49,53416.22,0,0,0,0,0,0
AUTO.BSE_IDX,01/07/2025,12:29:57,53417.9,0,0,0,0,0,0
AUTO.BSE_IDX,01/07/2025,12:30:05,53418.41,0,0,0,0,0,0
AUTO.BSE_IDX,01/07/2025,12:30:13,53415.24,0,0,0,0,0,0
AUTO.BSE_IDX,01/07/2025,12:30:22,53412.53,0,0,0,0,0,0
AUTO.BSE_IDX,01/07/2025,12:30:29,53416.48,0,0,0,0,0,0
AUTO.BSE_IDX,01/07/2025,12:30:37,53415.12,0,0,0,0,0,0
AUTO.BSE_IDX,01/07/2025,12:30:45,53414.77,0,0,0,0,0,0
AUTO.BSE_IDX,01/07/2025,12:30:53,53415.43,0,0,0,0,0,0
AUTO.BSE_IDX,01/07/2025,12:31:01,53423.75,0,0,0,0,0,0
AUTO.BSE_IDX,01/07/2025,12:31:09,53417.69,0,0,0,0,0,0
AUTO.BSE_IDX,01/07/2025,12:31:17,53400.51,0,0,0,0,0,0
AUTO.BSE_IDX,01/07/2025,12:31:25,53398.9,0,0,0,0,0,0
AUTO.BSE_IDX,01/07/2025,12:31:34,53395.58,0,0,0,0,0,0
AUTO.BSE_IDX,01/07/2025,12:31:41,53388.52,0,0,0,0,0,0
AUTO.BSE_IDX,01/07/2025,12:31:49,53383.33,0,0,0,0,0,0
AUTO.BSE_IDX,01/07/2025,12:31:57,53380.97,0,0,0,0,0,0
AUTO.BSE_IDX,01/07/2025,12:32:05,53374.76,0,0,0,0,0,0
AUTO.BSE_IDX,01/07/2025,12:32:13,53374.76,0,0,0,0,0,0
AUTO.BSE_IDX,01/07/2025,12:32:21,53371.53,0,0,0,0,0,0
AUTO.BSE_IDX,01/07/2025,12:32:29,53375.57,0,0,0,0,0,0
AUTO.BSE_IDX,01/07/2025,12:32:37,53372.8,0,0,0,0,0,0
AUTO.BSE_IDX,01/07/2025,12:32:45,53368.27,0,0,0,0,0,0
AUTO.BSE_IDX,01/07/2025,12:32:53,53371.21,0,0,0,0,0,0
AUTO.BSE_IDX,01/07/2025,12:33:01,53369.45,0,0,0,0,0,0
AUTO.BSE_IDX,01/07/2025,12:33:09,53366.11,0,0,0,0,0,0
AUTO.BSE_IDX,01/07/2025,12:33:17,53367.24,0,0,0,0,0,0
AUTO.BSE_IDX,01/07/2025,12:33:26,53368.2,0,0,0,0,0,0
AUTO.BSE_IDX,01/07/2025,12:33:33,53372.32,0,0,0,0,0,0
AUTO.BSE_IDX,01/07/2025,12:33:41,53370.31,0,0,0,0,0,0
AUTO.BSE_IDX,01/07/2025,12:33:49,53366.27,0,0,0,0,0,0
AUTO.BSE_IDX,01/07/2025,12:33:57,53365.74,0,0,0,0,0,0
AUTO.BSE_IDX,01/07/2025,12:34:05,53370.31,0,0,0,0,0,0
AUTO.BSE_IDX,01/07/2025,12:34:13,53370.52,0,0,0,0,0,0
AUTO.BSE_IDX,01/07/2025,12:34:21,53367.37,0,0,0,0,0,0
AUTO.BSE_IDX,01/07/2025,12:34:29,53371.89,0,0,0,0,0,0
AUTO.BSE_IDX,01/07/2025,12:34:37,53370.19,0,0,0,0,0,0
AUTO.BSE_IDX,01/07/2025,12:34:45,53373.49,0,0,0,0,0,0
AUTO.BSE_IDX,01/07/2025,12:34:53,53369.45,0,0,0,0,0,0
AUTO.BSE_IDX,01/07/2025,12:35:01,53375.04,0,0,0,0,0,0
AUTO.BSE_IDX,01/07/2025,12:35:09,53372.52,0,0,0,0,0,0
AUTO.BSE_IDX,01/07/2025,12:35:17,53376.71,0,0,0,0,0,0
AUTO.BSE_IDX,01/07/2025,12:35:25,53376.07,0,0,0,0,0,0
AUTO.BSE_IDX,01/07/2025,12:35:33,53374.89,0,0,0,0,0,0
AUTO.BSE_IDX,01/07/2025,12:35:41,53374.92,0,0,0,0,0,0
AUTO.BSE_IDX,01/07/2025,12:35:49,53380,0,0,0,0,0,0
AUTO.BSE_IDX,01/07/2025,12:35:57,53381.64,0,0,0,0,0,0
AUTO.BSE_IDX,01/07/2025,12:36:05,53382.54,0,0,0,0,0,0
AUTO.BSE_IDX,01/07/2025,12:36:13,53382.31,0,0,0,0,0,0
AUTO.BSE_IDX,01/07/2025,12:36:21,53378.88,0,0,0,0,0,0
AUTO.BSE_IDX,01/07/2025,12:36:29,53379.3,0,0,0,0,0,0
AUTO.BSE_IDX,01/07/2025,12:36:37,53385.5,0,0,0,0,0,0
AUTO.BSE_IDX,01/07/2025,12:36:45,53385.58,0,0,0,0,0,0
AUTO.BSE_IDX,01/07/2025,12:36:53,53384.28,0,0,0,0,0,0
AUTO.BSE_IDX,01/07/2025,12:37:01,53385.5,0,0,0,0,0,0
AUTO.BSE_IDX,01/07/2025,12:37:09,53385.91,0,0,0,0,0,0
AUTO.BSE_IDX,01/07/2025,12:37:17,53391.47,0,0,0,0,0,0
AUTO.BSE_IDX,01/07/2025,12:37:25,53389.71,0,0,0,0,0,0
AUTO.BSE_IDX,01/07/2025,12:37:33,53384.12,0,0,0,0,0,0
AUTO.BSE_IDX,01/07/2025,12:37:41,53383.98,0,0,0,0,0,0
AUTO.BSE_IDX,01/07/2025,12:37:49,53384.92,0,0,0,0,0,0
AUTO.BSE_IDX,01/07/2025,12:37:57,53382.98,0,0,0,0,0,0
AUTO.BSE_IDX,01/07/2025,12:38:05,53383.54,0,0,0,0,0,0
AUTO.BSE_IDX,01/07/2025,12:38:13,53377.48,0,0,0,0,0,0
AUTO.BSE_IDX,01/07/2025,12:38:22,53376.66,0,0,0,0,0,0
AUTO.BSE_IDX,01/07/2025,12:38:29,53378.91,0,0,0,0,0,0
AUTO.BSE_IDX,01/07/2025,12:38:39,53379.01,0,0,0,0,0,0
AUTO.BSE_IDX,01/07/2025,12:38:45,53380.28,0,0,0,0,0,0
AUTO.BSE_IDX,01/07/2025,12:38:53,53390.85,0,0,0,0,0,0
AUTO.BSE_IDX,01/07/2025,12:39:01,53393.59,0,0,0,0,0,0
AUTO.BSE_IDX,01/07/2025,12:39:10,53395.26,0,0,0,0,0,0
AUTO.BSE_IDX,01/07/2025,12:39:17,53401.89,0,0,0,0,0,0
AUTO.BSE_IDX,01/07/2025,12:39:25,53401.21,0,0,0,0,0,0
AUTO.BSE_IDX,01/07/2025,12:39:34,53404.87,0,0,0,0,0,0
AUTO.BSE_IDX,01/07/2025,12:39:42,53404.83,0,0,0,0,0,0
AUTO.BSE_IDX,01/07/2025,12:39:49,53406.03,0,0,0,0,0,0
AUTO.BSE_IDX,01/07/2025,12:39:57,53408.2,0,0,0,0,0,0
AUTO.BSE_IDX,01/07/2025,12:40:05,53404.03,0,0,0,0,0,0
AUTO.BSE_IDX,01/07/2025,12:40:14,53406.75,0,0,0,0,0,0
AUTO.BSE_IDX,01/07/2025,12:40:21,53404.23,0,0,0,0,0,0
AUTO.BSE_IDX,01/07/2025,12:40:29,53404.35,0,0,0,0,0,0
AUTO.BSE_IDX,01/07/2025,12:40:37,53397.36,0,0,0,0,0,0
AUTO.BSE_IDX,01/07/2025,12:40:45,53398.92,0,0,0,0,0,0
AUTO.BSE_IDX,01/07/2025,12:40:54,53399.07,0,0,0,0,0,0
AUTO.BSE_IDX,01/07/2025,12:41:01,53410.97,0,0,0,0,0,0
AUTO.BSE_IDX,01/07/2025,12:41:09,53403.98,0,0,0,0,0,0
AUTO.BSE_IDX,01/07/2025,12:41:17,53403.98,0,0,0,0,0,0
AUTO.BSE_IDX,01/07/2025,12:41:25,53413.01,0,0,0,0,0,0
AUTO.BSE_IDX,01/07/2025,12:41:33,53425.91,0,0,0,0,0,0
AUTO.BSE_IDX,01/07/2025,12:41:41,53437.54,0,0,0,0,0,0
AUTO.BSE_IDX,01/07/2025,12:41:49,53435.65,0,0,0,0,0,0
AUTO.BSE_IDX,01/07/2025,12:41:57,53443.75,0,0,0,0,0,0
AUTO.BSE_IDX,01/07/2025,12:42:05,53445.8,0,0,0,0,0,0
AUTO.BSE_IDX,01/07/2025,12:42:13,53445.83,0,0,0,0,0,0
AUTO.BSE_IDX,01/07/2025,12:42:21,53439.71,0,0,0,0,0,0
AUTO.BSE_IDX,01/07/2025,12:42:29,53443.65,0,0,0,0,0,0
AUTO.BSE_IDX,01/07/2025,12:42:37,53437.31,0,0,0,0,0,0
AUTO.BSE_IDX,01/07/2025,12:42:45,53444.42,0,0,0,0,0,0
AUTO.BSE_IDX,01/07/2025,12:42:53,53443.88,0,0,0,0,0,0
AUTO.BSE_IDX,01/07/2025,12:43:01,53441.92,0,0,0,0,0,0
AUTO.BSE_IDX,01/07/2025,12:43:10,53438.52,0,0,0,0,0,0
AUTO.BSE_IDX,01/07/2025,12:43:17,53438.17,0,0,0,0,0,0
AUTO.BSE_IDX,01/07/2025,12:43:26,53440.26,0,0,0,0,0,0
AUTO.BSE_IDX,01/07/2025,12:43:33,53441.88,0,0,0,0,0,0
AUTO.BSE_IDX,01/07/2025,12:43:41,53442.57,0,0,0,0,0,0
AUTO.BSE_IDX,01/07/2025,12:43:49,53441.89,0,0,0,0,0,0
AUTO.BSE_IDX,01/07/2025,12:43:58,53438.27,0,0,0,0,0,0
AUTO.BSE_IDX,01/07/2025,12:44:05,53439.77,0,0,0,0,0,0
AUTO.BSE_IDX,01/07/2025,12:44:14,53434.62,0,0,0,0,0,0
AUTO.BSE_IDX,01/07/2025,12:44:21,53428.36,0,0,0,0,0,0
AUTO.BSE_IDX,01/07/2025,12:44:29,53427.82,0,0,0,0,0,0
AUTO.BSE_IDX,01/07/2025,12:44:38,53431.78,0,0,0,0,0,0
AUTO.BSE_IDX,01/07/2025,12:44:45,53434.28,0,0,0,0,0,0
AUTO.BSE_IDX,01/07/2025,12:44:53,53417.72,0,0,0,0,0,0
AUTO.BSE_IDX,01/07/2025,12:45:01,53416.4,0,0,0,0,0,0
AUTO.BSE_IDX,01/07/2025,12:45:11,53416.69,0,0,0,0,0,0
AUTO.BSE_IDX,01/07/2025,12:45:17,53411.82,0,0,0,0,0,0
AUTO.BSE_IDX,01/07/2025,12:45:25,53413.11,0,0,0,0,0,0
AUTO.BSE_IDX,01/07/2025,12:45:34,53411.92,0,0,0,0,0,0
AUTO.BSE_IDX,01/07/2025,12:45:42,53413.59,0,0,0,0,0,0
AUTO.BSE_IDX,01/07/2025,12:45:50,53416.66,0,0,0,0,0,0
AUTO.BSE_IDX,01/07/2025,12:45:58,53412.8,0,0,0,0,0,0
AUTO.BSE_IDX,01/07/2025,12:46:06,53411.84,0,0,0,0,0,0
AUTO.BSE_IDX,01/07/2025,12:46:14,53410.83,0,0,0,0,0,0
AUTO.BSE_IDX,01/07/2025,12:46:22,53408.78,0,0,0,0,0,0
AUTO.BSE_IDX,01/07/2025,12:46:30,53405.63,0,0,0,0,0,0
AUTO.BSE_IDX,01/07/2025,12:46:38,53404.26,0,0,0,0,0,0
AUTO.BSE_IDX,01/07/2025,12:46:46,53403.6,0,0,0,0,0,0
AUTO.BSE_IDX,01/07/2025,12:46:54,53403.36,0,0,0,0,0,0
AUTO.BSE_IDX,01/07/2025,12:47:02,53407.63,0,0,0,0,0,0
AUTO.BSE_IDX,01/07/2025,12:47:10,53405.14,0,0,0,0,0,0
AUTO.BSE_IDX,01/07/2025,12:47:18,53405.06,0,0,0,0,0,0
AUTO.BSE_IDX,01/07/2025,12:47:26,53404.86,0,0,0,0,0,0
AUTO.BSE_IDX,01/07/2025,12:47:34,53404.17,0,0,0,0,0,0
AUTO.BSE_IDX,01/07/2025,12:47:42,53406.34,0,0,0,0,0,0
AUTO.BSE_IDX,01/07/2025,12:47:50,53403.94,0,0,0,0,0,0
AUTO.BSE_IDX,01/07/2025,12:47:58,53402.98,0,0,0,0,0,0
AUTO.BSE_IDX,01/07/2025,12:48:06,53400.96,0,0,0,0,0,0
AUTO.BSE_IDX,01/07/2025,12:48:14,53402.2,0,0,0,0,0,0
AUTO.BSE_IDX,01/07/2025,12:48:22,53405.86,0,0,0,0,0,0
AUTO.BSE_IDX,01/07/2025,12:48:30,53408.76,0,0,0,0,0,0
AUTO.BSE_IDX,01/07/2025,12:48:38,53408.16,0,0,0,0,0,0
AUTO.BSE_IDX,01/07/2025,12:48:46,53408.62,0,0,0,0,0,0
AUTO.BSE_IDX,01/07/2025,12:48:54,53409.14,0,0,0,0,0,0
AUTO.BSE_IDX,01/07/2025,12:49:02,53409.25,0,0,0,0,0,0
AUTO.BSE_IDX,01/07/2025,12:49:10,53406.77,0,0,0,0,0,0
AUTO.BSE_IDX,01/07/2025,12:49:18,53408.96,0,0,0,0,0,0
AUTO.BSE_IDX,01/07/2025,12:49:26,53406.68,0,0,0,0,0,0
AUTO.BSE_IDX,01/07/2025,12:49:34,53408.35,0,0,0,0,0,0
AUTO.BSE_IDX,01/07/2025,12:49:42,53407.49,0,0,0,0,0,0
AUTO.BSE_IDX,01/07/2025,12:49:50,53406.95,0,0,0,0,0,0
AUTO.BSE_IDX,01/07/2025,12:49:58,53404.3,0,0,0,0,0,0
AUTO.BSE_IDX,01/07/2025,12:50:06,53404.3,0,0,0,0,0,0
AUTO.BSE_IDX,01/07/2025,12:50:14,53404.21,0,0,0,0,0,0
AUTO.BSE_IDX,01/07/2025,12:50:22,53404.02,0,0,0,0,0,0
AUTO.BSE_IDX,01/07/2025,12:50:30,53404.88,0,0,0,0,0,0
AUTO.BSE_IDX,01/07/2025,12:50:38,53407.37,0,0,0,0,0,0
AUTO.BSE_IDX,01/07/2025,12:50:47,53403.16,0,0,0,0,0,0
AUTO.BSE_IDX,01/07/2025,12:50:54,53402.09,0,0,0,0,0,0
AUTO.BSE_IDX,01/07/2025,12:51:02,53402.56,0,0,0,0,0,0
AUTO.BSE_IDX,01/07/2025,12:51:10,53398.54,0,0,0,0,0,0
AUTO.BSE_IDX,01/07/2025,12:51:19,53400.83,0,0,0,0,0,0
AUTO.BSE_IDX,01/07/2025,12:51:26,53384.18,0,0,0,0,0,0
AUTO.BSE_IDX,01/07/2025,12:51:34,53381.46,0,0,0,0,0,0
AUTO.BSE_IDX,01/07/2025,12:51:42,53379.92,0,0,0,0,0,0
AUTO.BSE_IDX,01/07/2025,12:51:50,53376.41,0,0,0,0,0,0
AUTO.BSE_IDX,01/07/2025,12:51:58,53378.17,0,0,0,0,0,0
AUTO.BSE_IDX,01/07/2025,12:52:06,53388.33,0,0,0,0,0,0
AUTO.BSE_IDX,01/07/2025,12:52:14,53382.86,0,0,0,0,0,0
AUTO.BSE_IDX,01/07/2025,12:52:22,53382.59,0,0,0,0,0,0
AUTO.BSE_IDX,01/07/2025,12:52:30,53383.13,0,0,0,0,0,0
AUTO.BSE_IDX,01/07/2025,12:52:38,53385.27,0,0,0,0,0,0
AUTO.BSE_IDX,01/07/2025,12:52:46,53382.81,0,0,0,0,0,0
AUTO.BSE_IDX,01/07/2025,12:52:54,53386.16,0,0,0,0,0,0
AUTO.BSE_IDX,01/07/2025,12:53:02,53382.36,0,0,0,0,0,0
AUTO.BSE_IDX,01/07/2025,12:53:10,53385.12,0,0,0,0,0,0
AUTO.BSE_IDX,01/07/2025,12:53:18,53387.93,0,0,0,0,0,0
AUTO.BSE_IDX,01/07/2025,12:53:26,53381.95,0,0,0,0,0,0
AUTO.BSE_IDX,01/07/2025,12:53:34,53379.4,0,0,0,0,0,0
AUTO.BSE_IDX,01/07/2025,12:53:42,53372.38,0,0,0,0,0,0
AUTO.BSE_IDX,01/07/2025,12:53:50,53371.46,0,0,0,0,0,0
AUTO.BSE_IDX,01/07/2025,12:53:58,53369.78,0,0,0,0,0,0
AUTO.BSE_IDX,01/07/2025,12:54:06,53368.04,0,0,0,0,0,0
AUTO.BSE_IDX,01/07/2025,12:54:14,53368.04,0,0,0,0,0,0
AUTO.BSE_IDX,01/07/2025,12:54:22,53368.76,0,0,0,0,0,0
AUTO.BSE_IDX,01/07/2025,12:54:30,53368.07,0,0,0,0,0,0
AUTO.BSE_IDX,01/07/2025,12:54:38,53368.87,0,0,0,0,0,0
AUTO.BSE_IDX,01/07/2025,12:54:46,53368.11,0,0,0,0,0,0
AUTO.BSE_IDX,01/07/2025,12:54:54,53368.15,0,0,0,0,0,0
AUTO.BSE_IDX,01/07/2025,12:55:02,53364.74,0,0,0,0,0,0
AUTO.BSE_IDX,01/07/2025,12:55:10,53356.34,0,0,0,0,0,0
AUTO.BSE_IDX,01/07/2025,12:55:18,53360.62,0,0,0,0,0,0
AUTO.BSE_IDX,01/07/2025,12:55:26,53357.86,0,0,0,0,0,0
AUTO.BSE_IDX,01/07/2025,12:55:34,53357.76,0,0,0,0,0,0
AUTO.BSE_IDX,01/07/2025,12:55:42,53359.57,0,0,0,0,0,0
AUTO.BSE_IDX,01/07/2025,12:55:50,53361.01,0,0,0,0,0,0
AUTO.BSE_IDX,01/07/2025,12:55:58,53362.05,0,0,0,0,0,0
AUTO.BSE_IDX,01/07/2025,12:56:06,53360.95,0,0,0,0,0,0
AUTO.BSE_IDX,01/07/2025,12:56:15,53364.55,0,0,0,0,0,0
AUTO.BSE_IDX,01/07/2025,12:56:22,53366.01,0,0,0,0,0,0
AUTO.BSE_IDX,01/07/2025,12:56:30,53360.09,0,0,0,0,0,0
AUTO.BSE_IDX,01/07/2025,12:56:38,53357.44,0,0,0,0,0,0
AUTO.BSE_IDX,01/07/2025,12:56:46,53355.41,0,0,0,0,0,0
AUTO.BSE_IDX,01/07/2025,12:56:54,53354.38,0,0,0,0,0,0
AUTO.BSE_IDX,01/07/2025,12:57:02,53349.04,0,0,0,0,0,0
AUTO.BSE_IDX,01/07/2025,12:57:10,53349.02,0,0,0,0,0,0
AUTO.BSE_IDX,01/07/2025,12:57:18,53350.61,0,0,0,0,0,0
AUTO.BSE_IDX,01/07/2025,12:57:26,53350.05,0,0,0,0,0,0
AUTO.BSE_IDX,01/07/2025,12:57:34,53350.78,0,0,0,0,0,0
AUTO.BSE_IDX,01/07/2025,12:57:42,53354.43,0,0,0,0,0,0
AUTO.BSE_IDX,01/07/2025,12:57:51,53354.82,0,0,0,0,0,0
AUTO.BSE_IDX,01/07/2025,12:57:58,53355.65,0,0,0,0,0,0
AUTO.BSE_IDX,01/07/2025,12:58:06,53354.69,0,0,0,0,0,0
AUTO.BSE_IDX,01/07/2025,12:58:14,53354.68,0,0,0,0,0,0
AUTO.BSE_IDX,01/07/2025,12:58:22,53350.91,0,0,0,0,0,0
AUTO.BSE_IDX,01/07/2025,12:58:30,53351.98,0,0,0,0,0,0
AUTO.BSE_IDX,01/07/2025,12:58:38,53352.84,0,0,0,0,0,0
AUTO.BSE_IDX,01/07/2025,12:58:46,53359.88,0,0,0,0,0,0
AUTO.BSE_IDX,01/07/2025,12:58:54,53360.17,0,0,0,0,0,0
AUTO.BSE_IDX,01/07/2025,12:59:02,53367.13,0,0,0,0,0,0
AUTO.BSE_IDX,01/07/2025,12:59:10,53367.15,0,0,0,0,0,0
AUTO.BSE_IDX,01/07/2025,12:59:18,53358.31,0,0,0,0,0,0
AUTO.BSE_IDX,01/07/2025,12:59:26,53362.96,0,0,0,0,0,0
AUTO.BSE_IDX,01/07/2025,12:59:34,53357.68,0,0,0,0,0,0
AUTO.BSE_IDX,01/07/2025,12:59:42,53354.97,0,0,0,0,0,0
AUTO.BSE_IDX,01/07/2025,12:59:50,53357.84,0,0,0,0,0,0
AUTO.BSE_IDX,01/07/2025,12:59:58,53358.69,0,0,0,0,0,0
AUTO.BSE_IDX,01/07/2025,13:00:06,53361.95,0,0,0,0,0,0
AUTO.BSE_IDX,01/07/2025,13:00:14,53366.16,0,0,0,0,0,0
AUTO.BSE_IDX,01/07/2025,13:00:22,53368.05,0,0,0,0,0,0
AUTO.BSE_IDX,01/07/2025,13:00:30,53368.48,0,0,0,0,0,0
AUTO.BSE_IDX,01/07/2025,13:00:38,53370.2,0,0,0,0,0,0
AUTO.BSE_IDX,01/07/2025,13:00:46,53373.78,0,0,0,0,0,0
AUTO.BSE_IDX,01/07/2025,13:00:54,53380.55,0,0,0,0,0,0
AUTO.BSE_IDX,01/07/2025,13:01:02,53377.68,0,0,0,0,0,0
AUTO.BSE_IDX,01/07/2025,13:01:10,53375.55,0,0,0,0,0,0
AUTO.BSE_IDX,01/07/2025,13:01:18,53370.7,0,0,0,0,0,0
AUTO.BSE_IDX,01/07/2025,13:01:26,53373.87,0,0,0,0,0,0
AUTO.BSE_IDX,01/07/2025,13:01:35,53370.23,0,0,0,0,0,0
AUTO.BSE_IDX,01/07/2025,13:01:42,53370.23,0,0,0,0,0,0
AUTO.BSE_IDX,01/07/2025,13:01:50,53374.48,0,0,0,0,0,0
AUTO.BSE_IDX,01/07/2025,13:01:58,53372.99,0,0,0,0,0,0
AUTO.BSE_IDX,01/07/2025,13:02:06,53369.38,0,0,0,0,0,0
AUTO.BSE_IDX,01/07/2025,13:02:14,53368.73,0,0,0,0,0,0
AUTO.BSE_IDX,01/07/2025,13:02:22,53371.09,0,0,0,0,0,0
AUTO.BSE_IDX,01/07/2025,13:02:30,53370.56,0,0,0,0,0,0
AUTO.BSE_IDX,01/07/2025,13:02:39,53368.37,0,0,0,0,0,0
AUTO.BSE_IDX,01/07/2025,13:02:46,53367.07,0,0,0,0,0,0
AUTO.BSE_IDX,01/07/2025,13:02:54,53364.15,0,0,0,0,0,0
