Ticker,Date,Time,LTP,BuyPrice,BuyQty,SellPrice,SellQty,LTQ,OpenInterest
BANKEX.BSE_IDX,01/07/2025,09:00:00,64177.72,0,0,0,0,0,0
BANKEX.BSE_IDX,01/07/2025,09:00:01,66204.68,0,0,0,0,0,0
BANKEX.BSE_IDX,01/07/2025,09:00:02,67210.35,0,0,0,0,0,0
BANKEX.BSE_IDX,01/07/2025,09:00:03,66210.15,0,0,0,0,0,0
BANKEX.BSE_IDX,01/07/2025,09:00:04,65161.36,0,0,0,0,0,0
BANKEX.BSE_IDX,01/07/2025,09:00:05,64858.86,0,0,0,0,0,0
BANKEX.BSE_IDX,01/07/2025,09:00:06,64845.28,0,0,0,0,0,0
BANKEX.BSE_IDX,01/07/2025,09:00:07,64711.95,0,0,0,0,0,0
BANKEX.BSE_IDX,01/07/2025,09:00:08,64734.02,0,0,0,0,0,0
BANKEX.BSE_IDX,01/07/2025,09:00:09,64733.38,0,0,0,0,0,0
BANKEX.BSE_IDX,01/07/2025,09:00:10,64663.12,0,0,0,0,0,0
BANKEX.BSE_IDX,01/07/2025,09:00:11,64671.8,0,0,0,0,0,0
BANKEX.BSE_IDX,01/07/2025,09:00:12,64782.84,0,0,0,0,0,0
BANKEX.BSE_IDX,01/07/2025,09:00:13,64773.26,0,0,0,0,0,0
BANKEX.BSE_IDX,01/07/2025,09:00:14,64753.68,0,0,0,0,0,0
BANKEX.BSE_IDX,01/07/2025,09:00:15,64722.89,0,0,0,0,0,0
BANKEX.BSE_IDX,01/07/2025,09:00:16,64732.48,0,0,0,0,0,0
BANKEX.BSE_IDX,01/07/2025,09:00:17,64774.21,0,0,0,0,0,0
BANKEX.BSE_IDX,01/07/2025,09:00:18,64773.52,0,0,0,0,0,0
BANKEX.BSE_IDX,01/07/2025,09:00:19,64684.03,0,0,0,0,0,0
BANKEX.BSE_IDX,01/07/2025,09:00:20,64684.03,0,0,0,0,0,0
BANKEX.BSE_IDX,01/07/2025,09:00:21,64684.03,0,0,0,0,0,0
BANKEX.BSE_IDX,01/07/2025,09:00:22,64684.03,0,0,0,0,0,0
BANKEX.BSE_IDX,01/07/2025,09:00:23,64668.39,0,0,0,0,0,0
BANKEX.BSE_IDX,01/07/2025,09:00:24,64668.39,0,0,0,0,0,0
BANKEX.BSE_IDX,01/07/2025,09:00:25,64668.39,0,0,0,0,0,0
BANKEX.BSE_IDX,01/07/2025,09:00:26,64668.39,0,0,0,0,0,0
BANKEX.BSE_IDX,01/07/2025,09:00:27,64668.39,0,0,0,0,0,0
BANKEX.BSE_IDX,01/07/2025,09:00:28,64668.39,0,0,0,0,0,0
BANKEX.BSE_IDX,01/07/2025,09:00:29,64682.76,0,0,0,0,0,0
BANKEX.BSE_IDX,01/07/2025,09:00:30,64682.76,0,0,0,0,0,0
BANKEX.BSE_IDX,01/07/2025,09:00:31,64682.76,0,0,0,0,0,0
BANKEX.BSE_IDX,01/07/2025,09:00:32,64682.76,0,0,0,0,0,0
BANKEX.BSE_IDX,01/07/2025,09:00:33,64684.88,0,0,0,0,0,0
BANKEX.BSE_IDX,01/07/2025,09:00:34,64684.88,0,0,0,0,0,0
BANKEX.BSE_IDX,01/07/2025,09:00:35,64684.88,0,0,0,0,0,0
BANKEX.BSE_IDX,01/07/2025,09:00:36,64684.88,0,0,0,0,0,0
BANKEX.BSE_IDX,01/07/2025,09:00:37,64684.88,0,0,0,0,0,0
BANKEX.BSE_IDX,01/07/2025,09:00:38,64684.88,0,0,0,0,0,0
BANKEX.BSE_IDX,01/07/2025,09:00:39,64684.88,0,0,0,0,0,0
BANKEX.BSE_IDX,01/07/2025,09:00:40,64567.45,0,0,0,0,0,0
BANKEX.BSE_IDX,01/07/2025,09:00:41,64567.45,0,0,0,0,0,0
BANKEX.BSE_IDX,01/07/2025,09:00:42,64567.45,0,0,0,0,0,0
BANKEX.BSE_IDX,01/07/2025,09:00:43,64567.45,0,0,0,0,0,0
BANKEX.BSE_IDX,01/07/2025,09:00:44,64567.45,0,0,0,0,0,0
BANKEX.BSE_IDX,01/07/2025,09:00:45,64567.45,0,0,0,0,0,0
BANKEX.BSE_IDX,01/07/2025,09:00:46,64567.45,0,0,0,0,0,0
BANKEX.BSE_IDX,01/07/2025,09:00:47,64567.45,0,0,0,0,0,0
BANKEX.BSE_IDX,01/07/2025,09:00:48,64567.45,0,0,0,0,0,0
BANKEX.BSE_IDX,01/07/2025,09:00:49,64567.45,0,0,0,0,0,0
BANKEX.BSE_IDX,01/07/2025,09:00:50,64567.45,0,0,0,0,0,0
BANKEX.BSE_IDX,01/07/2025,09:00:51,64567.45,0,0,0,0,0,0
BANKEX.BSE_IDX,01/07/2025,09:00:52,64567.45,0,0,0,0,0,0
BANKEX.BSE_IDX,01/07/2025,09:00:53,64567.45,0,0,0,0,0,0
BANKEX.BSE_IDX,01/07/2025,09:00:54,64567.45,0,0,0,0,0,0
BANKEX.BSE_IDX,01/07/2025,09:00:55,64567.45,0,0,0,0,0,0
BANKEX.BSE_IDX,01/07/2025,09:00:56,64567.45,0,0,0,0,0,0
BANKEX.BSE_IDX,01/07/2025,09:00:57,64567.45,0,0,0,0,0,0
BANKEX.BSE_IDX,01/07/2025,09:00:58,64567.45,0,0,0,0,0,0
BANKEX.BSE_IDX,01/07/2025,09:00:59,64567.45,0,0,0,0,0,0
BANKEX.BSE_IDX,01/07/2025,09:01:00,64567.45,0,0,0,0,0,0
BANKEX.BSE_IDX,01/07/2025,09:01:01,64567.45,0,0,0,0,0,0
BANKEX.BSE_IDX,01/07/2025,09:01:02,64567.45,0,0,0,0,0,0
BANKEX.BSE_IDX,01/07/2025,09:01:03,64567.45,0,0,0,0,0,0
BANKEX.BSE_IDX,01/07/2025,09:01:04,64567.45,0,0,0,0,0,0
BANKEX.BSE_IDX,01/07/2025,09:01:05,64567.45,0,0,0,0,0,0
BANKEX.BSE_IDX,01/07/2025,09:01:06,64567.45,0,0,0,0,0,0
BANKEX.BSE_IDX,01/07/2025,09:01:07,64567.45,0,0,0,0,0,0
BANKEX.BSE_IDX,01/07/2025,09:01:08,64567.45,0,0,0,0,0,0
BANKEX.BSE_IDX,01/07/2025,09:01:09,64567.45,0,0,0,0,0,0
BANKEX.BSE_IDX,01/07/2025,09:01:10,64567.45,0,0,0,0,0,0
BANKEX.BSE_IDX,01/07/2025,09:01:11,64567.45,0,0,0,0,0,0
BANKEX.BSE_IDX,01/07/2025,09:01:12,64567.45,0,0,0,0,0,0
BANKEX.BSE_IDX,01/07/2025,09:01:13,64567.45,0,0,0,0,0,0
BANKEX.BSE_IDX,01/07/2025,09:01:14,64567.45,0,0,0,0,0,0
BANKEX.BSE_IDX,01/07/2025,09:01:15,64567.45,0,0,0,0,0,0
BANKEX.BSE_IDX,01/07/2025,09:01:16,64567.45,0,0,0,0,0,0
BANKEX.BSE_IDX,01/07/2025,09:01:17,64567.45,0,0,0,0,0,0
BANKEX.BSE_IDX,01/07/2025,09:01:18,64567.45,0,0,0,0,0,0
BANKEX.BSE_IDX,01/07/2025,09:01:19,64567.45,0,0,0,0,0,0
BANKEX.BSE_IDX,01/07/2025,09:01:21,64567.45,0,0,0,0,0,0
BANKEX.BSE_IDX,01/07/2025,09:01:21,64567.45,0,0,0,0,0,0
BANKEX.BSE_IDX,01/07/2025,09:01:22,64567.45,0,0,0,0,0,0
BANKEX.BSE_IDX,01/07/2025,09:01:23,64538.72,0,0,0,0,0,0
BANKEX.BSE_IDX,01/07/2025,09:01:24,64538.72,0,0,0,0,0,0
BANKEX.BSE_IDX,01/07/2025,09:01:25,64538.72,0,0,0,0,0,0
BANKEX.BSE_IDX,01/07/2025,09:01:26,64538.72,0,0,0,0,0,0
BANKEX.BSE_IDX,01/07/2025,09:01:27,64538.72,0,0,0,0,0,0
BANKEX.BSE_IDX,01/07/2025,09:01:28,64538.72,0,0,0,0,0,0
BANKEX.BSE_IDX,01/07/2025,09:01:29,64531.54,0,0,0,0,0,0
BANKEX.BSE_IDX,01/07/2025,09:01:30,64531.54,0,0,0,0,0,0
BANKEX.BSE_IDX,01/07/2025,09:01:31,64531.54,0,0,0,0,0,0
BANKEX.BSE_IDX,01/07/2025,09:01:32,64538.72,0,0,0,0,0,0
BANKEX.BSE_IDX,01/07/2025,09:01:33,64538.72,0,0,0,0,0,0
BANKEX.BSE_IDX,01/07/2025,09:01:34,64538.72,0,0,0,0,0,0
BANKEX.BSE_IDX,01/07/2025,09:01:35,64538.72,0,0,0,0,0,0
BANKEX.BSE_IDX,01/07/2025,09:01:36,64538.72,0,0,0,0,0,0
BANKEX.BSE_IDX,01/07/2025,09:01:37,64538.72,0,0,0,0,0,0
BANKEX.BSE_IDX,01/07/2025,09:01:38,64538.72,0,0,0,0,0,0
BANKEX.BSE_IDX,01/07/2025,09:01:39,64538.72,0,0,0,0,0,0
BANKEX.BSE_IDX,01/07/2025,09:01:40,64538.72,0,0,0,0,0,0
BANKEX.BSE_IDX,01/07/2025,09:01:41,64538.72,0,0,0,0,0,0
BANKEX.BSE_IDX,01/07/2025,09:01:42,64538.72,0,0,0,0,0,0
BANKEX.BSE_IDX,01/07/2025,09:01:43,64538.72,0,0,0,0,0,0
BANKEX.BSE_IDX,01/07/2025,09:01:44,64538.72,0,0,0,0,0,0
BANKEX.BSE_IDX,01/07/2025,09:01:45,64538.72,0,0,0,0,0,0
BANKEX.BSE_IDX,01/07/2025,09:01:46,64538.72,0,0,0,0,0,0
BANKEX.BSE_IDX,01/07/2025,09:01:47,64538.72,0,0,0,0,0,0
BANKEX.BSE_IDX,01/07/2025,09:01:48,64538.72,0,0,0,0,0,0
BANKEX.BSE_IDX,01/07/2025,09:01:49,64538.72,0,0,0,0,0,0
BANKEX.BSE_IDX,01/07/2025,09:01:50,64538.72,0,0,0,0,0,0
BANKEX.BSE_IDX,01/07/2025,09:01:51,64538.72,0,0,0,0,0,0
BANKEX.BSE_IDX,01/07/2025,09:01:52,64597.18,0,0,0,0,0,0
BANKEX.BSE_IDX,01/07/2025,09:01:53,64597.18,0,0,0,0,0,0
BANKEX.BSE_IDX,01/07/2025,09:01:54,64597.18,0,0,0,0,0,0
BANKEX.BSE_IDX,01/07/2025,09:01:55,64597.18,0,0,0,0,0,0
BANKEX.BSE_IDX,01/07/2025,09:01:56,64597.18,0,0,0,0,0,0
BANKEX.BSE_IDX,01/07/2025,09:01:57,64604.36,0,0,0,0,0,0
BANKEX.BSE_IDX,01/07/2025,09:01:58,64604.36,0,0,0,0,0,0
BANKEX.BSE_IDX,01/07/2025,09:01:59,64604.36,0,0,0,0,0,0
BANKEX.BSE_IDX,01/07/2025,09:02:00,64604.36,0,0,0,0,0,0
BANKEX.BSE_IDX,01/07/2025,09:02:01,64604.36,0,0,0,0,0,0
BANKEX.BSE_IDX,01/07/2025,09:02:02,64604.36,0,0,0,0,0,0
BANKEX.BSE_IDX,01/07/2025,09:02:03,64604.36,0,0,0,0,0,0
BANKEX.BSE_IDX,01/07/2025,09:02:04,64604.36,0,0,0,0,0,0
BANKEX.BSE_IDX,01/07/2025,09:02:05,64604.36,0,0,0,0,0,0
BANKEX.BSE_IDX,01/07/2025,09:02:06,64604.36,0,0,0,0,0,0
BANKEX.BSE_IDX,01/07/2025,09:02:07,64604.36,0,0,0,0,0,0
BANKEX.BSE_IDX,01/07/2025,09:02:08,64604.36,0,0,0,0,0,0
BANKEX.BSE_IDX,01/07/2025,09:02:09,64604.36,0,0,0,0,0,0
BANKEX.BSE_IDX,01/07/2025,09:02:10,64604.36,0,0,0,0,0,0
BANKEX.BSE_IDX,01/07/2025,09:02:11,64604.36,0,0,0,0,0,0
BANKEX.BSE_IDX,01/07/2025,09:02:12,64604.36,0,0,0,0,0,0
BANKEX.BSE_IDX,01/07/2025,09:02:13,64604.36,0,0,0,0,0,0
BANKEX.BSE_IDX,01/07/2025,09:02:14,64604.36,0,0,0,0,0,0
BANKEX.BSE_IDX,01/07/2025,09:02:15,64604.36,0,0,0,0,0,0
BANKEX.BSE_IDX,01/07/2025,09:02:16,64604.36,0,0,0,0,0,0
BANKEX.BSE_IDX,01/07/2025,09:02:17,64604.36,0,0,0,0,0,0
BANKEX.BSE_IDX,01/07/2025,09:02:18,64604.36,0,0,0,0,0,0
BANKEX.BSE_IDX,01/07/2025,09:02:19,64604.36,0,0,0,0,0,0
BANKEX.BSE_IDX,01/07/2025,09:02:20,64604.36,0,0,0,0,0,0
BANKEX.BSE_IDX,01/07/2025,09:02:21,64604.36,0,0,0,0,0,0
BANKEX.BSE_IDX,01/07/2025,09:02:22,64604.36,0,0,0,0,0,0
BANKEX.BSE_IDX,01/07/2025,09:02:23,64604.36,0,0,0,0,0,0
BANKEX.BSE_IDX,01/07/2025,09:02:24,64604.36,0,0,0,0,0,0
BANKEX.BSE_IDX,01/07/2025,09:02:25,64604.36,0,0,0,0,0,0
BANKEX.BSE_IDX,01/07/2025,09:02:26,64633.09,0,0,0,0,0,0
BANKEX.BSE_IDX,01/07/2025,09:02:27,64633.09,0,0,0,0,0,0
BANKEX.BSE_IDX,01/07/2025,09:02:28,64633.09,0,0,0,0,0,0
BANKEX.BSE_IDX,01/07/2025,09:02:29,64633.09,0,0,0,0,0,0
BANKEX.BSE_IDX,01/07/2025,09:02:30,64633.09,0,0,0,0,0,0
BANKEX.BSE_IDX,01/07/2025,09:02:31,64633.09,0,0,0,0,0,0
BANKEX.BSE_IDX,01/07/2025,09:02:32,64633.09,0,0,0,0,0,0
BANKEX.BSE_IDX,01/07/2025,09:02:33,64633.09,0,0,0,0,0,0
BANKEX.BSE_IDX,01/07/2025,09:02:34,64633.09,0,0,0,0,0,0
BANKEX.BSE_IDX,01/07/2025,09:02:35,64633.09,0,0,0,0,0,0
BANKEX.BSE_IDX,01/07/2025,09:02:36,64633.09,0,0,0,0,0,0
BANKEX.BSE_IDX,01/07/2025,09:02:37,64633.09,0,0,0,0,0,0
BANKEX.BSE_IDX,01/07/2025,09:02:38,64633.09,0,0,0,0,0,0
BANKEX.BSE_IDX,01/07/2025,09:02:39,64633.09,0,0,0,0,0,0
BANKEX.BSE_IDX,01/07/2025,09:02:40,64633.09,0,0,0,0,0,0
BANKEX.BSE_IDX,01/07/2025,09:02:41,64633.09,0,0,0,0,0,0
BANKEX.BSE_IDX,01/07/2025,09:02:42,64633.09,0,0,0,0,0,0
BANKEX.BSE_IDX,01/07/2025,09:02:43,64633.09,0,0,0,0,0,0
BANKEX.BSE_IDX,01/07/2025,09:02:44,64633.09,0,0,0,0,0,0
BANKEX.BSE_IDX,01/07/2025,09:02:45,64633.09,0,0,0,0,0,0
BANKEX.BSE_IDX,01/07/2025,09:02:46,64633.09,0,0,0,0,0,0
BANKEX.BSE_IDX,01/07/2025,09:02:47,64633.09,0,0,0,0,0,0
BANKEX.BSE_IDX,01/07/2025,09:02:48,64633.09,0,0,0,0,0,0
BANKEX.BSE_IDX,01/07/2025,09:02:49,64633.09,0,0,0,0,0,0
BANKEX.BSE_IDX,01/07/2025,09:02:50,64633.09,0,0,0,0,0,0
BANKEX.BSE_IDX,01/07/2025,09:02:51,64633.09,0,0,0,0,0,0
BANKEX.BSE_IDX,01/07/2025,09:02:52,64633.09,0,0,0,0,0,0
BANKEX.BSE_IDX,01/07/2025,09:02:53,64633.09,0,0,0,0,0,0
BANKEX.BSE_IDX,01/07/2025,09:02:54,64633.09,0,0,0,0,0,0
BANKEX.BSE_IDX,01/07/2025,09:02:55,64633.09,0,0,0,0,0,0
BANKEX.BSE_IDX,01/07/2025,09:02:56,64633.09,0,0,0,0,0,0
BANKEX.BSE_IDX,01/07/2025,09:02:57,64633.09,0,0,0,0,0,0
BANKEX.BSE_IDX,01/07/2025,09:02:58,64633.09,0,0,0,0,0,0
BANKEX.BSE_IDX,01/07/2025,09:02:59,64633.09,0,0,0,0,0,0
BANKEX.BSE_IDX,01/07/2025,09:03:00,64633.09,0,0,0,0,0,0
BANKEX.BSE_IDX,01/07/2025,09:03:01,64633.09,0,0,0,0,0,0
BANKEX.BSE_IDX,01/07/2025,09:03:02,64633.09,0,0,0,0,0,0
BANKEX.BSE_IDX,01/07/2025,09:03:03,64633.09,0,0,0,0,0,0
BANKEX.BSE_IDX,01/07/2025,09:03:04,64633.09,0,0,0,0,0,0
BANKEX.BSE_IDX,01/07/2025,09:03:05,64631.13,0,0,0,0,0,0
BANKEX.BSE_IDX,01/07/2025,09:03:06,64631.13,0,0,0,0,0,0
BANKEX.BSE_IDX,01/07/2025,09:03:07,64631.13,0,0,0,0,0,0
BANKEX.BSE_IDX,01/07/2025,09:03:08,64631.13,0,0,0,0,0,0
BANKEX.BSE_IDX,01/07/2025,09:03:09,64631.13,0,0,0,0,0,0
BANKEX.BSE_IDX,01/07/2025,09:03:10,64631.13,0,0,0,0,0,0
BANKEX.BSE_IDX,01/07/2025,09:03:11,64631.13,0,0,0,0,0,0
BANKEX.BSE_IDX,01/07/2025,09:03:12,64631.13,0,0,0,0,0,0
BANKEX.BSE_IDX,01/07/2025,09:03:13,64631.13,0,0,0,0,0,0
BANKEX.BSE_IDX,01/07/2025,09:03:14,64638.31,0,0,0,0,0,0
BANKEX.BSE_IDX,01/07/2025,09:03:15,64638.31,0,0,0,0,0,0
BANKEX.BSE_IDX,01/07/2025,09:03:16,64633.13,0,0,0,0,0,0
BANKEX.BSE_IDX,01/07/2025,09:03:17,64633.13,0,0,0,0,0,0
BANKEX.BSE_IDX,01/07/2025,09:03:18,64633.13,0,0,0,0,0,0
BANKEX.BSE_IDX,01/07/2025,09:03:19,64633.13,0,0,0,0,0,0
BANKEX.BSE_IDX,01/07/2025,09:03:20,64633.13,0,0,0,0,0,0
BANKEX.BSE_IDX,01/07/2025,09:03:21,64625.95,0,0,0,0,0,0
BANKEX.BSE_IDX,01/07/2025,09:03:22,64628.7,0,0,0,0,0,0
BANKEX.BSE_IDX,01/07/2025,09:03:23,64628.7,0,0,0,0,0,0
BANKEX.BSE_IDX,01/07/2025,09:03:24,64628.7,0,0,0,0,0,0
BANKEX.BSE_IDX,01/07/2025,09:03:25,64628.7,0,0,0,0,0,0
BANKEX.BSE_IDX,01/07/2025,09:03:26,64617.52,0,0,0,0,0,0
BANKEX.BSE_IDX,01/07/2025,09:03:27,64621.39,0,0,0,0,0,0
BANKEX.BSE_IDX,01/07/2025,09:03:28,64632.57,0,0,0,0,0,0
BANKEX.BSE_IDX,01/07/2025,09:03:29,64632.57,0,0,0,0,0,0
BANKEX.BSE_IDX,01/07/2025,09:03:30,64632.57,0,0,0,0,0,0
BANKEX.BSE_IDX,01/07/2025,09:03:31,64639.75,0,0,0,0,0,0
BANKEX.BSE_IDX,01/07/2025,09:03:32,64639.75,0,0,0,0,0,0
BANKEX.BSE_IDX,01/07/2025,09:03:33,64639.75,0,0,0,0,0,0
BANKEX.BSE_IDX,01/07/2025,09:03:34,64639.75,0,0,0,0,0,0
BANKEX.BSE_IDX,01/07/2025,09:03:35,64639.75,0,0,0,0,0,0
BANKEX.BSE_IDX,01/07/2025,09:03:36,64596.66,0,0,0,0,0,0
BANKEX.BSE_IDX,01/07/2025,09:03:37,64596.66,0,0,0,0,0,0
BANKEX.BSE_IDX,01/07/2025,09:03:38,64598.98,0,0,0,0,0,0
BANKEX.BSE_IDX,01/07/2025,09:03:39,64598.98,0,0,0,0,0,0
BANKEX.BSE_IDX,01/07/2025,09:03:40,64598.98,0,0,0,0,0,0
BANKEX.BSE_IDX,01/07/2025,09:03:41,64598.98,0,0,0,0,0,0
BANKEX.BSE_IDX,01/07/2025,09:03:42,64598.98,0,0,0,0,0,0
BANKEX.BSE_IDX,01/07/2025,09:03:43,64585.55,0,0,0,0,0,0
BANKEX.BSE_IDX,01/07/2025,09:03:44,64579.83,0,0,0,0,0,0
BANKEX.BSE_IDX,01/07/2025,09:03:45,64593.25,0,0,0,0,0,0
BANKEX.BSE_IDX,01/07/2025,09:03:46,64593.25,0,0,0,0,0,0
BANKEX.BSE_IDX,01/07/2025,09:03:47,64593.25,0,0,0,0,0,0
BANKEX.BSE_IDX,01/07/2025,09:03:48,64593.25,0,0,0,0,0,0
BANKEX.BSE_IDX,01/07/2025,09:03:49,64593.25,0,0,0,0,0,0
BANKEX.BSE_IDX,01/07/2025,09:03:50,64593.25,0,0,0,0,0,0
BANKEX.BSE_IDX,01/07/2025,09:03:51,64593.25,0,0,0,0,0,0
BANKEX.BSE_IDX,01/07/2025,09:03:52,64593.25,0,0,0,0,0,0
BANKEX.BSE_IDX,01/07/2025,09:03:53,64448.42,0,0,0,0,0,0
BANKEX.BSE_IDX,01/07/2025,09:03:54,64448.42,0,0,0,0,0,0
BANKEX.BSE_IDX,01/07/2025,09:03:55,64453.05,0,0,0,0,0,0
BANKEX.BSE_IDX,01/07/2025,09:03:56,64453.05,0,0,0,0,0,0
BANKEX.BSE_IDX,01/07/2025,09:03:57,64453.05,0,0,0,0,0,0
BANKEX.BSE_IDX,01/07/2025,09:03:58,64453.05,0,0,0,0,0,0
BANKEX.BSE_IDX,01/07/2025,09:03:59,64453.05,0,0,0,0,0,0
BANKEX.BSE_IDX,01/07/2025,09:04:00,64453.05,0,0,0,0,0,0
BANKEX.BSE_IDX,01/07/2025,09:04:01,64453.05,0,0,0,0,0,0
BANKEX.BSE_IDX,01/07/2025,09:04:02,64453.05,0,0,0,0,0,0
BANKEX.BSE_IDX,01/07/2025,09:04:03,64453.05,0,0,0,0,0,0
BANKEX.BSE_IDX,01/07/2025,09:04:04,64453.05,0,0,0,0,0,0
BANKEX.BSE_IDX,01/07/2025,09:04:05,64439.35,0,0,0,0,0,0
BANKEX.BSE_IDX,01/07/2025,09:04:06,64439.35,0,0,0,0,0,0
BANKEX.BSE_IDX,01/07/2025,09:04:07,64439.35,0,0,0,0,0,0
BANKEX.BSE_IDX,01/07/2025,09:04:08,64437.03,0,0,0,0,0,0
BANKEX.BSE_IDX,01/07/2025,09:04:09,64434.53,0,0,0,0,0,0
BANKEX.BSE_IDX,01/07/2025,09:04:10,64434.53,0,0,0,0,0,0
BANKEX.BSE_IDX,01/07/2025,09:04:11,64434.53,0,0,0,0,0,0
BANKEX.BSE_IDX,01/07/2025,09:04:12,64434.53,0,0,0,0,0,0
BANKEX.BSE_IDX,01/07/2025,09:04:13,64434.53,0,0,0,0,0,0
BANKEX.BSE_IDX,01/07/2025,09:04:14,64413,0,0,0,0,0,0
BANKEX.BSE_IDX,01/07/2025,09:04:15,64413,0,0,0,0,0,0
BANKEX.BSE_IDX,01/07/2025,09:04:16,64408.36,0,0,0,0,0,0
BANKEX.BSE_IDX,01/07/2025,09:04:17,64408.36,0,0,0,0,0,0
BANKEX.BSE_IDX,01/07/2025,09:04:18,64408.56,0,0,0,0,0,0
BANKEX.BSE_IDX,01/07/2025,09:04:19,64408.56,0,0,0,0,0,0
BANKEX.BSE_IDX,01/07/2025,09:04:20,64408.56,0,0,0,0,0,0
BANKEX.BSE_IDX,01/07/2025,09:04:21,64408.56,0,0,0,0,0,0
BANKEX.BSE_IDX,01/07/2025,09:04:22,64408.56,0,0,0,0,0,0
BANKEX.BSE_IDX,01/07/2025,09:04:23,64408.56,0,0,0,0,0,0
BANKEX.BSE_IDX,01/07/2025,09:04:24,64408.56,0,0,0,0,0,0
BANKEX.BSE_IDX,01/07/2025,09:04:25,64404.46,0,0,0,0,0,0
BANKEX.BSE_IDX,01/07/2025,09:04:26,64404.46,0,0,0,0,0,0
BANKEX.BSE_IDX,01/07/2025,09:04:27,64404.46,0,0,0,0,0,0
BANKEX.BSE_IDX,01/07/2025,09:04:28,64404.46,0,0,0,0,0,0
BANKEX.BSE_IDX,01/07/2025,09:04:29,64404.46,0,0,0,0,0,0
BANKEX.BSE_IDX,01/07/2025,09:04:30,64404.46,0,0,0,0,0,0
BANKEX.BSE_IDX,01/07/2025,09:04:31,64404.46,0,0,0,0,0,0
BANKEX.BSE_IDX,01/07/2025,09:04:32,64404.46,0,0,0,0,0,0
BANKEX.BSE_IDX,01/07/2025,09:04:33,64404.46,0,0,0,0,0,0
BANKEX.BSE_IDX,01/07/2025,09:04:34,64404.46,0,0,0,0,0,0
BANKEX.BSE_IDX,01/07/2025,09:04:35,64404.46,0,0,0,0,0,0
BANKEX.BSE_IDX,01/07/2025,09:04:36,64404.46,0,0,0,0,0,0
BANKEX.BSE_IDX,01/07/2025,09:04:37,64404.46,0,0,0,0,0,0
BANKEX.BSE_IDX,01/07/2025,09:04:38,64404.46,0,0,0,0,0,0
BANKEX.BSE_IDX,01/07/2025,09:04:39,64404.46,0,0,0,0,0,0
BANKEX.BSE_IDX,01/07/2025,09:04:40,64404.46,0,0,0,0,0,0
BANKEX.BSE_IDX,01/07/2025,09:04:41,64404.46,0,0,0,0,0,0
BANKEX.BSE_IDX,01/07/2025,09:04:42,64404.46,0,0,0,0,0,0
BANKEX.BSE_IDX,01/07/2025,09:04:43,64404.46,0,0,0,0,0,0
BANKEX.BSE_IDX,01/07/2025,09:04:44,64405.01,0,0,0,0,0,0
BANKEX.BSE_IDX,01/07/2025,09:04:45,64405.01,0,0,0,0,0,0
BANKEX.BSE_IDX,01/07/2025,09:04:46,64321.45,0,0,0,0,0,0
BANKEX.BSE_IDX,01/07/2025,09:04:47,64321.45,0,0,0,0,0,0
BANKEX.BSE_IDX,01/07/2025,09:04:48,64321.45,0,0,0,0,0,0
BANKEX.BSE_IDX,01/07/2025,09:04:49,64321.45,0,0,0,0,0,0
BANKEX.BSE_IDX,01/07/2025,09:04:50,64257.11,0,0,0,0,0,0
BANKEX.BSE_IDX,01/07/2025,09:04:51,64257.11,0,0,0,0,0,0
BANKEX.BSE_IDX,01/07/2025,09:04:52,64257.11,0,0,0,0,0,0
BANKEX.BSE_IDX,01/07/2025,09:04:53,64257.11,0,0,0,0,0,0
BANKEX.BSE_IDX,01/07/2025,09:04:54,64257.11,0,0,0,0,0,0
BANKEX.BSE_IDX,01/07/2025,09:04:55,64257.11,0,0,0,0,0,0
BANKEX.BSE_IDX,01/07/2025,09:04:56,64257.11,0,0,0,0,0,0
BANKEX.BSE_IDX,01/07/2025,09:04:57,64257.11,0,0,0,0,0,0
BANKEX.BSE_IDX,01/07/2025,09:04:58,64257.11,0,0,0,0,0,0
BANKEX.BSE_IDX,01/07/2025,09:04:59,64257.11,0,0,0,0,0,0
BANKEX.BSE_IDX,01/07/2025,09:05:00,64257.11,0,0,0,0,0,0
BANKEX.BSE_IDX,01/07/2025,09:05:01,64257.11,0,0,0,0,0,0
BANKEX.BSE_IDX,01/07/2025,09:05:02,64257.11,0,0,0,0,0,0
BANKEX.BSE_IDX,01/07/2025,09:05:03,64257.11,0,0,0,0,0,0
BANKEX.BSE_IDX,01/07/2025,09:05:05,64257.11,0,0,0,0,0,0
BANKEX.BSE_IDX,01/07/2025,09:05:05,64257.11,0,0,0,0,0,0
BANKEX.BSE_IDX,01/07/2025,09:05:06,64253.28,0,0,0,0,0,0
BANKEX.BSE_IDX,01/07/2025,09:05:07,64253.28,0,0,0,0,0,0
BANKEX.BSE_IDX,01/07/2025,09:05:08,64253.28,0,0,0,0,0,0
BANKEX.BSE_IDX,01/07/2025,09:05:09,64253.28,0,0,0,0,0,0
BANKEX.BSE_IDX,01/07/2025,09:05:10,64253.28,0,0,0,0,0,0
BANKEX.BSE_IDX,01/07/2025,09:05:11,64255,0,0,0,0,0,0
BANKEX.BSE_IDX,01/07/2025,09:05:12,64255,0,0,0,0,0,0
BANKEX.BSE_IDX,01/07/2025,09:05:13,64255,0,0,0,0,0,0
BANKEX.BSE_IDX,01/07/2025,09:05:14,64262.18,0,0,0,0,0,0
BANKEX.BSE_IDX,01/07/2025,09:05:15,64262.18,0,0,0,0,0,0
BANKEX.BSE_IDX,01/07/2025,09:05:16,64262.18,0,0,0,0,0,0
BANKEX.BSE_IDX,01/07/2025,09:05:17,64266.02,0,0,0,0,0,0
BANKEX.BSE_IDX,01/07/2025,09:05:18,64266.02,0,0,0,0,0,0
BANKEX.BSE_IDX,01/07/2025,09:05:19,64266.02,0,0,0,0,0,0
BANKEX.BSE_IDX,01/07/2025,09:05:20,64266.02,0,0,0,0,0,0
BANKEX.BSE_IDX,01/07/2025,09:05:21,64266.02,0,0,0,0,0,0
BANKEX.BSE_IDX,01/07/2025,09:05:22,64266.02,0,0,0,0,0,0
BANKEX.BSE_IDX,01/07/2025,09:05:23,64265.47,0,0,0,0,0,0
BANKEX.BSE_IDX,01/07/2025,09:05:24,64265.47,0,0,0,0,0,0
BANKEX.BSE_IDX,01/07/2025,09:05:25,64265.47,0,0,0,0,0,0
BANKEX.BSE_IDX,01/07/2025,09:05:26,64265.47,0,0,0,0,0,0
BANKEX.BSE_IDX,01/07/2025,09:05:27,64265.47,0,0,0,0,0,0
BANKEX.BSE_IDX,01/07/2025,09:05:28,64265.47,0,0,0,0,0,0
BANKEX.BSE_IDX,01/07/2025,09:05:29,64272.65,0,0,0,0,0,0
BANKEX.BSE_IDX,01/07/2025,09:05:30,64272.65,0,0,0,0,0,0
BANKEX.BSE_IDX,01/07/2025,09:05:31,64272.65,0,0,0,0,0,0
BANKEX.BSE_IDX,01/07/2025,09:05:32,64287.01,0,0,0,0,0,0
BANKEX.BSE_IDX,01/07/2025,09:05:33,64287.01,0,0,0,0,0,0
BANKEX.BSE_IDX,01/07/2025,09:05:34,64287.01,0,0,0,0,0,0
BANKEX.BSE_IDX,01/07/2025,09:05:35,64287.01,0,0,0,0,0,0
BANKEX.BSE_IDX,01/07/2025,09:05:36,64287.01,0,0,0,0,0,0
BANKEX.BSE_IDX,01/07/2025,09:05:37,64272.65,0,0,0,0,0,0
BANKEX.BSE_IDX,01/07/2025,09:05:38,64272.65,0,0,0,0,0,0
BANKEX.BSE_IDX,01/07/2025,09:05:39,64272.65,0,0,0,0,0,0
BANKEX.BSE_IDX,01/07/2025,09:05:40,64272.65,0,0,0,0,0,0
BANKEX.BSE_IDX,01/07/2025,09:05:41,64278.25,0,0,0,0,0,0
BANKEX.BSE_IDX,01/07/2025,09:05:42,64278.25,0,0,0,0,0,0
BANKEX.BSE_IDX,01/07/2025,09:05:43,64273.85,0,0,0,0,0,0
BANKEX.BSE_IDX,01/07/2025,09:05:44,64273.85,0,0,0,0,0,0
BANKEX.BSE_IDX,01/07/2025,09:05:45,64270.37,0,0,0,0,0,0
BANKEX.BSE_IDX,01/07/2025,09:05:46,64270.37,0,0,0,0,0,0
BANKEX.BSE_IDX,01/07/2025,09:05:47,64270.37,0,0,0,0,0,0
BANKEX.BSE_IDX,01/07/2025,09:05:48,64270.37,0,0,0,0,0,0
BANKEX.BSE_IDX,01/07/2025,09:05:49,64270.37,0,0,0,0,0,0
BANKEX.BSE_IDX,01/07/2025,09:05:50,64270.37,0,0,0,0,0,0
BANKEX.BSE_IDX,01/07/2025,09:05:51,64291.92,0,0,0,0,0,0
BANKEX.BSE_IDX,01/07/2025,09:05:52,64291.92,0,0,0,0,0,0
BANKEX.BSE_IDX,01/07/2025,09:05:54,64291.92,0,0,0,0,0,0
BANKEX.BSE_IDX,01/07/2025,09:05:54,64291.92,0,0,0,0,0,0
BANKEX.BSE_IDX,01/07/2025,09:05:55,64291.92,0,0,0,0,0,0
BANKEX.BSE_IDX,01/07/2025,09:05:56,64291.92,0,0,0,0,0,0
BANKEX.BSE_IDX,01/07/2025,09:05:57,64291.92,0,0,0,0,0,0
BANKEX.BSE_IDX,01/07/2025,09:05:58,64291.92,0,0,0,0,0,0
BANKEX.BSE_IDX,01/07/2025,09:05:59,64291.92,0,0,0,0,0,0
BANKEX.BSE_IDX,01/07/2025,09:06:00,64291.92,0,0,0,0,0,0
BANKEX.BSE_IDX,01/07/2025,09:06:01,64291.92,0,0,0,0,0,0
BANKEX.BSE_IDX,01/07/2025,09:06:02,64291.92,0,0,0,0,0,0
BANKEX.BSE_IDX,01/07/2025,09:06:03,64291.92,0,0,0,0,0,0
BANKEX.BSE_IDX,01/07/2025,09:06:05,64291.92,0,0,0,0,0,0
BANKEX.BSE_IDX,01/07/2025,09:06:05,64291.92,0,0,0,0,0,0
BANKEX.BSE_IDX,01/07/2025,09:06:06,64291.92,0,0,0,0,0,0
BANKEX.BSE_IDX,01/07/2025,09:06:07,64282.62,0,0,0,0,0,0
BANKEX.BSE_IDX,01/07/2025,09:06:08,64282.62,0,0,0,0,0,0
BANKEX.BSE_IDX,01/07/2025,09:06:09,64282.62,0,0,0,0,0,0
BANKEX.BSE_IDX,01/07/2025,09:06:10,64282.62,0,0,0,0,0,0
BANKEX.BSE_IDX,01/07/2025,09:06:11,64283.34,0,0,0,0,0,0
BANKEX.BSE_IDX,01/07/2025,09:06:12,64283.34,0,0,0,0,0,0
BANKEX.BSE_IDX,01/07/2025,09:06:13,64283.34,0,0,0,0,0,0
BANKEX.BSE_IDX,01/07/2025,09:06:14,64283.34,0,0,0,0,0,0
BANKEX.BSE_IDX,01/07/2025,09:06:15,64283.34,0,0,0,0,0,0
BANKEX.BSE_IDX,01/07/2025,09:06:16,64283.34,0,0,0,0,0,0
BANKEX.BSE_IDX,01/07/2025,09:06:17,64283.34,0,0,0,0,0,0
BANKEX.BSE_IDX,01/07/2025,09:06:18,64296.99,0,0,0,0,0,0
BANKEX.BSE_IDX,01/07/2025,09:06:19,64296.99,0,0,0,0,0,0
BANKEX.BSE_IDX,01/07/2025,09:06:20,64296.99,0,0,0,0,0,0
BANKEX.BSE_IDX,01/07/2025,09:06:22,64296.99,0,0,0,0,0,0
BANKEX.BSE_IDX,01/07/2025,09:06:22,64296.99,0,0,0,0,0,0
BANKEX.BSE_IDX,01/07/2025,09:06:23,64296.99,0,0,0,0,0,0
BANKEX.BSE_IDX,01/07/2025,09:06:24,64296.99,0,0,0,0,0,0
BANKEX.BSE_IDX,01/07/2025,09:06:25,64296.99,0,0,0,0,0,0
BANKEX.BSE_IDX,01/07/2025,09:06:26,64296.99,0,0,0,0,0,0
BANKEX.BSE_IDX,01/07/2025,09:06:27,64283.34,0,0,0,0,0,0
BANKEX.BSE_IDX,01/07/2025,09:06:28,64296.99,0,0,0,0,0,0
BANKEX.BSE_IDX,01/07/2025,09:06:29,64296.99,0,0,0,0,0,0
BANKEX.BSE_IDX,01/07/2025,09:06:30,64296.99,0,0,0,0,0,0
BANKEX.BSE_IDX,01/07/2025,09:06:31,64293.15,0,0,0,0,0,0
BANKEX.BSE_IDX,01/07/2025,09:06:32,64293.15,0,0,0,0,0,0
BANKEX.BSE_IDX,01/07/2025,09:06:33,64293.15,0,0,0,0,0,0
BANKEX.BSE_IDX,01/07/2025,09:06:34,64280.43,0,0,0,0,0,0
BANKEX.BSE_IDX,01/07/2025,09:06:35,64254.01,0,0,0,0,0,0
BANKEX.BSE_IDX,01/07/2025,09:06:36,64254.01,0,0,0,0,0,0
BANKEX.BSE_IDX,01/07/2025,09:06:37,64254.01,0,0,0,0,0,0
BANKEX.BSE_IDX,01/07/2025,09:06:38,64254.01,0,0,0,0,0,0
BANKEX.BSE_IDX,01/07/2025,09:06:40,64254.01,0,0,0,0,0,0
BANKEX.BSE_IDX,01/07/2025,09:06:40,64254.01,0,0,0,0,0,0
BANKEX.BSE_IDX,01/07/2025,09:06:41,64234.43,0,0,0,0,0,0
BANKEX.BSE_IDX,01/07/2025,09:06:42,64234.43,0,0,0,0,0,0
BANKEX.BSE_IDX,01/07/2025,09:06:43,64234.43,0,0,0,0,0,0
BANKEX.BSE_IDX,01/07/2025,09:06:44,64234.43,0,0,0,0,0,0
BANKEX.BSE_IDX,01/07/2025,09:06:45,64234.43,0,0,0,0,0,0
BANKEX.BSE_IDX,01/07/2025,09:06:46,64232.48,0,0,0,0,0,0
BANKEX.BSE_IDX,01/07/2025,09:06:47,64232.48,0,0,0,0,0,0
BANKEX.BSE_IDX,01/07/2025,09:06:48,64232.48,0,0,0,0,0,0
BANKEX.BSE_IDX,01/07/2025,09:06:49,64232.48,0,0,0,0,0,0
BANKEX.BSE_IDX,01/07/2025,09:06:50,64236.07,0,0,0,0,0,0
BANKEX.BSE_IDX,01/07/2025,09:06:51,64236.07,0,0,0,0,0,0
BANKEX.BSE_IDX,01/07/2025,09:06:52,64236.07,0,0,0,0,0,0
BANKEX.BSE_IDX,01/07/2025,09:06:53,64236.07,0,0,0,0,0,0
BANKEX.BSE_IDX,01/07/2025,09:06:54,64236.07,0,0,0,0,0,0
BANKEX.BSE_IDX,01/07/2025,09:06:55,64236.07,0,0,0,0,0,0
BANKEX.BSE_IDX,01/07/2025,09:06:56,64236.07,0,0,0,0,0,0
BANKEX.BSE_IDX,01/07/2025,09:06:57,64236.07,0,0,0,0,0,0
BANKEX.BSE_IDX,01/07/2025,09:06:58,64235.71,0,0,0,0,0,0
BANKEX.BSE_IDX,01/07/2025,09:06:59,64221.38,0,0,0,0,0,0
BANKEX.BSE_IDX,01/07/2025,09:07:00,64221.96,0,0,0,0,0,0
BANKEX.BSE_IDX,01/07/2025,09:07:01,64222.45,0,0,0,0,0,0
BANKEX.BSE_IDX,01/07/2025,09:07:03,64222.45,0,0,0,0,0,0
BANKEX.BSE_IDX,01/07/2025,09:07:04,64222.45,0,0,0,0,0,0
BANKEX.BSE_IDX,01/07/2025,09:07:04,64222.45,0,0,0,0,0,0
BANKEX.BSE_IDX,01/07/2025,09:07:05,64222.45,0,0,0,0,0,0
BANKEX.BSE_IDX,01/07/2025,09:07:06,64222.45,0,0,0,0,0,0
BANKEX.BSE_IDX,01/07/2025,09:07:07,64222.45,0,0,0,0,0,0
BANKEX.BSE_IDX,01/07/2025,09:07:08,64222.45,0,0,0,0,0,0
BANKEX.BSE_IDX,01/07/2025,09:07:09,64222.45,0,0,0,0,0,0
BANKEX.BSE_IDX,01/07/2025,09:07:10,64222.45,0,0,0,0,0,0
BANKEX.BSE_IDX,01/07/2025,09:07:11,64222.45,0,0,0,0,0,0
BANKEX.BSE_IDX,01/07/2025,09:07:12,64222.45,0,0,0,0,0,0
BANKEX.BSE_IDX,01/07/2025,09:07:13,64222.45,0,0,0,0,0,0
BANKEX.BSE_IDX,01/07/2025,09:07:14,64222.45,0,0,0,0,0,0
BANKEX.BSE_IDX,01/07/2025,09:07:15,64222.45,0,0,0,0,0,0
BANKEX.BSE_IDX,01/07/2025,09:07:16,64222.45,0,0,0,0,0,0
BANKEX.BSE_IDX,01/07/2025,09:07:17,64222.45,0,0,0,0,0,0
BANKEX.BSE_IDX,01/07/2025,09:07:18,64222.45,0,0,0,0,0,0
BANKEX.BSE_IDX,01/07/2025,09:07:19,64222.45,0,0,0,0,0,0
BANKEX.BSE_IDX,01/07/2025,09:07:20,64222.45,0,0,0,0,0,0
BANKEX.BSE_IDX,01/07/2025,09:07:21,64222.45,0,0,0,0,0,0
BANKEX.BSE_IDX,01/07/2025,09:07:23,64222.45,0,0,0,0,0,0
BANKEX.BSE_IDX,01/07/2025,09:07:23,64222.45,0,0,0,0,0,0
BANKEX.BSE_IDX,01/07/2025,09:07:24,64222.45,0,0,0,0,0,0
BANKEX.BSE_IDX,01/07/2025,09:07:25,64222.45,0,0,0,0,0,0
BANKEX.BSE_IDX,01/07/2025,09:07:26,64222.45,0,0,0,0,0,0
BANKEX.BSE_IDX,01/07/2025,09:07:27,64222.45,0,0,0,0,0,0
BANKEX.BSE_IDX,01/07/2025,09:07:28,64222.45,0,0,0,0,0,0
BANKEX.BSE_IDX,01/07/2025,09:07:29,64222.45,0,0,0,0,0,0
BANKEX.BSE_IDX,01/07/2025,09:07:30,64222.45,0,0,0,0,0,0
BANKEX.BSE_IDX,01/07/2025,09:07:31,64222.45,0,0,0,0,0,0
BANKEX.BSE_IDX,01/07/2025,09:07:32,64222.45,0,0,0,0,0,0
BANKEX.BSE_IDX,01/07/2025,09:07:33,64222.45,0,0,0,0,0,0
BANKEX.BSE_IDX,01/07/2025,09:07:34,64222.45,0,0,0,0,0,0
BANKEX.BSE_IDX,01/07/2025,09:07:35,64222.45,0,0,0,0,0,0
BANKEX.BSE_IDX,01/07/2025,09:07:36,64222.45,0,0,0,0,0,0
BANKEX.BSE_IDX,01/07/2025,09:07:37,64222.45,0,0,0,0,0,0
BANKEX.BSE_IDX,01/07/2025,09:07:38,64222.45,0,0,0,0,0,0
BANKEX.BSE_IDX,01/07/2025,09:07:39,64222.45,0,0,0,0,0,0
BANKEX.BSE_IDX,01/07/2025,09:07:41,64222.45,0,0,0,0,0,0
BANKEX.BSE_IDX,01/07/2025,09:07:41,64222.45,0,0,0,0,0,0
BANKEX.BSE_IDX,01/07/2025,09:07:42,64222.45,0,0,0,0,0,0
BANKEX.BSE_IDX,01/07/2025,09:07:43,64222.45,0,0,0,0,0,0
BANKEX.BSE_IDX,01/07/2025,09:07:44,64222.45,0,0,0,0,0,0
BANKEX.BSE_IDX,01/07/2025,09:07:45,64222.45,0,0,0,0,0,0
BANKEX.BSE_IDX,01/07/2025,09:07:46,64222.45,0,0,0,0,0,0
BANKEX.BSE_IDX,01/07/2025,09:07:47,64222.45,0,0,0,0,0,0
BANKEX.BSE_IDX,01/07/2025,09:07:48,64222.45,0,0,0,0,0,0
BANKEX.BSE_IDX,01/07/2025,09:07:49,64222.45,0,0,0,0,0,0
BANKEX.BSE_IDX,01/07/2025,09:07:50,64222.45,0,0,0,0,0,0
BANKEX.BSE_IDX,01/07/2025,09:07:51,64222.45,0,0,0,0,0,0
BANKEX.BSE_IDX,01/07/2025,09:07:52,64222.45,0,0,0,0,0,0
BANKEX.BSE_IDX,01/07/2025,09:07:53,64222.45,0,0,0,0,0,0
BANKEX.BSE_IDX,01/07/2025,09:07:54,64222.45,0,0,0,0,0,0
BANKEX.BSE_IDX,01/07/2025,09:07:56,64222.45,0,0,0,0,0,0
BANKEX.BSE_IDX,01/07/2025,09:07:56,64222.45,0,0,0,0,0,0
BANKEX.BSE_IDX,01/07/2025,09:07:57,64222.45,0,0,0,0,0,0
BANKEX.BSE_IDX,01/07/2025,09:07:58,64222.45,0,0,0,0,0,0
BANKEX.BSE_IDX,01/07/2025,09:07:59,64222.45,0,0,0,0,0,0
BANKEX.BSE_IDX,01/07/2025,09:08:00,64222.45,0,0,0,0,0,0
BANKEX.BSE_IDX,01/07/2025,09:08:01,64222.45,0,0,0,0,0,0
BANKEX.BSE_IDX,01/07/2025,09:08:02,64222.45,0,0,0,0,0,0
BANKEX.BSE_IDX,01/07/2025,09:08:03,64222.45,0,0,0,0,0,0
BANKEX.BSE_IDX,01/07/2025,09:08:04,64222.45,0,0,0,0,0,0
BANKEX.BSE_IDX,01/07/2025,09:08:05,64222.45,0,0,0,0,0,0
BANKEX.BSE_IDX,01/07/2025,09:08:06,64222.45,0,0,0,0,0,0
BANKEX.BSE_IDX,01/07/2025,09:08:07,64222.45,0,0,0,0,0,0
BANKEX.BSE_IDX,01/07/2025,09:08:08,64222.45,0,0,0,0,0,0
BANKEX.BSE_IDX,01/07/2025,09:08:09,64222.45,0,0,0,0,0,0
BANKEX.BSE_IDX,01/07/2025,09:08:10,64222.45,0,0,0,0,0,0
BANKEX.BSE_IDX,01/07/2025,09:08:11,64222.45,0,0,0,0,0,0
BANKEX.BSE_IDX,01/07/2025,09:08:12,64222.45,0,0,0,0,0,0
BANKEX.BSE_IDX,01/07/2025,09:08:14,64222.45,0,0,0,0,0,0
BANKEX.BSE_IDX,01/07/2025,09:08:14,64222.45,0,0,0,0,0,0
BANKEX.BSE_IDX,01/07/2025,09:08:15,64222.45,0,0,0,0,0,0
BANKEX.BSE_IDX,01/07/2025,09:08:16,64222.45,0,0,0,0,0,0
BANKEX.BSE_IDX,01/07/2025,09:08:17,64222.45,0,0,0,0,0,0
BANKEX.BSE_IDX,01/07/2025,09:08:18,64222.45,0,0,0,0,0,0
BANKEX.BSE_IDX,01/07/2025,09:08:19,64222.45,0,0,0,0,0,0
BANKEX.BSE_IDX,01/07/2025,09:08:20,64222.45,0,0,0,0,0,0
BANKEX.BSE_IDX,01/07/2025,09:08:22,64222.45,0,0,0,0,0,0
BANKEX.BSE_IDX,01/07/2025,09:08:23,64222.45,0,0,0,0,0,0
BANKEX.BSE_IDX,01/07/2025,09:08:23,64222.45,0,0,0,0,0,0
BANKEX.BSE_IDX,01/07/2025,09:08:24,64222.45,0,0,0,0,0,0
BANKEX.BSE_IDX,01/07/2025,09:08:25,64222.45,0,0,0,0,0,0
BANKEX.BSE_IDX,01/07/2025,09:08:27,64222.45,0,0,0,0,0,0
BANKEX.BSE_IDX,01/07/2025,09:08:27,64222.45,0,0,0,0,0,0
BANKEX.BSE_IDX,01/07/2025,09:08:28,64222.45,0,0,0,0,0,0
BANKEX.BSE_IDX,01/07/2025,09:08:29,64222.45,0,0,0,0,0,0
BANKEX.BSE_IDX,01/07/2025,09:08:30,64222.45,0,0,0,0,0,0
BANKEX.BSE_IDX,01/07/2025,09:08:31,64222.45,0,0,0,0,0,0
BANKEX.BSE_IDX,01/07/2025,09:08:32,64222.45,0,0,0,0,0,0
BANKEX.BSE_IDX,01/07/2025,09:08:33,64222.45,0,0,0,0,0,0
BANKEX.BSE_IDX,01/07/2025,09:08:34,64222.45,0,0,0,0,0,0
BANKEX.BSE_IDX,01/07/2025,09:08:35,64222.45,0,0,0,0,0,0
BANKEX.BSE_IDX,01/07/2025,09:08:37,64222.45,0,0,0,0,0,0
BANKEX.BSE_IDX,01/07/2025,09:08:37,64222.45,0,0,0,0,0,0
BANKEX.BSE_IDX,01/07/2025,09:08:39,64222.45,0,0,0,0,0,0
BANKEX.BSE_IDX,01/07/2025,09:08:40,64222.45,0,0,0,0,0,0
BANKEX.BSE_IDX,01/07/2025,09:08:40,64222.45,0,0,0,0,0,0
BANKEX.BSE_IDX,01/07/2025,09:08:41,64222.45,0,0,0,0,0,0
BANKEX.BSE_IDX,01/07/2025,09:08:43,64222.45,0,0,0,0,0,0
BANKEX.BSE_IDX,01/07/2025,09:08:44,64222.45,0,0,0,0,0,0
BANKEX.BSE_IDX,01/07/2025,09:08:45,64222.45,0,0,0,0,0,0
BANKEX.BSE_IDX,01/07/2025,09:08:46,64222.45,0,0,0,0,0,0
BANKEX.BSE_IDX,01/07/2025,09:08:47,64222.45,0,0,0,0,0,0
BANKEX.BSE_IDX,01/07/2025,09:08:48,64222.45,0,0,0,0,0,0
BANKEX.BSE_IDX,01/07/2025,09:08:49,64222.45,0,0,0,0,0,0
BANKEX.BSE_IDX,01/07/2025,09:08:50,64222.45,0,0,0,0,0,0
BANKEX.BSE_IDX,01/07/2025,09:08:51,64222.45,0,0,0,0,0,0
BANKEX.BSE_IDX,01/07/2025,09:08:52,64222.45,0,0,0,0,0,0
BANKEX.BSE_IDX,01/07/2025,09:08:53,64222.45,0,0,0,0,0,0
BANKEX.BSE_IDX,01/07/2025,09:08:54,64222.45,0,0,0,0,0,0
BANKEX.BSE_IDX,01/07/2025,09:08:55,64222.45,0,0,0,0,0,0
BANKEX.BSE_IDX,01/07/2025,09:08:56,64222.45,0,0,0,0,0,0
BANKEX.BSE_IDX,01/07/2025,09:08:57,64222.45,0,0,0,0,0,0
BANKEX.BSE_IDX,01/07/2025,09:08:58,64222.45,0,0,0,0,0,0
BANKEX.BSE_IDX,01/07/2025,09:08:59,64222.45,0,0,0,0,0,0
BANKEX.BSE_IDX,01/07/2025,09:09:00,64222.45,0,0,0,0,0,0
BANKEX.BSE_IDX,01/07/2025,09:09:01,64222.18,0,0,0,0,0,0
BANKEX.BSE_IDX,01/07/2025,09:09:02,64222.18,0,0,0,0,0,0
BANKEX.BSE_IDX,01/07/2025,09:09:03,64222.18,0,0,0,0,0,0
BANKEX.BSE_IDX,01/07/2025,09:09:04,64222.18,0,0,0,0,0,0
BANKEX.BSE_IDX,01/07/2025,09:09:05,64222.18,0,0,0,0,0,0
BANKEX.BSE_IDX,01/07/2025,09:09:06,64222.18,0,0,0,0,0,0
BANKEX.BSE_IDX,01/07/2025,09:09:07,64222.18,0,0,0,0,0,0
BANKEX.BSE_IDX,01/07/2025,09:09:08,64222.18,0,0,0,0,0,0
BANKEX.BSE_IDX,01/07/2025,09:09:09,64222.18,0,0,0,0,0,0
BANKEX.BSE_IDX,01/07/2025,09:09:10,64222.18,0,0,0,0,0,0
BANKEX.BSE_IDX,01/07/2025,09:09:11,64222.18,0,0,0,0,0,0
BANKEX.BSE_IDX,01/07/2025,09:09:12,64222.18,0,0,0,0,0,0
BANKEX.BSE_IDX,01/07/2025,09:09:13,64222.18,0,0,0,0,0,0
BANKEX.BSE_IDX,01/07/2025,09:09:14,64222.18,0,0,0,0,0,0
BANKEX.BSE_IDX,01/07/2025,09:09:15,64222.18,0,0,0,0,0,0
BANKEX.BSE_IDX,01/07/2025,09:09:16,64222.18,0,0,0,0,0,0
BANKEX.BSE_IDX,01/07/2025,09:09:17,64222.18,0,0,0,0,0,0
BANKEX.BSE_IDX,01/07/2025,09:09:18,64222.18,0,0,0,0,0,0
BANKEX.BSE_IDX,01/07/2025,09:09:19,64222.18,0,0,0,0,0,0
BANKEX.BSE_IDX,01/07/2025,09:09:20,64222.18,0,0,0,0,0,0
BANKEX.BSE_IDX,01/07/2025,09:09:21,64222.18,0,0,0,0,0,0
BANKEX.BSE_IDX,01/07/2025,09:09:22,64222.18,0,0,0,0,0,0
BANKEX.BSE_IDX,01/07/2025,09:09:23,64222.18,0,0,0,0,0,0
BANKEX.BSE_IDX,01/07/2025,09:09:24,64222.18,0,0,0,0,0,0
BANKEX.BSE_IDX,01/07/2025,09:09:25,64222.18,0,0,0,0,0,0
BANKEX.BSE_IDX,01/07/2025,09:09:26,64222.18,0,0,0,0,0,0
BANKEX.BSE_IDX,01/07/2025,09:09:27,64222.18,0,0,0,0,0,0
BANKEX.BSE_IDX,01/07/2025,09:09:28,64222.18,0,0,0,0,0,0
BANKEX.BSE_IDX,01/07/2025,09:09:29,64222.18,0,0,0,0,0,0
BANKEX.BSE_IDX,01/07/2025,09:09:30,64222.18,0,0,0,0,0,0
BANKEX.BSE_IDX,01/07/2025,09:09:31,64222.18,0,0,0,0,0,0
BANKEX.BSE_IDX,01/07/2025,09:09:32,64222.18,0,0,0,0,0,0
BANKEX.BSE_IDX,01/07/2025,09:09:33,64222.18,0,0,0,0,0,0
BANKEX.BSE_IDX,01/07/2025,09:09:34,64222.18,0,0,0,0,0,0
BANKEX.BSE_IDX,01/07/2025,09:09:35,64222.18,0,0,0,0,0,0
BANKEX.BSE_IDX,01/07/2025,09:09:36,64222.18,0,0,0,0,0,0
BANKEX.BSE_IDX,01/07/2025,09:09:37,64222.18,0,0,0,0,0,0
BANKEX.BSE_IDX,01/07/2025,09:09:38,64222.18,0,0,0,0,0,0
BANKEX.BSE_IDX,01/07/2025,09:09:39,64222.18,0,0,0,0,0,0
BANKEX.BSE_IDX,01/07/2025,09:09:40,64222.18,0,0,0,0,0,0
BANKEX.BSE_IDX,01/07/2025,09:09:41,64222.18,0,0,0,0,0,0
BANKEX.BSE_IDX,01/07/2025,09:09:42,64222.18,0,0,0,0,0,0
BANKEX.BSE_IDX,01/07/2025,09:09:43,64222.18,0,0,0,0,0,0
BANKEX.BSE_IDX,01/07/2025,09:09:44,64222.18,0,0,0,0,0,0
BANKEX.BSE_IDX,01/07/2025,09:09:45,64222.18,0,0,0,0,0,0
BANKEX.BSE_IDX,01/07/2025,09:09:46,64222.18,0,0,0,0,0,0
BANKEX.BSE_IDX,01/07/2025,09:09:47,64222.18,0,0,0,0,0,0
BANKEX.BSE_IDX,01/07/2025,09:09:48,64222.18,0,0,0,0,0,0
BANKEX.BSE_IDX,01/07/2025,09:09:49,64222.18,0,0,0,0,0,0
BANKEX.BSE_IDX,01/07/2025,09:09:50,64222.18,0,0,0,0,0,0
BANKEX.BSE_IDX,01/07/2025,09:09:51,64222.18,0,0,0,0,0,0
BANKEX.BSE_IDX,01/07/2025,09:09:52,64222.18,0,0,0,0,0,0
BANKEX.BSE_IDX,01/07/2025,09:09:53,64222.18,0,0,0,0,0,0
BANKEX.BSE_IDX,01/07/2025,09:09:54,64222.18,0,0,0,0,0,0
BANKEX.BSE_IDX,01/07/2025,09:09:55,64222.18,0,0,0,0,0,0
BANKEX.BSE_IDX,01/07/2025,09:09:56,64222.18,0,0,0,0,0,0
BANKEX.BSE_IDX,01/07/2025,09:09:57,64222.18,0,0,0,0,0,0
BANKEX.BSE_IDX,01/07/2025,09:09:58,64222.18,0,0,0,0,0,0
BANKEX.BSE_IDX,01/07/2025,09:09:59,64222.18,0,0,0,0,0,0
BANKEX.BSE_IDX,01/07/2025,09:10:00,64222.18,0,0,0,0,0,0
BANKEX.BSE_IDX,01/07/2025,09:10:01,64222.18,0,0,0,0,0,0
BANKEX.BSE_IDX,01/07/2025,09:10:02,64222.18,0,0,0,0,0,0
BANKEX.BSE_IDX,01/07/2025,09:10:03,64222.18,0,0,0,0,0,0
BANKEX.BSE_IDX,01/07/2025,09:10:04,64222.18,0,0,0,0,0,0
BANKEX.BSE_IDX,01/07/2025,09:10:05,64222.18,0,0,0,0,0,0
BANKEX.BSE_IDX,01/07/2025,09:10:06,64222.18,0,0,0,0,0,0
BANKEX.BSE_IDX,01/07/2025,09:10:07,64222.18,0,0,0,0,0,0
BANKEX.BSE_IDX,01/07/2025,09:10:08,64222.18,0,0,0,0,0,0
BANKEX.BSE_IDX,01/07/2025,09:10:09,64222.18,0,0,0,0,0,0
BANKEX.BSE_IDX,01/07/2025,09:10:10,64222.18,0,0,0,0,0,0
BANKEX.BSE_IDX,01/07/2025,09:10:11,64222.18,0,0,0,0,0,0
BANKEX.BSE_IDX,01/07/2025,09:10:12,64222.18,0,0,0,0,0,0
BANKEX.BSE_IDX,01/07/2025,09:10:13,64222.18,0,0,0,0,0,0
BANKEX.BSE_IDX,01/07/2025,09:10:14,64222.18,0,0,0,0,0,0
BANKEX.BSE_IDX,01/07/2025,09:10:15,64222.18,0,0,0,0,0,0
BANKEX.BSE_IDX,01/07/2025,09:10:16,64222.18,0,0,0,0,0,0
BANKEX.BSE_IDX,01/07/2025,09:10:17,64222.18,0,0,0,0,0,0
BANKEX.BSE_IDX,01/07/2025,09:10:18,64222.18,0,0,0,0,0,0
BANKEX.BSE_IDX,01/07/2025,09:10:19,64222.18,0,0,0,0,0,0
BANKEX.BSE_IDX,01/07/2025,09:10:20,64222.18,0,0,0,0,0,0
BANKEX.BSE_IDX,01/07/2025,09:10:21,64222.18,0,0,0,0,0,0
BANKEX.BSE_IDX,01/07/2025,09:10:22,64222.18,0,0,0,0,0,0
BANKEX.BSE_IDX,01/07/2025,09:10:23,64222.18,0,0,0,0,0,0
BANKEX.BSE_IDX,01/07/2025,09:10:24,64222.18,0,0,0,0,0,0
BANKEX.BSE_IDX,01/07/2025,09:10:25,64222.18,0,0,0,0,0,0
BANKEX.BSE_IDX,01/07/2025,09:10:26,64222.18,0,0,0,0,0,0
BANKEX.BSE_IDX,01/07/2025,09:10:27,64222.18,0,0,0,0,0,0
BANKEX.BSE_IDX,01/07/2025,09:10:28,64222.18,0,0,0,0,0,0
BANKEX.BSE_IDX,01/07/2025,09:10:29,64222.18,0,0,0,0,0,0
BANKEX.BSE_IDX,01/07/2025,09:10:30,64222.18,0,0,0,0,0,0
BANKEX.BSE_IDX,01/07/2025,09:10:31,64222.18,0,0,0,0,0,0
BANKEX.BSE_IDX,01/07/2025,09:10:32,64222.18,0,0,0,0,0,0
BANKEX.BSE_IDX,01/07/2025,09:10:33,64222.18,0,0,0,0,0,0
BANKEX.BSE_IDX,01/07/2025,09:10:34,64222.18,0,0,0,0,0,0
BANKEX.BSE_IDX,01/07/2025,09:10:35,64222.18,0,0,0,0,0,0
BANKEX.BSE_IDX,01/07/2025,09:10:36,64222.18,0,0,0,0,0,0
BANKEX.BSE_IDX,01/07/2025,09:10:37,64222.18,0,0,0,0,0,0
BANKEX.BSE_IDX,01/07/2025,09:10:38,64222.18,0,0,0,0,0,0
BANKEX.BSE_IDX,01/07/2025,09:10:39,64222.18,0,0,0,0,0,0
BANKEX.BSE_IDX,01/07/2025,09:10:40,64222.18,0,0,0,0,0,0
BANKEX.BSE_IDX,01/07/2025,09:10:41,64222.18,0,0,0,0,0,0
BANKEX.BSE_IDX,01/07/2025,09:10:42,64222.18,0,0,0,0,0,0
BANKEX.BSE_IDX,01/07/2025,09:10:43,64222.18,0,0,0,0,0,0
BANKEX.BSE_IDX,01/07/2025,09:10:44,64222.18,0,0,0,0,0,0
BANKEX.BSE_IDX,01/07/2025,09:10:45,64222.18,0,0,0,0,0,0
BANKEX.BSE_IDX,01/07/2025,09:10:46,64222.18,0,0,0,0,0,0
BANKEX.BSE_IDX,01/07/2025,09:10:47,64222.18,0,0,0,0,0,0
BANKEX.BSE_IDX,01/07/2025,09:10:48,64222.18,0,0,0,0,0,0
BANKEX.BSE_IDX,01/07/2025,09:10:49,64222.18,0,0,0,0,0,0
BANKEX.BSE_IDX,01/07/2025,09:10:50,64222.18,0,0,0,0,0,0
BANKEX.BSE_IDX,01/07/2025,09:10:51,64222.18,0,0,0,0,0,0
BANKEX.BSE_IDX,01/07/2025,09:10:52,64222.18,0,0,0,0,0,0
BANKEX.BSE_IDX,01/07/2025,09:10:53,64222.18,0,0,0,0,0,0
BANKEX.BSE_IDX,01/07/2025,09:10:54,64222.18,0,0,0,0,0,0
BANKEX.BSE_IDX,01/07/2025,09:10:55,64222.18,0,0,0,0,0,0
BANKEX.BSE_IDX,01/07/2025,09:10:56,64222.18,0,0,0,0,0,0
BANKEX.BSE_IDX,01/07/2025,09:10:57,64222.18,0,0,0,0,0,0
BANKEX.BSE_IDX,01/07/2025,09:10:58,64222.18,0,0,0,0,0,0
BANKEX.BSE_IDX,01/07/2025,09:10:59,64222.18,0,0,0,0,0,0
BANKEX.BSE_IDX,01/07/2025,09:11:00,64222.18,0,0,0,0,0,0
BANKEX.BSE_IDX,01/07/2025,09:11:01,64222.18,0,0,0,0,0,0
BANKEX.BSE_IDX,01/07/2025,09:11:02,64222.18,0,0,0,0,0,0
BANKEX.BSE_IDX,01/07/2025,09:11:03,64222.18,0,0,0,0,0,0
BANKEX.BSE_IDX,01/07/2025,09:11:04,64222.18,0,0,0,0,0,0
BANKEX.BSE_IDX,01/07/2025,09:11:05,64222.18,0,0,0,0,0,0
BANKEX.BSE_IDX,01/07/2025,09:11:06,64222.18,0,0,0,0,0,0
BANKEX.BSE_IDX,01/07/2025,09:11:07,64222.18,0,0,0,0,0,0
BANKEX.BSE_IDX,01/07/2025,09:11:08,64222.18,0,0,0,0,0,0
BANKEX.BSE_IDX,01/07/2025,09:11:09,64222.18,0,0,0,0,0,0
BANKEX.BSE_IDX,01/07/2025,09:11:10,64222.18,0,0,0,0,0,0
BANKEX.BSE_IDX,01/07/2025,09:11:11,64222.18,0,0,0,0,0,0
BANKEX.BSE_IDX,01/07/2025,09:11:12,64222.18,0,0,0,0,0,0
BANKEX.BSE_IDX,01/07/2025,09:11:13,64222.18,0,0,0,0,0,0
BANKEX.BSE_IDX,01/07/2025,09:11:14,64222.18,0,0,0,0,0,0
BANKEX.BSE_IDX,01/07/2025,09:11:15,64222.18,0,0,0,0,0,0
BANKEX.BSE_IDX,01/07/2025,09:11:16,64222.18,0,0,0,0,0,0
BANKEX.BSE_IDX,01/07/2025,09:11:17,64222.18,0,0,0,0,0,0
BANKEX.BSE_IDX,01/07/2025,09:11:18,64222.18,0,0,0,0,0,0
BANKEX.BSE_IDX,01/07/2025,09:11:19,64222.18,0,0,0,0,0,0
BANKEX.BSE_IDX,01/07/2025,09:11:20,64222.18,0,0,0,0,0,0
BANKEX.BSE_IDX,01/07/2025,09:11:21,64222.18,0,0,0,0,0,0
BANKEX.BSE_IDX,01/07/2025,09:11:22,64222.18,0,0,0,0,0,0
BANKEX.BSE_IDX,01/07/2025,09:11:23,64222.18,0,0,0,0,0,0
BANKEX.BSE_IDX,01/07/2025,09:11:24,64222.18,0,0,0,0,0,0
BANKEX.BSE_IDX,01/07/2025,09:11:25,64222.18,0,0,0,0,0,0
BANKEX.BSE_IDX,01/07/2025,09:11:26,64222.18,0,0,0,0,0,0
BANKEX.BSE_IDX,01/07/2025,09:11:27,64222.18,0,0,0,0,0,0
BANKEX.BSE_IDX,01/07/2025,09:11:28,64222.18,0,0,0,0,0,0
BANKEX.BSE_IDX,01/07/2025,09:11:29,64222.18,0,0,0,0,0,0
BANKEX.BSE_IDX,01/07/2025,09:11:30,64222.18,0,0,0,0,0,0
BANKEX.BSE_IDX,01/07/2025,09:11:32,64222.18,0,0,0,0,0,0
BANKEX.BSE_IDX,01/07/2025,09:11:32,64222.18,0,0,0,0,0,0
BANKEX.BSE_IDX,01/07/2025,09:11:33,64222.18,0,0,0,0,0,0
BANKEX.BSE_IDX,01/07/2025,09:11:34,64222.18,0,0,0,0,0,0
BANKEX.BSE_IDX,01/07/2025,09:11:35,64222.18,0,0,0,0,0,0
BANKEX.BSE_IDX,01/07/2025,09:11:36,64222.18,0,0,0,0,0,0
BANKEX.BSE_IDX,01/07/2025,09:11:37,64222.18,0,0,0,0,0,0
BANKEX.BSE_IDX,01/07/2025,09:11:38,64222.18,0,0,0,0,0,0
BANKEX.BSE_IDX,01/07/2025,09:11:39,64222.18,0,0,0,0,0,0
BANKEX.BSE_IDX,01/07/2025,09:11:40,64222.18,0,0,0,0,0,0
BANKEX.BSE_IDX,01/07/2025,09:11:41,64222.18,0,0,0,0,0,0
BANKEX.BSE_IDX,01/07/2025,09:11:42,64222.18,0,0,0,0,0,0
BANKEX.BSE_IDX,01/07/2025,09:11:43,64222.18,0,0,0,0,0,0
BANKEX.BSE_IDX,01/07/2025,09:11:44,64222.18,0,0,0,0,0,0
BANKEX.BSE_IDX,01/07/2025,09:11:45,64222.18,0,0,0,0,0,0
BANKEX.BSE_IDX,01/07/2025,09:11:46,64222.18,0,0,0,0,0,0
BANKEX.BSE_IDX,01/07/2025,09:11:47,64222.18,0,0,0,0,0,0
BANKEX.BSE_IDX,01/07/2025,09:11:48,64222.18,0,0,0,0,0,0
BANKEX.BSE_IDX,01/07/2025,09:11:49,64222.18,0,0,0,0,0,0
BANKEX.BSE_IDX,01/07/2025,09:11:50,64222.18,0,0,0,0,0,0
BANKEX.BSE_IDX,01/07/2025,09:11:51,64222.18,0,0,0,0,0,0
BANKEX.BSE_IDX,01/07/2025,09:11:52,64222.18,0,0,0,0,0,0
BANKEX.BSE_IDX,01/07/2025,09:11:54,64222.18,0,0,0,0,0,0
BANKEX.BSE_IDX,01/07/2025,09:11:54,64222.18,0,0,0,0,0,0
BANKEX.BSE_IDX,01/07/2025,09:11:55,64222.18,0,0,0,0,0,0
BANKEX.BSE_IDX,01/07/2025,09:11:56,64222.18,0,0,0,0,0,0
BANKEX.BSE_IDX,01/07/2025,09:11:57,64222.18,0,0,0,0,0,0
BANKEX.BSE_IDX,01/07/2025,09:11:58,64222.18,0,0,0,0,0,0
BANKEX.BSE_IDX,01/07/2025,09:11:59,64222.18,0,0,0,0,0,0
BANKEX.BSE_IDX,01/07/2025,09:12:00,64222.18,0,0,0,0,0,0
BANKEX.BSE_IDX,01/07/2025,09:12:01,64222.18,0,0,0,0,0,0
BANKEX.BSE_IDX,01/07/2025,09:12:02,64222.18,0,0,0,0,0,0
BANKEX.BSE_IDX,01/07/2025,09:12:03,64222.18,0,0,0,0,0,0
BANKEX.BSE_IDX,01/07/2025,09:12:04,64222.18,0,0,0,0,0,0
BANKEX.BSE_IDX,01/07/2025,09:12:05,64222.18,0,0,0,0,0,0
BANKEX.BSE_IDX,01/07/2025,09:12:06,64222.18,0,0,0,0,0,0
BANKEX.BSE_IDX,01/07/2025,09:12:07,64222.18,0,0,0,0,0,0
BANKEX.BSE_IDX,01/07/2025,09:12:08,64222.18,0,0,0,0,0,0
BANKEX.BSE_IDX,01/07/2025,09:12:09,64222.18,0,0,0,0,0,0
BANKEX.BSE_IDX,01/07/2025,09:12:10,64222.18,0,0,0,0,0,0
BANKEX.BSE_IDX,01/07/2025,09:12:11,64222.18,0,0,0,0,0,0
BANKEX.BSE_IDX,01/07/2025,09:12:12,64222.18,0,0,0,0,0,0
BANKEX.BSE_IDX,01/07/2025,09:12:13,64222.18,0,0,0,0,0,0
BANKEX.BSE_IDX,01/07/2025,09:12:14,64222.18,0,0,0,0,0,0
BANKEX.BSE_IDX,01/07/2025,09:12:16,64222.18,0,0,0,0,0,0
BANKEX.BSE_IDX,01/07/2025,09:12:16,64222.18,0,0,0,0,0,0
BANKEX.BSE_IDX,01/07/2025,09:12:17,64222.18,0,0,0,0,0,0
BANKEX.BSE_IDX,01/07/2025,09:12:18,64222.18,0,0,0,0,0,0
BANKEX.BSE_IDX,01/07/2025,09:12:19,64222.18,0,0,0,0,0,0
BANKEX.BSE_IDX,01/07/2025,09:12:20,64222.18,0,0,0,0,0,0
BANKEX.BSE_IDX,01/07/2025,09:12:21,64222.18,0,0,0,0,0,0
BANKEX.BSE_IDX,01/07/2025,09:12:22,64222.18,0,0,0,0,0,0
BANKEX.BSE_IDX,01/07/2025,09:12:23,64222.18,0,0,0,0,0,0
BANKEX.BSE_IDX,01/07/2025,09:12:24,64222.18,0,0,0,0,0,0
BANKEX.BSE_IDX,01/07/2025,09:12:25,64222.18,0,0,0,0,0,0
BANKEX.BSE_IDX,01/07/2025,09:12:26,64222.18,0,0,0,0,0,0
BANKEX.BSE_IDX,01/07/2025,09:12:27,64222.18,0,0,0,0,0,0
BANKEX.BSE_IDX,01/07/2025,09:12:28,64222.18,0,0,0,0,0,0
BANKEX.BSE_IDX,01/07/2025,09:12:29,64222.18,0,0,0,0,0,0
BANKEX.BSE_IDX,01/07/2025,09:12:30,64222.18,0,0,0,0,0,0
BANKEX.BSE_IDX,01/07/2025,09:12:31,64222.18,0,0,0,0,0,0
BANKEX.BSE_IDX,01/07/2025,09:12:33,64222.18,0,0,0,0,0,0
BANKEX.BSE_IDX,01/07/2025,09:12:33,64222.18,0,0,0,0,0,0
BANKEX.BSE_IDX,01/07/2025,09:12:34,64222.18,0,0,0,0,0,0
BANKEX.BSE_IDX,01/07/2025,09:12:35,64222.18,0,0,0,0,0,0
BANKEX.BSE_IDX,01/07/2025,09:12:36,64222.18,0,0,0,0,0,0
BANKEX.BSE_IDX,01/07/2025,09:12:37,64222.18,0,0,0,0,0,0
BANKEX.BSE_IDX,01/07/2025,09:12:38,64222.18,0,0,0,0,0,0
BANKEX.BSE_IDX,01/07/2025,09:12:39,64222.18,0,0,0,0,0,0
BANKEX.BSE_IDX,01/07/2025,09:12:40,64222.18,0,0,0,0,0,0
BANKEX.BSE_IDX,01/07/2025,09:12:41,64222.18,0,0,0,0,0,0
BANKEX.BSE_IDX,01/07/2025,09:12:42,64222.18,0,0,0,0,0,0
BANKEX.BSE_IDX,01/07/2025,09:12:43,64222.18,0,0,0,0,0,0
BANKEX.BSE_IDX,01/07/2025,09:12:44,64222.18,0,0,0,0,0,0
BANKEX.BSE_IDX,01/07/2025,09:12:45,64222.18,0,0,0,0,0,0
BANKEX.BSE_IDX,01/07/2025,09:12:47,64222.18,0,0,0,0,0,0
BANKEX.BSE_IDX,01/07/2025,09:12:47,64222.18,0,0,0,0,0,0
BANKEX.BSE_IDX,01/07/2025,09:12:48,64222.18,0,0,0,0,0,0
BANKEX.BSE_IDX,01/07/2025,09:12:49,64222.18,0,0,0,0,0,0
BANKEX.BSE_IDX,01/07/2025,09:12:50,64222.18,0,0,0,0,0,0
BANKEX.BSE_IDX,01/07/2025,09:12:51,64222.18,0,0,0,0,0,0
BANKEX.BSE_IDX,01/07/2025,09:12:52,64222.18,0,0,0,0,0,0
BANKEX.BSE_IDX,01/07/2025,09:12:53,64222.18,0,0,0,0,0,0
BANKEX.BSE_IDX,01/07/2025,09:12:54,64222.18,0,0,0,0,0,0
BANKEX.BSE_IDX,01/07/2025,09:12:55,64222.18,0,0,0,0,0,0
BANKEX.BSE_IDX,01/07/2025,09:12:57,64222.18,0,0,0,0,0,0
BANKEX.BSE_IDX,01/07/2025,09:12:57,64222.18,0,0,0,0,0,0
BANKEX.BSE_IDX,01/07/2025,09:12:58,64222.18,0,0,0,0,0,0
BANKEX.BSE_IDX,01/07/2025,09:12:59,64222.18,0,0,0,0,0,0
BANKEX.BSE_IDX,01/07/2025,09:13:00,64222.18,0,0,0,0,0,0
BANKEX.BSE_IDX,01/07/2025,09:13:01,64222.18,0,0,0,0,0,0
BANKEX.BSE_IDX,01/07/2025,09:13:02,64222.18,0,0,0,0,0,0
BANKEX.BSE_IDX,01/07/2025,09:13:03,64222.18,0,0,0,0,0,0
BANKEX.BSE_IDX,01/07/2025,09:13:04,64222.18,0,0,0,0,0,0
BANKEX.BSE_IDX,01/07/2025,09:13:05,64222.18,0,0,0,0,0,0
BANKEX.BSE_IDX,01/07/2025,09:13:06,64222.18,0,0,0,0,0,0
BANKEX.BSE_IDX,01/07/2025,09:13:07,64222.18,0,0,0,0,0,0
BANKEX.BSE_IDX,01/07/2025,09:13:08,64222.18,0,0,0,0,0,0
BANKEX.BSE_IDX,01/07/2025,09:13:09,64222.18,0,0,0,0,0,0
BANKEX.BSE_IDX,01/07/2025,09:13:10,64222.18,0,0,0,0,0,0
BANKEX.BSE_IDX,01/07/2025,09:13:11,64222.18,0,0,0,0,0,0
BANKEX.BSE_IDX,01/07/2025,09:13:12,64222.18,0,0,0,0,0,0
BANKEX.BSE_IDX,01/07/2025,09:13:13,64222.18,0,0,0,0,0,0
BANKEX.BSE_IDX,01/07/2025,09:13:14,64222.18,0,0,0,0,0,0
BANKEX.BSE_IDX,01/07/2025,09:13:15,64222.18,0,0,0,0,0,0
BANKEX.BSE_IDX,01/07/2025,09:13:16,64222.18,0,0,0,0,0,0
BANKEX.BSE_IDX,01/07/2025,09:13:17,64222.18,0,0,0,0,0,0
BANKEX.BSE_IDX,01/07/2025,09:13:18,64222.18,0,0,0,0,0,0
BANKEX.BSE_IDX,01/07/2025,09:13:19,64222.18,0,0,0,0,0,0
BANKEX.BSE_IDX,01/07/2025,09:13:20,64222.18,0,0,0,0,0,0
BANKEX.BSE_IDX,01/07/2025,09:13:21,64222.18,0,0,0,0,0,0
BANKEX.BSE_IDX,01/07/2025,09:13:22,64222.18,0,0,0,0,0,0
BANKEX.BSE_IDX,01/07/2025,09:13:23,64222.18,0,0,0,0,0,0
BANKEX.BSE_IDX,01/07/2025,09:13:24,64222.18,0,0,0,0,0,0
BANKEX.BSE_IDX,01/07/2025,09:13:25,64222.18,0,0,0,0,0,0
BANKEX.BSE_IDX,01/07/2025,09:13:26,64222.18,0,0,0,0,0,0
BANKEX.BSE_IDX,01/07/2025,09:13:27,64222.18,0,0,0,0,0,0
BANKEX.BSE_IDX,01/07/2025,09:13:28,64222.18,0,0,0,0,0,0
BANKEX.BSE_IDX,01/07/2025,09:13:29,64222.18,0,0,0,0,0,0
BANKEX.BSE_IDX,01/07/2025,09:13:30,64222.18,0,0,0,0,0,0
BANKEX.BSE_IDX,01/07/2025,09:13:31,64222.18,0,0,0,0,0,0
BANKEX.BSE_IDX,01/07/2025,09:13:32,64222.18,0,0,0,0,0,0
BANKEX.BSE_IDX,01/07/2025,09:13:33,64222.18,0,0,0,0,0,0
BANKEX.BSE_IDX,01/07/2025,09:13:34,64222.18,0,0,0,0,0,0
BANKEX.BSE_IDX,01/07/2025,09:13:35,64222.18,0,0,0,0,0,0
BANKEX.BSE_IDX,01/07/2025,09:13:36,64222.18,0,0,0,0,0,0
BANKEX.BSE_IDX,01/07/2025,09:13:37,64222.18,0,0,0,0,0,0
BANKEX.BSE_IDX,01/07/2025,09:13:38,64222.18,0,0,0,0,0,0
BANKEX.BSE_IDX,01/07/2025,09:13:39,64222.18,0,0,0,0,0,0
BANKEX.BSE_IDX,01/07/2025,09:13:40,64222.18,0,0,0,0,0,0
BANKEX.BSE_IDX,01/07/2025,09:13:41,64222.18,0,0,0,0,0,0
BANKEX.BSE_IDX,01/07/2025,09:13:42,64222.18,0,0,0,0,0,0
BANKEX.BSE_IDX,01/07/2025,09:13:43,64222.18,0,0,0,0,0,0
BANKEX.BSE_IDX,01/07/2025,09:13:44,64222.18,0,0,0,0,0,0
BANKEX.BSE_IDX,01/07/2025,09:13:45,64222.18,0,0,0,0,0,0
BANKEX.BSE_IDX,01/07/2025,09:13:46,64222.18,0,0,0,0,0,0
BANKEX.BSE_IDX,01/07/2025,09:13:47,64222.18,0,0,0,0,0,0
BANKEX.BSE_IDX,01/07/2025,09:13:48,64222.18,0,0,0,0,0,0
BANKEX.BSE_IDX,01/07/2025,09:13:49,64222.18,0,0,0,0,0,0
BANKEX.BSE_IDX,01/07/2025,09:13:50,64222.18,0,0,0,0,0,0
BANKEX.BSE_IDX,01/07/2025,09:13:51,64222.18,0,0,0,0,0,0
BANKEX.BSE_IDX,01/07/2025,09:13:52,64222.18,0,0,0,0,0,0
BANKEX.BSE_IDX,01/07/2025,09:13:53,64222.18,0,0,0,0,0,0
BANKEX.BSE_IDX,01/07/2025,09:13:54,64222.18,0,0,0,0,0,0
BANKEX.BSE_IDX,01/07/2025,09:13:55,64222.18,0,0,0,0,0,0
BANKEX.BSE_IDX,01/07/2025,09:13:56,64222.18,0,0,0,0,0,0
BANKEX.BSE_IDX,01/07/2025,09:13:57,64222.18,0,0,0,0,0,0
BANKEX.BSE_IDX,01/07/2025,09:13:59,64222.18,0,0,0,0,0,0
BANKEX.BSE_IDX,01/07/2025,09:13:59,64222.18,0,0,0,0,0,0
BANKEX.BSE_IDX,01/07/2025,09:14:00,64222.18,0,0,0,0,0,0
BANKEX.BSE_IDX,01/07/2025,09:14:01,64222.18,0,0,0,0,0,0
BANKEX.BSE_IDX,01/07/2025,09:14:02,64222.18,0,0,0,0,0,0
BANKEX.BSE_IDX,01/07/2025,09:14:03,64222.18,0,0,0,0,0,0
BANKEX.BSE_IDX,01/07/2025,09:14:04,64222.18,0,0,0,0,0,0
BANKEX.BSE_IDX,01/07/2025,09:14:05,64222.18,0,0,0,0,0,0
BANKEX.BSE_IDX,01/07/2025,09:14:06,64222.18,0,0,0,0,0,0
BANKEX.BSE_IDX,01/07/2025,09:14:07,64222.18,0,0,0,0,0,0
BANKEX.BSE_IDX,01/07/2025,09:14:08,64222.18,0,0,0,0,0,0
BANKEX.BSE_IDX,01/07/2025,09:14:09,64222.18,0,0,0,0,0,0
BANKEX.BSE_IDX,01/07/2025,09:14:12,64222.18,0,0,0,0,0,0
BANKEX.BSE_IDX,01/07/2025,09:14:12,64222.18,0,0,0,0,0,0
BANKEX.BSE_IDX,01/07/2025,09:14:12,64222.18,0,0,0,0,0,0
BANKEX.BSE_IDX,01/07/2025,09:14:13,64222.18,0,0,0,0,0,0
BANKEX.BSE_IDX,01/07/2025,09:14:14,64222.18,0,0,0,0,0,0
BANKEX.BSE_IDX,01/07/2025,09:14:15,64222.18,0,0,0,0,0,0
BANKEX.BSE_IDX,01/07/2025,09:14:16,64222.18,0,0,0,0,0,0
BANKEX.BSE_IDX,01/07/2025,09:14:17,64222.18,0,0,0,0,0,0
BANKEX.BSE_IDX,01/07/2025,09:14:18,64222.18,0,0,0,0,0,0
BANKEX.BSE_IDX,01/07/2025,09:14:19,64222.18,0,0,0,0,0,0
BANKEX.BSE_IDX,01/07/2025,09:14:20,64222.18,0,0,0,0,0,0
BANKEX.BSE_IDX,01/07/2025,09:14:21,64222.18,0,0,0,0,0,0
BANKEX.BSE_IDX,01/07/2025,09:14:23,64222.18,0,0,0,0,0,0
BANKEX.BSE_IDX,01/07/2025,09:14:23,64222.18,0,0,0,0,0,0
BANKEX.BSE_IDX,01/07/2025,09:14:24,64222.18,0,0,0,0,0,0
BANKEX.BSE_IDX,01/07/2025,09:14:25,64222.18,0,0,0,0,0,0
BANKEX.BSE_IDX,01/07/2025,09:14:26,64222.18,0,0,0,0,0,0
BANKEX.BSE_IDX,01/07/2025,09:14:27,64222.18,0,0,0,0,0,0
BANKEX.BSE_IDX,01/07/2025,09:14:28,64222.18,0,0,0,0,0,0
BANKEX.BSE_IDX,01/07/2025,09:14:29,64222.18,0,0,0,0,0,0
BANKEX.BSE_IDX,01/07/2025,09:14:30,64222.18,0,0,0,0,0,0
BANKEX.BSE_IDX,01/07/2025,09:14:31,64222.18,0,0,0,0,0,0
BANKEX.BSE_IDX,01/07/2025,09:14:32,64222.18,0,0,0,0,0,0
BANKEX.BSE_IDX,01/07/2025,09:14:33,64222.18,0,0,0,0,0,0
BANKEX.BSE_IDX,01/07/2025,09:14:34,64222.18,0,0,0,0,0,0
BANKEX.BSE_IDX,01/07/2025,09:14:36,64222.18,0,0,0,0,0,0
BANKEX.BSE_IDX,01/07/2025,09:14:36,64222.18,0,0,0,0,0,0
BANKEX.BSE_IDX,01/07/2025,09:14:37,64222.18,0,0,0,0,0,0
BANKEX.BSE_IDX,01/07/2025,09:14:38,64222.18,0,0,0,0,0,0
BANKEX.BSE_IDX,01/07/2025,09:14:39,64222.18,0,0,0,0,0,0
BANKEX.BSE_IDX,01/07/2025,09:14:40,64222.18,0,0,0,0,0,0
BANKEX.BSE_IDX,01/07/2025,09:14:41,64222.18,0,0,0,0,0,0
BANKEX.BSE_IDX,01/07/2025,09:14:42,64222.18,0,0,0,0,0,0
BANKEX.BSE_IDX,01/07/2025,09:14:43,64222.18,0,0,0,0,0,0
BANKEX.BSE_IDX,01/07/2025,09:14:44,64222.18,0,0,0,0,0,0
BANKEX.BSE_IDX,01/07/2025,09:14:45,64222.18,0,0,0,0,0,0
BANKEX.BSE_IDX,01/07/2025,09:14:46,64222.18,0,0,0,0,0,0
BANKEX.BSE_IDX,01/07/2025,09:14:49,64222.18,0,0,0,0,0,0
BANKEX.BSE_IDX,01/07/2025,09:14:49,64222.18,0,0,0,0,0,0
BANKEX.BSE_IDX,01/07/2025,09:14:49,64222.18,0,0,0,0,0,0
BANKEX.BSE_IDX,01/07/2025,09:14:50,64222.18,0,0,0,0,0,0
BANKEX.BSE_IDX,01/07/2025,09:14:51,64222.18,0,0,0,0,0,0
BANKEX.BSE_IDX,01/07/2025,09:14:52,64222.18,0,0,0,0,0,0
BANKEX.BSE_IDX,01/07/2025,09:14:54,64222.18,0,0,0,0,0,0
BANKEX.BSE_IDX,01/07/2025,09:14:54,64222.18,0,0,0,0,0,0
BANKEX.BSE_IDX,01/07/2025,09:14:55,64222.18,0,0,0,0,0,0
BANKEX.BSE_IDX,01/07/2025,09:14:57,64222.18,0,0,0,0,0,0
BANKEX.BSE_IDX,01/07/2025,09:14:57,64222.18,0,0,0,0,0,0
BANKEX.BSE_IDX,01/07/2025,09:14:58,64222.18,0,0,0,0,0,0
BANKEX.BSE_IDX,01/07/2025,09:14:59,64222.18,0,0,0,0,0,0
BANKEX.BSE_IDX,01/07/2025,09:15:01,64318.52,0,0,0,0,0,0
BANKEX.BSE_IDX,01/07/2025,09:15:03,64251.58,0,0,0,0,0,0
BANKEX.BSE_IDX,01/07/2025,09:15:03,64252.39,0,0,0,0,0,0
BANKEX.BSE_IDX,01/07/2025,09:15:04,64214.45,0,0,0,0,0,0
BANKEX.BSE_IDX,01/07/2025,09:15:04,64216.92,0,0,0,0,0,0
BANKEX.BSE_IDX,01/07/2025,09:15:05,64232.54,0,0,0,0,0,0
BANKEX.BSE_IDX,01/07/2025,09:15:06,64215.97,0,0,0,0,0,0
BANKEX.BSE_IDX,01/07/2025,09:15:09,64223.83,0,0,0,0,0,0
BANKEX.BSE_IDX,01/07/2025,09:15:10,64255.39,0,0,0,0,0,0
BANKEX.BSE_IDX,01/07/2025,09:15:10,64249.05,0,0,0,0,0,0
BANKEX.BSE_IDX,01/07/2025,09:15:11,64244.5,0,0,0,0,0,0
BANKEX.BSE_IDX,01/07/2025,09:15:11,64240.15,0,0,0,0,0,0
BANKEX.BSE_IDX,01/07/2025,09:15:12,64243.98,0,0,0,0,0,0
BANKEX.BSE_IDX,01/07/2025,09:15:14,64239.38,0,0,0,0,0,0
BANKEX.BSE_IDX,01/07/2025,09:15:15,64235.95,0,0,0,0,0,0
BANKEX.BSE_IDX,01/07/2025,09:15:16,64234.35,0,0,0,0,0,0
BANKEX.BSE_IDX,01/07/2025,09:15:16,64240.47,0,0,0,0,0,0
BANKEX.BSE_IDX,01/07/2025,09:15:17,64241.58,0,0,0,0,0,0
BANKEX.BSE_IDX,01/07/2025,09:15:18,64223.08,0,0,0,0,0,0
BANKEX.BSE_IDX,01/07/2025,09:15:19,64241.77,0,0,0,0,0,0
BANKEX.BSE_IDX,01/07/2025,09:15:20,64245.53,0,0,0,0,0,0
BANKEX.BSE_IDX,01/07/2025,09:15:22,64244.96,0,0,0,0,0,0
BANKEX.BSE_IDX,01/07/2025,09:15:22,64235.21,0,0,0,0,0,0
BANKEX.BSE_IDX,01/07/2025,09:15:23,64238.5,0,0,0,0,0,0
BANKEX.BSE_IDX,01/07/2025,09:15:25,64234.02,0,0,0,0,0,0
BANKEX.BSE_IDX,01/07/2025,09:15:26,64226.78,0,0,0,0,0,0
BANKEX.BSE_IDX,01/07/2025,09:15:27,64223.19,0,0,0,0,0,0
BANKEX.BSE_IDX,01/07/2025,09:15:27,64214.95,0,0,0,0,0,0
BANKEX.BSE_IDX,01/07/2025,09:15:30,64225.97,0,0,0,0,0,0
BANKEX.BSE_IDX,01/07/2025,09:15:30,64224.16,0,0,0,0,0,0
BANKEX.BSE_IDX,01/07/2025,09:15:31,64226.03,0,0,0,0,0,0
BANKEX.BSE_IDX,01/07/2025,09:15:32,64223.58,0,0,0,0,0,0
BANKEX.BSE_IDX,01/07/2025,09:15:33,64215.75,0,0,0,0,0,0
BANKEX.BSE_IDX,01/07/2025,09:15:34,64212.94,0,0,0,0,0,0
BANKEX.BSE_IDX,01/07/2025,09:15:35,64203.84,0,0,0,0,0,0
BANKEX.BSE_IDX,01/07/2025,09:15:36,64203.84,0,0,0,0,0,0
BANKEX.BSE_IDX,01/07/2025,09:15:37,64206.22,0,0,0,0,0,0
BANKEX.BSE_IDX,01/07/2025,09:15:38,64220.21,0,0,0,0,0,0
BANKEX.BSE_IDX,01/07/2025,09:15:39,64220.87,0,0,0,0,0,0
BANKEX.BSE_IDX,01/07/2025,09:15:41,64220.97,0,0,0,0,0,0
BANKEX.BSE_IDX,01/07/2025,09:15:41,64225,0,0,0,0,0,0
BANKEX.BSE_IDX,01/07/2025,09:15:42,64225.67,0,0,0,0,0,0
BANKEX.BSE_IDX,01/07/2025,09:15:43,64226.99,0,0,0,0,0,0
BANKEX.BSE_IDX,01/07/2025,09:15:44,64226.41,0,0,0,0,0,0
BANKEX.BSE_IDX,01/07/2025,09:15:45,64223.58,0,0,0,0,0,0
BANKEX.BSE_IDX,01/07/2025,09:15:46,64222.31,0,0,0,0,0,0
BANKEX.BSE_IDX,01/07/2025,09:15:47,64233.15,0,0,0,0,0,0
BANKEX.BSE_IDX,01/07/2025,09:15:48,64237.01,0,0,0,0,0,0
BANKEX.BSE_IDX,01/07/2025,09:15:49,64227.52,0,0,0,0,0,0
BANKEX.BSE_IDX,01/07/2025,09:15:50,64224.5,0,0,0,0,0,0
BANKEX.BSE_IDX,01/07/2025,09:15:51,64224.2,0,0,0,0,0,0
BANKEX.BSE_IDX,01/07/2025,09:15:52,64219.22,0,0,0,0,0,0
BANKEX.BSE_IDX,01/07/2025,09:15:53,64208.39,0,0,0,0,0,0
BANKEX.BSE_IDX,01/07/2025,09:15:54,64192.94,0,0,0,0,0,0
BANKEX.BSE_IDX,01/07/2025,09:15:55,64186.72,0,0,0,0,0,0
BANKEX.BSE_IDX,01/07/2025,09:15:56,64185.4,0,0,0,0,0,0
BANKEX.BSE_IDX,01/07/2025,09:15:57,64167.13,0,0,0,0,0,0
BANKEX.BSE_IDX,01/07/2025,09:15:58,64169.24,0,0,0,0,0,0
BANKEX.BSE_IDX,01/07/2025,09:15:59,64168.51,0,0,0,0,0,0
BANKEX.BSE_IDX,01/07/2025,09:16:00,64168.5,0,0,0,0,0,0
BANKEX.BSE_IDX,01/07/2025,09:16:01,64169.31,0,0,0,0,0,0
BANKEX.BSE_IDX,01/07/2025,09:16:03,64181.68,0,0,0,0,0,0
BANKEX.BSE_IDX,01/07/2025,09:16:03,64186.41,0,0,0,0,0,0
BANKEX.BSE_IDX,01/07/2025,09:16:04,64191.27,0,0,0,0,0,0
BANKEX.BSE_IDX,01/07/2025,09:16:05,64192.52,0,0,0,0,0,0
BANKEX.BSE_IDX,01/07/2025,09:16:06,64187.13,0,0,0,0,0,0
BANKEX.BSE_IDX,01/07/2025,09:16:07,64182.26,0,0,0,0,0,0
BANKEX.BSE_IDX,01/07/2025,09:16:08,64190.35,0,0,0,0,0,0
BANKEX.BSE_IDX,01/07/2025,09:16:09,64191.46,0,0,0,0,0,0
BANKEX.BSE_IDX,01/07/2025,09:16:10,64212.31,0,0,0,0,0,0
BANKEX.BSE_IDX,01/07/2025,09:16:11,64206.2,0,0,0,0,0,0
BANKEX.BSE_IDX,01/07/2025,09:16:12,64205.11,0,0,0,0,0,0
BANKEX.BSE_IDX,01/07/2025,09:16:13,64204.06,0,0,0,0,0,0
BANKEX.BSE_IDX,01/07/2025,09:16:14,64198.68,0,0,0,0,0,0
BANKEX.BSE_IDX,01/07/2025,09:16:15,64198.1,0,0,0,0,0,0
BANKEX.BSE_IDX,01/07/2025,09:16:16,64208.85,0,0,0,0,0,0
BANKEX.BSE_IDX,01/07/2025,09:16:17,64224.96,0,0,0,0,0,0
BANKEX.BSE_IDX,01/07/2025,09:16:18,64220.94,0,0,0,0,0,0
BANKEX.BSE_IDX,01/07/2025,09:16:19,64224.22,0,0,0,0,0,0
BANKEX.BSE_IDX,01/07/2025,09:16:20,64215.74,0,0,0,0,0,0
BANKEX.BSE_IDX,01/07/2025,09:16:21,64216.7,0,0,0,0,0,0
BANKEX.BSE_IDX,01/07/2025,09:16:22,64223.69,0,0,0,0,0,0
BANKEX.BSE_IDX,01/07/2025,09:16:23,64213.55,0,0,0,0,0,0
BANKEX.BSE_IDX,01/07/2025,09:16:25,64213.55,0,0,0,0,0,0
BANKEX.BSE_IDX,01/07/2025,09:16:25,64199.75,0,0,0,0,0,0
BANKEX.BSE_IDX,01/07/2025,09:16:26,64199.75,0,0,0,0,0,0
BANKEX.BSE_IDX,01/07/2025,09:16:27,64207.98,0,0,0,0,0,0
BANKEX.BSE_IDX,01/07/2025,09:16:28,64184.07,0,0,0,0,0,0
BANKEX.BSE_IDX,01/07/2025,09:16:29,64181.04,0,0,0,0,0,0
BANKEX.BSE_IDX,01/07/2025,09:16:30,64175.32,0,0,0,0,0,0
BANKEX.BSE_IDX,01/07/2025,09:16:31,64166.43,0,0,0,0,0,0
BANKEX.BSE_IDX,01/07/2025,09:16:32,64164.89,0,0,0,0,0,0
BANKEX.BSE_IDX,01/07/2025,09:16:33,64164.89,0,0,0,0,0,0
BANKEX.BSE_IDX,01/07/2025,09:16:34,64163.24,0,0,0,0,0,0
BANKEX.BSE_IDX,01/07/2025,09:16:36,64171.5,0,0,0,0,0,0
BANKEX.BSE_IDX,01/07/2025,09:16:36,64173.04,0,0,0,0,0,0
BANKEX.BSE_IDX,01/07/2025,09:16:37,64165.93,0,0,0,0,0,0
BANKEX.BSE_IDX,01/07/2025,09:16:38,64164.94,0,0,0,0,0,0
BANKEX.BSE_IDX,01/07/2025,09:16:39,64166.63,0,0,0,0,0,0
BANKEX.BSE_IDX,01/07/2025,09:16:40,64168.76,0,0,0,0,0,0
BANKEX.BSE_IDX,01/07/2025,09:16:41,64160.47,0,0,0,0,0,0
BANKEX.BSE_IDX,01/07/2025,09:16:42,64162.92,0,0,0,0,0,0
BANKEX.BSE_IDX,01/07/2025,09:16:43,64169.43,0,0,0,0,0,0
BANKEX.BSE_IDX,01/07/2025,09:16:44,64173.09,0,0,0,0,0,0
BANKEX.BSE_IDX,01/07/2025,09:16:45,64156.34,0,0,0,0,0,0
BANKEX.BSE_IDX,01/07/2025,09:16:46,64155.95,0,0,0,0,0,0
BANKEX.BSE_IDX,01/07/2025,09:16:47,64161.6,0,0,0,0,0,0
BANKEX.BSE_IDX,01/07/2025,09:16:48,64153.87,0,0,0,0,0,0
BANKEX.BSE_IDX,01/07/2025,09:16:49,64161.84,0,0,0,0,0,0
BANKEX.BSE_IDX,01/07/2025,09:16:50,64153.99,0,0,0,0,0,0
BANKEX.BSE_IDX,01/07/2025,09:16:51,64154.32,0,0,0,0,0,0
BANKEX.BSE_IDX,01/07/2025,09:16:52,64167.82,0,0,0,0,0,0
BANKEX.BSE_IDX,01/07/2025,09:16:53,64179.06,0,0,0,0,0,0
BANKEX.BSE_IDX,01/07/2025,09:16:54,64168.37,0,0,0,0,0,0
BANKEX.BSE_IDX,01/07/2025,09:16:55,64162.1,0,0,0,0,0,0
BANKEX.BSE_IDX,01/07/2025,09:16:56,64161.75,0,0,0,0,0,0
BANKEX.BSE_IDX,01/07/2025,09:16:57,64169.11,0,0,0,0,0,0
BANKEX.BSE_IDX,01/07/2025,09:16:58,64159.85,0,0,0,0,0,0
BANKEX.BSE_IDX,01/07/2025,09:16:59,64158.21,0,0,0,0,0,0
BANKEX.BSE_IDX,01/07/2025,09:17:00,64161.08,0,0,0,0,0,0
BANKEX.BSE_IDX,01/07/2025,09:17:01,64143.38,0,0,0,0,0,0
BANKEX.BSE_IDX,01/07/2025,09:17:02,64150.58,0,0,0,0,0,0
BANKEX.BSE_IDX,01/07/2025,09:17:03,64147.19,0,0,0,0,0,0
BANKEX.BSE_IDX,01/07/2025,09:17:04,64158.54,0,0,0,0,0,0
BANKEX.BSE_IDX,01/07/2025,09:17:05,64150.18,0,0,0,0,0,0
BANKEX.BSE_IDX,01/07/2025,09:17:06,64135.39,0,0,0,0,0,0
BANKEX.BSE_IDX,01/07/2025,09:17:07,64128.48,0,0,0,0,0,0
BANKEX.BSE_IDX,01/07/2025,09:17:08,64135.64,0,0,0,0,0,0
BANKEX.BSE_IDX,01/07/2025,09:17:09,64134.52,0,0,0,0,0,0
BANKEX.BSE_IDX,01/07/2025,09:17:10,64137.92,0,0,0,0,0,0
BANKEX.BSE_IDX,01/07/2025,09:17:12,64142.03,0,0,0,0,0,0
BANKEX.BSE_IDX,01/07/2025,09:17:12,64150.56,0,0,0,0,0,0
BANKEX.BSE_IDX,01/07/2025,09:17:13,64138.02,0,0,0,0,0,0
BANKEX.BSE_IDX,01/07/2025,09:17:14,64133.72,0,0,0,0,0,0
BANKEX.BSE_IDX,01/07/2025,09:17:15,64133.16,0,0,0,0,0,0
BANKEX.BSE_IDX,01/07/2025,09:17:16,64136.5,0,0,0,0,0,0
BANKEX.BSE_IDX,01/07/2025,09:17:17,64139.31,0,0,0,0,0,0
BANKEX.BSE_IDX,01/07/2025,09:17:18,64139.34,0,0,0,0,0,0
BANKEX.BSE_IDX,01/07/2025,09:17:19,64150.67,0,0,0,0,0,0
BANKEX.BSE_IDX,01/07/2025,09:17:20,64152.16,0,0,0,0,0,0
BANKEX.BSE_IDX,01/07/2025,09:17:22,64156.8,0,0,0,0,0,0
BANKEX.BSE_IDX,01/07/2025,09:17:22,64158.49,0,0,0,0,0,0
BANKEX.BSE_IDX,01/07/2025,09:17:23,64157.24,0,0,0,0,0,0
BANKEX.BSE_IDX,01/07/2025,09:17:25,64151.42,0,0,0,0,0,0
BANKEX.BSE_IDX,01/07/2025,09:17:26,64154.67,0,0,0,0,0,0
BANKEX.BSE_IDX,01/07/2025,09:17:27,64155.88,0,0,0,0,0,0
BANKEX.BSE_IDX,01/07/2025,09:17:28,64159.47,0,0,0,0,0,0
BANKEX.BSE_IDX,01/07/2025,09:17:29,64159.61,0,0,0,0,0,0
BANKEX.BSE_IDX,01/07/2025,09:17:30,64160.96,0,0,0,0,0,0
BANKEX.BSE_IDX,01/07/2025,09:17:31,64163.43,0,0,0,0,0,0
BANKEX.BSE_IDX,01/07/2025,09:17:33,64162.79,0,0,0,0,0,0
BANKEX.BSE_IDX,01/07/2025,09:17:33,64191.33,0,0,0,0,0,0
BANKEX.BSE_IDX,01/07/2025,09:17:34,64184.71,0,0,0,0,0,0
BANKEX.BSE_IDX,01/07/2025,09:17:35,64183.26,0,0,0,0,0,0
BANKEX.BSE_IDX,01/07/2025,09:17:36,64182.68,0,0,0,0,0,0
BANKEX.BSE_IDX,01/07/2025,09:17:37,64186.1,0,0,0,0,0,0
BANKEX.BSE_IDX,01/07/2025,09:17:38,64182.44,0,0,0,0,0,0
BANKEX.BSE_IDX,01/07/2025,09:17:39,64186.34,0,0,0,0,0,0
BANKEX.BSE_IDX,01/07/2025,09:17:40,64177.76,0,0,0,0,0,0
BANKEX.BSE_IDX,01/07/2025,09:17:41,64183.05,0,0,0,0,0,0
BANKEX.BSE_IDX,01/07/2025,09:17:43,64182.08,0,0,0,0,0,0
BANKEX.BSE_IDX,01/07/2025,09:17:44,64180.98,0,0,0,0,0,0
BANKEX.BSE_IDX,01/07/2025,09:17:44,64175.73,0,0,0,0,0,0
BANKEX.BSE_IDX,01/07/2025,09:17:45,64177.12,0,0,0,0,0,0
BANKEX.BSE_IDX,01/07/2025,09:17:46,64179.71,0,0,0,0,0,0
BANKEX.BSE_IDX,01/07/2025,09:17:47,64179.71,0,0,0,0,0,0
BANKEX.BSE_IDX,01/07/2025,09:17:48,64187.94,0,0,0,0,0,0
BANKEX.BSE_IDX,01/07/2025,09:17:49,64185.85,0,0,0,0,0,0
BANKEX.BSE_IDX,01/07/2025,09:17:50,64189.23,0,0,0,0,0,0
BANKEX.BSE_IDX,01/07/2025,09:17:51,64192.04,0,0,0,0,0,0
BANKEX.BSE_IDX,01/07/2025,09:17:52,64193.47,0,0,0,0,0,0
BANKEX.BSE_IDX,01/07/2025,09:17:53,64193.01,0,0,0,0,0,0
BANKEX.BSE_IDX,01/07/2025,09:17:54,64190.51,0,0,0,0,0,0
BANKEX.BSE_IDX,01/07/2025,09:17:55,64185.45,0,0,0,0,0,0
BANKEX.BSE_IDX,01/07/2025,09:17:57,64186.23,0,0,0,0,0,0
BANKEX.BSE_IDX,01/07/2025,09:17:58,64187.75,0,0,0,0,0,0
BANKEX.BSE_IDX,01/07/2025,09:17:58,64188.65,0,0,0,0,0,0
BANKEX.BSE_IDX,01/07/2025,09:17:59,64184.23,0,0,0,0,0,0
BANKEX.BSE_IDX,01/07/2025,09:18:00,64186.45,0,0,0,0,0,0
BANKEX.BSE_IDX,01/07/2025,09:18:01,64192.85,0,0,0,0,0,0
BANKEX.BSE_IDX,01/07/2025,09:18:02,64193.53,0,0,0,0,0,0
BANKEX.BSE_IDX,01/07/2025,09:18:03,64197.81,0,0,0,0,0,0
BANKEX.BSE_IDX,01/07/2025,09:18:04,64198.19,0,0,0,0,0,0
BANKEX.BSE_IDX,01/07/2025,09:18:05,64202.76,0,0,0,0,0,0
BANKEX.BSE_IDX,01/07/2025,09:18:06,64201.14,0,0,0,0,0,0
BANKEX.BSE_IDX,01/07/2025,09:18:07,64199.89,0,0,0,0,0,0
BANKEX.BSE_IDX,01/07/2025,09:18:08,64195.01,0,0,0,0,0,0
BANKEX.BSE_IDX,01/07/2025,09:18:09,64188.33,0,0,0,0,0,0
BANKEX.BSE_IDX,01/07/2025,09:18:10,64189.07,0,0,0,0,0,0
BANKEX.BSE_IDX,01/07/2025,09:18:11,64183.17,0,0,0,0,0,0
BANKEX.BSE_IDX,01/07/2025,09:18:12,64189.03,0,0,0,0,0,0
BANKEX.BSE_IDX,01/07/2025,09:18:13,64185.18,0,0,0,0,0,0
BANKEX.BSE_IDX,01/07/2025,09:18:14,64182.09,0,0,0,0,0,0
BANKEX.BSE_IDX,01/07/2025,09:18:15,64186.15,0,0,0,0,0,0
BANKEX.BSE_IDX,01/07/2025,09:18:16,64186.68,0,0,0,0,0,0
BANKEX.BSE_IDX,01/07/2025,09:18:17,64187.16,0,0,0,0,0,0
BANKEX.BSE_IDX,01/07/2025,09:18:18,64186.37,0,0,0,0,0,0
BANKEX.BSE_IDX,01/07/2025,09:18:19,64188.04,0,0,0,0,0,0
BANKEX.BSE_IDX,01/07/2025,09:18:20,64193,0,0,0,0,0,0
BANKEX.BSE_IDX,01/07/2025,09:18:21,64187.25,0,0,0,0,0,0
BANKEX.BSE_IDX,01/07/2025,09:18:22,64183.62,0,0,0,0,0,0
BANKEX.BSE_IDX,01/07/2025,09:18:23,64181.5,0,0,0,0,0,0
BANKEX.BSE_IDX,01/07/2025,09:18:24,64192.59,0,0,0,0,0,0
BANKEX.BSE_IDX,01/07/2025,09:18:25,64193.92,0,0,0,0,0,0
BANKEX.BSE_IDX,01/07/2025,09:18:26,64183.77,0,0,0,0,0,0
BANKEX.BSE_IDX,01/07/2025,09:18:27,64177.24,0,0,0,0,0,0
BANKEX.BSE_IDX,01/07/2025,09:18:28,64177.53,0,0,0,0,0,0
BANKEX.BSE_IDX,01/07/2025,09:18:29,64176.71,0,0,0,0,0,0
BANKEX.BSE_IDX,01/07/2025,09:18:30,64175.36,0,0,0,0,0,0
BANKEX.BSE_IDX,01/07/2025,09:18:31,64184.16,0,0,0,0,0,0
BANKEX.BSE_IDX,01/07/2025,09:18:32,64183.97,0,0,0,0,0,0
BANKEX.BSE_IDX,01/07/2025,09:18:33,64199.69,0,0,0,0,0,0
BANKEX.BSE_IDX,01/07/2025,09:18:34,64199.57,0,0,0,0,0,0
BANKEX.BSE_IDX,01/07/2025,09:18:35,64201.69,0,0,0,0,0,0
BANKEX.BSE_IDX,01/07/2025,09:18:36,64199.82,0,0,0,0,0,0
BANKEX.BSE_IDX,01/07/2025,09:18:37,64199.82,0,0,0,0,0,0
BANKEX.BSE_IDX,01/07/2025,09:18:38,64191.94,0,0,0,0,0,0
BANKEX.BSE_IDX,01/07/2025,09:18:39,64192.25,0,0,0,0,0,0
BANKEX.BSE_IDX,01/07/2025,09:18:40,64191.17,0,0,0,0,0,0
BANKEX.BSE_IDX,01/07/2025,09:18:41,64181.32,0,0,0,0,0,0
BANKEX.BSE_IDX,01/07/2025,09:18:43,64181.22,0,0,0,0,0,0
BANKEX.BSE_IDX,01/07/2025,09:18:43,64181.22,0,0,0,0,0,0
BANKEX.BSE_IDX,01/07/2025,09:18:44,64176.13,0,0,0,0,0,0
BANKEX.BSE_IDX,01/07/2025,09:18:45,64175.29,0,0,0,0,0,0
BANKEX.BSE_IDX,01/07/2025,09:18:46,64173.7,0,0,0,0,0,0
BANKEX.BSE_IDX,01/07/2025,09:18:47,64174.06,0,0,0,0,0,0
BANKEX.BSE_IDX,01/07/2025,09:18:48,64191.03,0,0,0,0,0,0
BANKEX.BSE_IDX,01/07/2025,09:18:49,64191.42,0,0,0,0,0,0
BANKEX.BSE_IDX,01/07/2025,09:18:50,64190.06,0,0,0,0,0,0
BANKEX.BSE_IDX,01/07/2025,09:18:51,64193.87,0,0,0,0,0,0
BANKEX.BSE_IDX,01/07/2025,09:18:52,64193.87,0,0,0,0,0,0
BANKEX.BSE_IDX,01/07/2025,09:18:53,64186.23,0,0,0,0,0,0
BANKEX.BSE_IDX,01/07/2025,09:18:54,64183.08,0,0,0,0,0,0
BANKEX.BSE_IDX,01/07/2025,09:18:56,64191.79,0,0,0,0,0,0
BANKEX.BSE_IDX,01/07/2025,09:18:56,64193.66,0,0,0,0,0,0
BANKEX.BSE_IDX,01/07/2025,09:18:57,64194.82,0,0,0,0,0,0
BANKEX.BSE_IDX,01/07/2025,09:18:58,64191.36,0,0,0,0,0,0
BANKEX.BSE_IDX,01/07/2025,09:18:59,64193.1,0,0,0,0,0,0
BANKEX.BSE_IDX,01/07/2025,09:19:00,64193.46,0,0,0,0,0,0
BANKEX.BSE_IDX,01/07/2025,09:19:01,64191.83,0,0,0,0,0,0
BANKEX.BSE_IDX,01/07/2025,09:19:02,64188.33,0,0,0,0,0,0
BANKEX.BSE_IDX,01/07/2025,09:19:03,64189.42,0,0,0,0,0,0
BANKEX.BSE_IDX,01/07/2025,09:19:04,64189.42,0,0,0,0,0,0
BANKEX.BSE_IDX,01/07/2025,09:19:06,64186.28,0,0,0,0,0,0
BANKEX.BSE_IDX,01/07/2025,09:19:07,64186.28,0,0,0,0,0,0
BANKEX.BSE_IDX,01/07/2025,09:19:07,64188.49,0,0,0,0,0,0
BANKEX.BSE_IDX,01/07/2025,09:19:08,64189.04,0,0,0,0,0,0
BANKEX.BSE_IDX,01/07/2025,09:19:09,64179.31,0,0,0,0,0,0
BANKEX.BSE_IDX,01/07/2025,09:19:10,64176.69,0,0,0,0,0,0
BANKEX.BSE_IDX,01/07/2025,09:19:11,64176.69,0,0,0,0,0,0
BANKEX.BSE_IDX,01/07/2025,09:19:12,64182.44,0,0,0,0,0,0
BANKEX.BSE_IDX,01/07/2025,09:19:13,64181.58,0,0,0,0,0,0
BANKEX.BSE_IDX,01/07/2025,09:19:14,64179.87,0,0,0,0,0,0
BANKEX.BSE_IDX,01/07/2025,09:19:15,64181.03,0,0,0,0,0,0
BANKEX.BSE_IDX,01/07/2025,09:19:16,64181.16,0,0,0,0,0,0
BANKEX.BSE_IDX,01/07/2025,09:19:17,64182.13,0,0,0,0,0,0
BANKEX.BSE_IDX,01/07/2025,09:19:18,64182.22,0,0,0,0,0,0
BANKEX.BSE_IDX,01/07/2025,09:19:19,64174.55,0,0,0,0,0,0
BANKEX.BSE_IDX,01/07/2025,09:19:20,64183.22,0,0,0,0,0,0
BANKEX.BSE_IDX,01/07/2025,09:19:21,64182.1,0,0,0,0,0,0
BANKEX.BSE_IDX,01/07/2025,09:19:22,64179.85,0,0,0,0,0,0
BANKEX.BSE_IDX,01/07/2025,09:19:23,64185.72,0,0,0,0,0,0
BANKEX.BSE_IDX,01/07/2025,09:19:24,64184.01,0,0,0,0,0,0
BANKEX.BSE_IDX,01/07/2025,09:19:25,64176.5,0,0,0,0,0,0
BANKEX.BSE_IDX,01/07/2025,09:19:26,64176.39,0,0,0,0,0,0
BANKEX.BSE_IDX,01/07/2025,09:19:27,64176.39,0,0,0,0,0,0
BANKEX.BSE_IDX,01/07/2025,09:19:28,64184.52,0,0,0,0,0,0
BANKEX.BSE_IDX,01/07/2025,09:19:29,64187.16,0,0,0,0,0,0
BANKEX.BSE_IDX,01/07/2025,09:19:30,64195.58,0,0,0,0,0,0
BANKEX.BSE_IDX,01/07/2025,09:19:31,64199.74,0,0,0,0,0,0
BANKEX.BSE_IDX,01/07/2025,09:19:32,64199.74,0,0,0,0,0,0
BANKEX.BSE_IDX,01/07/2025,09:19:33,64198.12,0,0,0,0,0,0
BANKEX.BSE_IDX,01/07/2025,09:19:34,64197.73,0,0,0,0,0,0
BANKEX.BSE_IDX,01/07/2025,09:19:35,64197.73,0,0,0,0,0,0
BANKEX.BSE_IDX,01/07/2025,09:19:36,64197.2,0,0,0,0,0,0
BANKEX.BSE_IDX,01/07/2025,09:19:37,64197.52,0,0,0,0,0,0
BANKEX.BSE_IDX,01/07/2025,09:19:38,64196.69,0,0,0,0,0,0
BANKEX.BSE_IDX,01/07/2025,09:19:39,64197.91,0,0,0,0,0,0
BANKEX.BSE_IDX,01/07/2025,09:19:41,64196.17,0,0,0,0,0,0
BANKEX.BSE_IDX,01/07/2025,09:19:41,64195.2,0,0,0,0,0,0
BANKEX.BSE_IDX,01/07/2025,09:19:42,64195.56,0,0,0,0,0,0
BANKEX.BSE_IDX,01/07/2025,09:19:43,64193.67,0,0,0,0,0,0
BANKEX.BSE_IDX,01/07/2025,09:19:44,64192.21,0,0,0,0,0,0
BANKEX.BSE_IDX,01/07/2025,09:19:45,64192.76,0,0,0,0,0,0
BANKEX.BSE_IDX,01/07/2025,09:19:46,64191.7,0,0,0,0,0,0
BANKEX.BSE_IDX,01/07/2025,09:19:47,64191.05,0,0,0,0,0,0
BANKEX.BSE_IDX,01/07/2025,09:19:48,64192.17,0,0,0,0,0,0
BANKEX.BSE_IDX,01/07/2025,09:19:49,64189.72,0,0,0,0,0,0
BANKEX.BSE_IDX,01/07/2025,09:19:52,64193.2,0,0,0,0,0,0
BANKEX.BSE_IDX,01/07/2025,09:19:52,64206.51,0,0,0,0,0,0
BANKEX.BSE_IDX,01/07/2025,09:19:52,64200.42,0,0,0,0,0,0
BANKEX.BSE_IDX,01/07/2025,09:19:53,64194.77,0,0,0,0,0,0
BANKEX.BSE_IDX,01/07/2025,09:19:54,64192.32,0,0,0,0,0,0
BANKEX.BSE_IDX,01/07/2025,09:19:55,64191.6,0,0,0,0,0,0
BANKEX.BSE_IDX,01/07/2025,09:19:56,64190.47,0,0,0,0,0,0
BANKEX.BSE_IDX,01/07/2025,09:19:57,64194.21,0,0,0,0,0,0
BANKEX.BSE_IDX,01/07/2025,09:19:58,64187.75,0,0,0,0,0,0
BANKEX.BSE_IDX,01/07/2025,09:19:59,64188.13,0,0,0,0,0,0
BANKEX.BSE_IDX,01/07/2025,09:20:00,64191.35,0,0,0,0,0,0
BANKEX.BSE_IDX,01/07/2025,09:20:02,64199.25,0,0,0,0,0,0
BANKEX.BSE_IDX,01/07/2025,09:20:03,64198.53,0,0,0,0,0,0
BANKEX.BSE_IDX,01/07/2025,09:20:03,64200.55,0,0,0,0,0,0
BANKEX.BSE_IDX,01/07/2025,09:20:04,64199.73,0,0,0,0,0,0
BANKEX.BSE_IDX,01/07/2025,09:20:05,64199.54,0,0,0,0,0,0
BANKEX.BSE_IDX,01/07/2025,09:20:06,64199.54,0,0,0,0,0,0
BANKEX.BSE_IDX,01/07/2025,09:20:07,64195.24,0,0,0,0,0,0
BANKEX.BSE_IDX,01/07/2025,09:20:08,64200.63,0,0,0,0,0,0
BANKEX.BSE_IDX,01/07/2025,09:20:09,64201.4,0,0,0,0,0,0
BANKEX.BSE_IDX,01/07/2025,09:20:10,64201.37,0,0,0,0,0,0
BANKEX.BSE_IDX,01/07/2025,09:20:12,64200.24,0,0,0,0,0,0
BANKEX.BSE_IDX,01/07/2025,09:20:13,64191.84,0,0,0,0,0,0
BANKEX.BSE_IDX,01/07/2025,09:20:13,64186.46,0,0,0,0,0,0
BANKEX.BSE_IDX,01/07/2025,09:20:14,64188.18,0,0,0,0,0,0
BANKEX.BSE_IDX,01/07/2025,09:20:15,64189.74,0,0,0,0,0,0
BANKEX.BSE_IDX,01/07/2025,09:20:16,64182.9,0,0,0,0,0,0
BANKEX.BSE_IDX,01/07/2025,09:20:17,64182.69,0,0,0,0,0,0
BANKEX.BSE_IDX,01/07/2025,09:20:18,64182.69,0,0,0,0,0,0
BANKEX.BSE_IDX,01/07/2025,09:20:19,64181.21,0,0,0,0,0,0
BANKEX.BSE_IDX,01/07/2025,09:20:20,64187.03,0,0,0,0,0,0
BANKEX.BSE_IDX,01/07/2025,09:20:21,64185.71,0,0,0,0,0,0
BANKEX.BSE_IDX,01/07/2025,09:20:22,64185.71,0,0,0,0,0,0
BANKEX.BSE_IDX,01/07/2025,09:20:24,64193.04,0,0,0,0,0,0
BANKEX.BSE_IDX,01/07/2025,09:20:24,64183.84,0,0,0,0,0,0
BANKEX.BSE_IDX,01/07/2025,09:20:25,64184.94,0,0,0,0,0,0
BANKEX.BSE_IDX,01/07/2025,09:20:26,64186.69,0,0,0,0,0,0
BANKEX.BSE_IDX,01/07/2025,09:20:27,64186.15,0,0,0,0,0,0
BANKEX.BSE_IDX,01/07/2025,09:20:28,64187.87,0,0,0,0,0,0
BANKEX.BSE_IDX,01/07/2025,09:20:29,64186.36,0,0,0,0,0,0
BANKEX.BSE_IDX,01/07/2025,09:20:30,64190.14,0,0,0,0,0,0
BANKEX.BSE_IDX,01/07/2025,09:20:31,64183.86,0,0,0,0,0,0
BANKEX.BSE_IDX,01/07/2025,09:20:32,64185.21,0,0,0,0,0,0
BANKEX.BSE_IDX,01/07/2025,09:20:33,64184.51,0,0,0,0,0,0
BANKEX.BSE_IDX,01/07/2025,09:20:34,64191.51,0,0,0,0,0,0
BANKEX.BSE_IDX,01/07/2025,09:20:35,64196.19,0,0,0,0,0,0
BANKEX.BSE_IDX,01/07/2025,09:20:36,64196.36,0,0,0,0,0,0
BANKEX.BSE_IDX,01/07/2025,09:20:38,64198.83,0,0,0,0,0,0
BANKEX.BSE_IDX,01/07/2025,09:20:39,64197.48,0,0,0,0,0,0
BANKEX.BSE_IDX,01/07/2025,09:20:39,64199.82,0,0,0,0,0,0
BANKEX.BSE_IDX,01/07/2025,09:20:40,64200.38,0,0,0,0,0,0
BANKEX.BSE_IDX,01/07/2025,09:20:41,64203.17,0,0,0,0,0,0
BANKEX.BSE_IDX,01/07/2025,09:20:42,64202.78,0,0,0,0,0,0
BANKEX.BSE_IDX,01/07/2025,09:20:43,64197.39,0,0,0,0,0,0
BANKEX.BSE_IDX,01/07/2025,09:20:44,64200.7,0,0,0,0,0,0
BANKEX.BSE_IDX,01/07/2025,09:20:45,64200.15,0,0,0,0,0,0
BANKEX.BSE_IDX,01/07/2025,09:20:46,64194.18,0,0,0,0,0,0
BANKEX.BSE_IDX,01/07/2025,09:20:47,64196.27,0,0,0,0,0,0
BANKEX.BSE_IDX,01/07/2025,09:20:48,64202.57,0,0,0,0,0,0
BANKEX.BSE_IDX,01/07/2025,09:20:50,64202.57,0,0,0,0,0,0
BANKEX.BSE_IDX,01/07/2025,09:20:51,64201.51,0,0,0,0,0,0
BANKEX.BSE_IDX,01/07/2025,09:20:52,64202.29,0,0,0,0,0,0
BANKEX.BSE_IDX,01/07/2025,09:20:52,64207.22,0,0,0,0,0,0
BANKEX.BSE_IDX,01/07/2025,09:20:53,64208.51,0,0,0,0,0,0
BANKEX.BSE_IDX,01/07/2025,09:20:54,64208.71,0,0,0,0,0,0
BANKEX.BSE_IDX,01/07/2025,09:20:55,64209.12,0,0,0,0,0,0
BANKEX.BSE_IDX,01/07/2025,09:20:56,64209.67,0,0,0,0,0,0
BANKEX.BSE_IDX,01/07/2025,09:20:57,64210.06,0,0,0,0,0,0
BANKEX.BSE_IDX,01/07/2025,09:20:58,64209.86,0,0,0,0,0,0
BANKEX.BSE_IDX,01/07/2025,09:20:59,64209.5,0,0,0,0,0,0
BANKEX.BSE_IDX,01/07/2025,09:21:00,64208.54,0,0,0,0,0,0
BANKEX.BSE_IDX,01/07/2025,09:21:02,64225.36,0,0,0,0,0,0
BANKEX.BSE_IDX,01/07/2025,09:21:03,64221.61,0,0,0,0,0,0
BANKEX.BSE_IDX,01/07/2025,09:21:03,64217.12,0,0,0,0,0,0
BANKEX.BSE_IDX,01/07/2025,09:21:04,64217.12,0,0,0,0,0,0
BANKEX.BSE_IDX,01/07/2025,09:21:05,64221.98,0,0,0,0,0,0
BANKEX.BSE_IDX,01/07/2025,09:21:06,64219.53,0,0,0,0,0,0
BANKEX.BSE_IDX,01/07/2025,09:21:07,64213.91,0,0,0,0,0,0
BANKEX.BSE_IDX,01/07/2025,09:21:08,64213.19,0,0,0,0,0,0
BANKEX.BSE_IDX,01/07/2025,09:21:09,64211.64,0,0,0,0,0,0
BANKEX.BSE_IDX,01/07/2025,09:21:10,64210.96,0,0,0,0,0,0
BANKEX.BSE_IDX,01/07/2025,09:21:11,64210.96,0,0,0,0,0,0
BANKEX.BSE_IDX,01/07/2025,09:21:12,64209.07,0,0,0,0,0,0
BANKEX.BSE_IDX,01/07/2025,09:21:13,64218.74,0,0,0,0,0,0
BANKEX.BSE_IDX,01/07/2025,09:21:14,64225.1,0,0,0,0,0,0
BANKEX.BSE_IDX,01/07/2025,09:21:15,64223.22,0,0,0,0,0,0
BANKEX.BSE_IDX,01/07/2025,09:21:16,64223.22,0,0,0,0,0,0
BANKEX.BSE_IDX,01/07/2025,09:21:17,64222.4,0,0,0,0,0,0
BANKEX.BSE_IDX,01/07/2025,09:21:18,64223.15,0,0,0,0,0,0
BANKEX.BSE_IDX,01/07/2025,09:21:19,64224.83,0,0,0,0,0,0
BANKEX.BSE_IDX,01/07/2025,09:21:20,64228.18,0,0,0,0,0,0
BANKEX.BSE_IDX,01/07/2025,09:21:21,64237.32,0,0,0,0,0,0
BANKEX.BSE_IDX,01/07/2025,09:21:23,64232.24,0,0,0,0,0,0
BANKEX.BSE_IDX,01/07/2025,09:21:23,64232.96,0,0,0,0,0,0
BANKEX.BSE_IDX,01/07/2025,09:21:24,64233.1,0,0,0,0,0,0
BANKEX.BSE_IDX,01/07/2025,09:21:25,64236.49,0,0,0,0,0,0
BANKEX.BSE_IDX,01/07/2025,09:21:26,64223.98,0,0,0,0,0,0
BANKEX.BSE_IDX,01/07/2025,09:21:27,64223.98,0,0,0,0,0,0
BANKEX.BSE_IDX,01/07/2025,09:21:28,64219.03,0,0,0,0,0,0
BANKEX.BSE_IDX,01/07/2025,09:21:29,64218.45,0,0,0,0,0,0
BANKEX.BSE_IDX,01/07/2025,09:21:30,64220.11,0,0,0,0,0,0
BANKEX.BSE_IDX,01/07/2025,09:21:31,64225.25,0,0,0,0,0,0
BANKEX.BSE_IDX,01/07/2025,09:21:32,64228.35,0,0,0,0,0,0
BANKEX.BSE_IDX,01/07/2025,09:21:33,64227.7,0,0,0,0,0,0
BANKEX.BSE_IDX,01/07/2025,09:21:34,64229.52,0,0,0,0,0,0
BANKEX.BSE_IDX,01/07/2025,09:21:35,64236.01,0,0,0,0,0,0
BANKEX.BSE_IDX,01/07/2025,09:21:36,64230.39,0,0,0,0,0,0
BANKEX.BSE_IDX,01/07/2025,09:21:37,64239.2,0,0,0,0,0,0
BANKEX.BSE_IDX,01/07/2025,09:21:38,64238.62,0,0,0,0,0,0
BANKEX.BSE_IDX,01/07/2025,09:21:39,64238.62,0,0,0,0,0,0
BANKEX.BSE_IDX,01/07/2025,09:21:40,64227.06,0,0,0,0,0,0
BANKEX.BSE_IDX,01/07/2025,09:21:41,64225.96,0,0,0,0,0,0
BANKEX.BSE_IDX,01/07/2025,09:21:42,64225.19,0,0,0,0,0,0
BANKEX.BSE_IDX,01/07/2025,09:21:43,64229.78,0,0,0,0,0,0
BANKEX.BSE_IDX,01/07/2025,09:21:44,64229.78,0,0,0,0,0,0
BANKEX.BSE_IDX,01/07/2025,09:21:45,64228.08,0,0,0,0,0,0
BANKEX.BSE_IDX,01/07/2025,09:21:46,64229.71,0,0,0,0,0,0
BANKEX.BSE_IDX,01/07/2025,09:21:47,64237.61,0,0,0,0,0,0
BANKEX.BSE_IDX,01/07/2025,09:21:48,64243.24,0,0,0,0,0,0
BANKEX.BSE_IDX,01/07/2025,09:21:49,64237.61,0,0,0,0,0,0
BANKEX.BSE_IDX,01/07/2025,09:21:50,64237.61,0,0,0,0,0,0
BANKEX.BSE_IDX,01/07/2025,09:21:51,64232.26,0,0,0,0,0,0
BANKEX.BSE_IDX,01/07/2025,09:21:52,64239.11,0,0,0,0,0,0
BANKEX.BSE_IDX,01/07/2025,09:21:53,64238.02,0,0,0,0,0,0
BANKEX.BSE_IDX,01/07/2025,09:21:54,64228.4,0,0,0,0,0,0
BANKEX.BSE_IDX,01/07/2025,09:21:55,64234.15,0,0,0,0,0,0
BANKEX.BSE_IDX,01/07/2025,09:21:56,64232.85,0,0,0,0,0,0
BANKEX.BSE_IDX,01/07/2025,09:21:57,64238.6,0,0,0,0,0,0
BANKEX.BSE_IDX,01/07/2025,09:21:58,64239.56,0,0,0,0,0,0
BANKEX.BSE_IDX,01/07/2025,09:21:59,64232.72,0,0,0,0,0,0
BANKEX.BSE_IDX,01/07/2025,09:22:01,64233.82,0,0,0,0,0,0
BANKEX.BSE_IDX,01/07/2025,09:22:01,64239.56,0,0,0,0,0,0
BANKEX.BSE_IDX,01/07/2025,09:22:02,64234.59,0,0,0,0,0,0
BANKEX.BSE_IDX,01/07/2025,09:22:03,64234.59,0,0,0,0,0,0
BANKEX.BSE_IDX,01/07/2025,09:22:04,64234.04,0,0,0,0,0,0
BANKEX.BSE_IDX,01/07/2025,09:22:05,64225.23,0,0,0,0,0,0
BANKEX.BSE_IDX,01/07/2025,09:22:06,64227.69,0,0,0,0,0,0
BANKEX.BSE_IDX,01/07/2025,09:22:07,64226.57,0,0,0,0,0,0
BANKEX.BSE_IDX,01/07/2025,09:22:08,64223.46,0,0,0,0,0,0
BANKEX.BSE_IDX,01/07/2025,09:22:09,64222.49,0,0,0,0,0,0
BANKEX.BSE_IDX,01/07/2025,09:22:10,64232.3,0,0,0,0,0,0
BANKEX.BSE_IDX,01/07/2025,09:22:11,64219.92,0,0,0,0,0,0
BANKEX.BSE_IDX,01/07/2025,09:22:12,64214.3,0,0,0,0,0,0
BANKEX.BSE_IDX,01/07/2025,09:22:13,64216.73,0,0,0,0,0,0
BANKEX.BSE_IDX,01/07/2025,09:22:14,64222.9,0,0,0,0,0,0
BANKEX.BSE_IDX,01/07/2025,09:22:15,64227.08,0,0,0,0,0,0
BANKEX.BSE_IDX,01/07/2025,09:22:16,64224.59,0,0,0,0,0,0
BANKEX.BSE_IDX,01/07/2025,09:22:17,64224.59,0,0,0,0,0,0
BANKEX.BSE_IDX,01/07/2025,09:22:18,64224.59,0,0,0,0,0,0
BANKEX.BSE_IDX,01/07/2025,09:22:19,64232.8,0,0,0,0,0,0
BANKEX.BSE_IDX,01/07/2025,09:22:20,64232.8,0,0,0,0,0,0
BANKEX.BSE_IDX,01/07/2025,09:22:21,64231.6,0,0,0,0,0,0
BANKEX.BSE_IDX,01/07/2025,09:22:22,64230.98,0,0,0,0,0,0
BANKEX.BSE_IDX,01/07/2025,09:22:23,64229.52,0,0,0,0,0,0
BANKEX.BSE_IDX,01/07/2025,09:22:24,64229.52,0,0,0,0,0,0
BANKEX.BSE_IDX,01/07/2025,09:22:25,64230.29,0,0,0,0,0,0
BANKEX.BSE_IDX,01/07/2025,09:22:26,64230.29,0,0,0,0,0,0
BANKEX.BSE_IDX,01/07/2025,09:22:27,64230.49,0,0,0,0,0,0
BANKEX.BSE_IDX,01/07/2025,09:22:28,64229.52,0,0,0,0,0,0
BANKEX.BSE_IDX,01/07/2025,09:22:29,64230.29,0,0,0,0,0,0
BANKEX.BSE_IDX,01/07/2025,09:22:30,64230.84,0,0,0,0,0,0
BANKEX.BSE_IDX,01/07/2025,09:22:31,64230.65,0,0,0,0,0,0
BANKEX.BSE_IDX,01/07/2025,09:22:32,64230.65,0,0,0,0,0,0
BANKEX.BSE_IDX,01/07/2025,09:22:33,64230.07,0,0,0,0,0,0
BANKEX.BSE_IDX,01/07/2025,09:22:34,64236.34,0,0,0,0,0,0
BANKEX.BSE_IDX,01/07/2025,09:22:35,64236.34,0,0,0,0,0,0
BANKEX.BSE_IDX,01/07/2025,09:22:36,64236.34,0,0,0,0,0,0
BANKEX.BSE_IDX,01/07/2025,09:22:37,64225.57,0,0,0,0,0,0
BANKEX.BSE_IDX,01/07/2025,09:22:38,64220.94,0,0,0,0,0,0
BANKEX.BSE_IDX,01/07/2025,09:22:39,64221.33,0,0,0,0,0,0
BANKEX.BSE_IDX,01/07/2025,09:22:40,64221.71,0,0,0,0,0,0
BANKEX.BSE_IDX,01/07/2025,09:22:42,64221.71,0,0,0,0,0,0
BANKEX.BSE_IDX,01/07/2025,09:22:42,64232.61,0,0,0,0,0,0
BANKEX.BSE_IDX,01/07/2025,09:22:43,64237.4,0,0,0,0,0,0
BANKEX.BSE_IDX,01/07/2025,09:22:44,64236.82,0,0,0,0,0,0
BANKEX.BSE_IDX,01/07/2025,09:22:45,64237.26,0,0,0,0,0,0
BANKEX.BSE_IDX,01/07/2025,09:22:46,64237.26,0,0,0,0,0,0
BANKEX.BSE_IDX,01/07/2025,09:22:47,64237.81,0,0,0,0,0,0
BANKEX.BSE_IDX,01/07/2025,09:22:48,64235.35,0,0,0,0,0,0
BANKEX.BSE_IDX,01/07/2025,09:22:49,64234.96,0,0,0,0,0,0
BANKEX.BSE_IDX,01/07/2025,09:22:50,64235.28,0,0,0,0,0,0
BANKEX.BSE_IDX,01/07/2025,09:22:52,64234.12,0,0,0,0,0,0
BANKEX.BSE_IDX,01/07/2025,09:22:52,64233.93,0,0,0,0,0,0
BANKEX.BSE_IDX,01/07/2025,09:22:53,64234.9,0,0,0,0,0,0
BANKEX.BSE_IDX,01/07/2025,09:22:54,64234.9,0,0,0,0,0,0
BANKEX.BSE_IDX,01/07/2025,09:22:55,64233.77,0,0,0,0,0,0
BANKEX.BSE_IDX,01/07/2025,09:22:56,64233.77,0,0,0,0,0,0
BANKEX.BSE_IDX,01/07/2025,09:22:57,64228.49,0,0,0,0,0,0
BANKEX.BSE_IDX,01/07/2025,09:22:58,64227.24,0,0,0,0,0,0
BANKEX.BSE_IDX,01/07/2025,09:22:59,64227.1,0,0,0,0,0,0
BANKEX.BSE_IDX,01/07/2025,09:23:00,64221.38,0,0,0,0,0,0
BANKEX.BSE_IDX,01/07/2025,09:23:02,64221.38,0,0,0,0,0,0
BANKEX.BSE_IDX,01/07/2025,09:23:03,64221,0,0,0,0,0,0
BANKEX.BSE_IDX,01/07/2025,09:23:03,64221.38,0,0,0,0,0,0
BANKEX.BSE_IDX,01/07/2025,09:23:04,64224.62,0,0,0,0,0,0
BANKEX.BSE_IDX,01/07/2025,09:23:05,64222.22,0,0,0,0,0,0
BANKEX.BSE_IDX,01/07/2025,09:23:06,64222.22,0,0,0,0,0,0
BANKEX.BSE_IDX,01/07/2025,09:23:07,64230.03,0,0,0,0,0,0
BANKEX.BSE_IDX,01/07/2025,09:23:08,64228.93,0,0,0,0,0,0
BANKEX.BSE_IDX,01/07/2025,09:23:09,64227.04,0,0,0,0,0,0
BANKEX.BSE_IDX,01/07/2025,09:23:10,64227.04,0,0,0,0,0,0
BANKEX.BSE_IDX,01/07/2025,09:23:11,64221.61,0,0,0,0,0,0
BANKEX.BSE_IDX,01/07/2025,09:23:12,64215.25,0,0,0,0,0,0
BANKEX.BSE_IDX,01/07/2025,09:23:13,64215.37,0,0,0,0,0,0
BANKEX.BSE_IDX,01/07/2025,09:23:15,64218.71,0,0,0,0,0,0
BANKEX.BSE_IDX,01/07/2025,09:23:16,64218.71,0,0,0,0,0,0
BANKEX.BSE_IDX,01/07/2025,09:23:16,64208.26,0,0,0,0,0,0
BANKEX.BSE_IDX,01/07/2025,09:23:17,64205.3,0,0,0,0,0,0
BANKEX.BSE_IDX,01/07/2025,09:23:18,64203.81,0,0,0,0,0,0
BANKEX.BSE_IDX,01/07/2025,09:23:19,64210.05,0,0,0,0,0,0
BANKEX.BSE_IDX,01/07/2025,09:23:20,64212.03,0,0,0,0,0,0
BANKEX.BSE_IDX,01/07/2025,09:23:21,64212.03,0,0,0,0,0,0
BANKEX.BSE_IDX,01/07/2025,09:23:22,64203.1,0,0,0,0,0,0
BANKEX.BSE_IDX,01/07/2025,09:23:23,64206.36,0,0,0,0,0,0
BANKEX.BSE_IDX,01/07/2025,09:23:24,64205.59,0,0,0,0,0,0
BANKEX.BSE_IDX,01/07/2025,09:23:25,64205.59,0,0,0,0,0,0
BANKEX.BSE_IDX,01/07/2025,09:23:26,64205.59,0,0,0,0,0,0
BANKEX.BSE_IDX,01/07/2025,09:23:27,64205.59,0,0,0,0,0,0
BANKEX.BSE_IDX,01/07/2025,09:23:28,64205.59,0,0,0,0,0,0
BANKEX.BSE_IDX,01/07/2025,09:23:30,64202.36,0,0,0,0,0,0
BANKEX.BSE_IDX,01/07/2025,09:23:31,64201.78,0,0,0,0,0,0
BANKEX.BSE_IDX,01/07/2025,09:23:31,64197.25,0,0,0,0,0,0
BANKEX.BSE_IDX,01/07/2025,09:23:32,64196.12,0,0,0,0,0,0
BANKEX.BSE_IDX,01/07/2025,09:23:33,64196.12,0,0,0,0,0,0
BANKEX.BSE_IDX,01/07/2025,09:23:34,64200.04,0,0,0,0,0,0
BANKEX.BSE_IDX,01/07/2025,09:23:35,64203.63,0,0,0,0,0,0
BANKEX.BSE_IDX,01/07/2025,09:23:36,64201.32,0,0,0,0,0,0
BANKEX.BSE_IDX,01/07/2025,09:23:37,64201.51,0,0,0,0,0,0
BANKEX.BSE_IDX,01/07/2025,09:23:38,64202.06,0,0,0,0,0,0
BANKEX.BSE_IDX,01/07/2025,09:23:39,64202.06,0,0,0,0,0,0
BANKEX.BSE_IDX,01/07/2025,09:23:40,64201.49,0,0,0,0,0,0
BANKEX.BSE_IDX,01/07/2025,09:23:41,64200.38,0,0,0,0,0,0
BANKEX.BSE_IDX,01/07/2025,09:23:44,64201.49,0,0,0,0,0,0
BANKEX.BSE_IDX,01/07/2025,09:23:44,64201.49,0,0,0,0,0,0
BANKEX.BSE_IDX,01/07/2025,09:23:44,64201.49,0,0,0,0,0,0
BANKEX.BSE_IDX,01/07/2025,09:23:45,64199.43,0,0,0,0,0,0
BANKEX.BSE_IDX,01/07/2025,09:23:46,64195.11,0,0,0,0,0,0
BANKEX.BSE_IDX,01/07/2025,09:23:47,64185.32,0,0,0,0,0,0
BANKEX.BSE_IDX,01/07/2025,09:23:48,64185.32,0,0,0,0,0,0
BANKEX.BSE_IDX,01/07/2025,09:23:49,64183.93,0,0,0,0,0,0
BANKEX.BSE_IDX,01/07/2025,09:23:50,64184.41,0,0,0,0,0,0
BANKEX.BSE_IDX,01/07/2025,09:23:51,64183.98,0,0,0,0,0,0
BANKEX.BSE_IDX,01/07/2025,09:23:52,64180.53,0,0,0,0,0,0
BANKEX.BSE_IDX,01/07/2025,09:23:53,64181.69,0,0,0,0,0,0
BANKEX.BSE_IDX,01/07/2025,09:23:55,64177.36,0,0,0,0,0,0
BANKEX.BSE_IDX,01/07/2025,09:23:56,64177.94,0,0,0,0,0,0
BANKEX.BSE_IDX,01/07/2025,09:23:56,64171.69,0,0,0,0,0,0
BANKEX.BSE_IDX,01/07/2025,09:23:57,64171.69,0,0,0,0,0,0
BANKEX.BSE_IDX,01/07/2025,09:23:58,64172.6,0,0,0,0,0,0
BANKEX.BSE_IDX,01/07/2025,09:23:59,64172.4,0,0,0,0,0,0
BANKEX.BSE_IDX,01/07/2025,09:24:00,64173.18,0,0,0,0,0,0
BANKEX.BSE_IDX,01/07/2025,09:24:01,64173.18,0,0,0,0,0,0
BANKEX.BSE_IDX,01/07/2025,09:24:02,64173.18,0,0,0,0,0,0
BANKEX.BSE_IDX,01/07/2025,09:24:03,64170.89,0,0,0,0,0,0
BANKEX.BSE_IDX,01/07/2025,09:24:04,64172.43,0,0,0,0,0,0
BANKEX.BSE_IDX,01/07/2025,09:24:05,64173.54,0,0,0,0,0,0
BANKEX.BSE_IDX,01/07/2025,09:24:07,64182.34,0,0,0,0,0,0
BANKEX.BSE_IDX,01/07/2025,09:24:08,64186.17,0,0,0,0,0,0
BANKEX.BSE_IDX,01/07/2025,09:24:08,64186.17,0,0,0,0,0,0
BANKEX.BSE_IDX,01/07/2025,09:24:09,64189.15,0,0,0,0,0,0
BANKEX.BSE_IDX,01/07/2025,09:24:10,64183.6,0,0,0,0,0,0
BANKEX.BSE_IDX,01/07/2025,09:24:11,64183.6,0,0,0,0,0,0
BANKEX.BSE_IDX,01/07/2025,09:24:12,64184.16,0,0,0,0,0,0
BANKEX.BSE_IDX,01/07/2025,09:24:13,64184.16,0,0,0,0,0,0
BANKEX.BSE_IDX,01/07/2025,09:24:14,64185.7,0,0,0,0,0,0
BANKEX.BSE_IDX,01/07/2025,09:24:15,64185.7,0,0,0,0,0,0
BANKEX.BSE_IDX,01/07/2025,09:24:16,64185.8,0,0,0,0,0,0
BANKEX.BSE_IDX,01/07/2025,09:24:17,64182.45,0,0,0,0,0,0
BANKEX.BSE_IDX,01/07/2025,09:24:18,64183.16,0,0,0,0,0,0
BANKEX.BSE_IDX,01/07/2025,09:24:19,64182.8,0,0,0,0,0,0
BANKEX.BSE_IDX,01/07/2025,09:24:21,64184.15,0,0,0,0,0,0
BANKEX.BSE_IDX,01/07/2025,09:24:22,64184.15,0,0,0,0,0,0
BANKEX.BSE_IDX,01/07/2025,09:24:23,64183.04,0,0,0,0,0,0
BANKEX.BSE_IDX,01/07/2025,09:24:23,64183.04,0,0,0,0,0,0
BANKEX.BSE_IDX,01/07/2025,09:24:24,64172.69,0,0,0,0,0,0
BANKEX.BSE_IDX,01/07/2025,09:24:25,64170.18,0,0,0,0,0,0
BANKEX.BSE_IDX,01/07/2025,09:24:26,64172.34,0,0,0,0,0,0
BANKEX.BSE_IDX,01/07/2025,09:24:27,64170.82,0,0,0,0,0,0
BANKEX.BSE_IDX,01/07/2025,09:24:28,64171.78,0,0,0,0,0,0
BANKEX.BSE_IDX,01/07/2025,09:24:29,64171.43,0,0,0,0,0,0
BANKEX.BSE_IDX,01/07/2025,09:24:31,64176.6,0,0,0,0,0,0
BANKEX.BSE_IDX,01/07/2025,09:24:32,64182.81,0,0,0,0,0,0
BANKEX.BSE_IDX,01/07/2025,09:24:32,64189.08,0,0,0,0,0,0
BANKEX.BSE_IDX,01/07/2025,09:24:33,64189.27,0,0,0,0,0,0
BANKEX.BSE_IDX,01/07/2025,09:24:34,64189.08,0,0,0,0,0,0
BANKEX.BSE_IDX,01/07/2025,09:24:35,64189.94,0,0,0,0,0,0
BANKEX.BSE_IDX,01/07/2025,09:24:36,64193.24,0,0,0,0,0,0
BANKEX.BSE_IDX,01/07/2025,09:24:37,64193.24,0,0,0,0,0,0
BANKEX.BSE_IDX,01/07/2025,09:24:38,64188.67,0,0,0,0,0,0
BANKEX.BSE_IDX,01/07/2025,09:24:39,64188.12,0,0,0,0,0,0
BANKEX.BSE_IDX,01/07/2025,09:24:40,64198.11,0,0,0,0,0,0
BANKEX.BSE_IDX,01/07/2025,09:24:41,64190.38,0,0,0,0,0,0
BANKEX.BSE_IDX,01/07/2025,09:24:42,64196.25,0,0,0,0,0,0
BANKEX.BSE_IDX,01/07/2025,09:24:43,64196.25,0,0,0,0,0,0
BANKEX.BSE_IDX,01/07/2025,09:24:44,64196.61,0,0,0,0,0,0
BANKEX.BSE_IDX,01/07/2025,09:24:45,64194.88,0,0,0,0,0,0
BANKEX.BSE_IDX,01/07/2025,09:24:47,64195.29,0,0,0,0,0,0
BANKEX.BSE_IDX,01/07/2025,09:24:47,64201.76,0,0,0,0,0,0
BANKEX.BSE_IDX,01/07/2025,09:24:48,64201.76,0,0,0,0,0,0
BANKEX.BSE_IDX,01/07/2025,09:24:49,64203.25,0,0,0,0,0,0
BANKEX.BSE_IDX,01/07/2025,09:24:50,64203.25,0,0,0,0,0,0
BANKEX.BSE_IDX,01/07/2025,09:24:51,64203.05,0,0,0,0,0,0
BANKEX.BSE_IDX,01/07/2025,09:24:52,64210.02,0,0,0,0,0,0
BANKEX.BSE_IDX,01/07/2025,09:24:53,64208.26,0,0,0,0,0,0
BANKEX.BSE_IDX,01/07/2025,09:24:54,64205.22,0,0,0,0,0,0
BANKEX.BSE_IDX,01/07/2025,09:24:57,64194.21,0,0,0,0,0,0
BANKEX.BSE_IDX,01/07/2025,09:24:58,64196.83,0,0,0,0,0,0
BANKEX.BSE_IDX,01/07/2025,09:24:58,64194.51,0,0,0,0,0,0
BANKEX.BSE_IDX,01/07/2025,09:24:58,64194.51,0,0,0,0,0,0
BANKEX.BSE_IDX,01/07/2025,09:24:59,64191.7,0,0,0,0,0,0
BANKEX.BSE_IDX,01/07/2025,09:25:00,64186.1,0,0,0,0,0,0
BANKEX.BSE_IDX,01/07/2025,09:25:01,64189.33,0,0,0,0,0,0
BANKEX.BSE_IDX,01/07/2025,09:25:02,64189.33,0,0,0,0,0,0
BANKEX.BSE_IDX,01/07/2025,09:25:03,64186.1,0,0,0,0,0,0
BANKEX.BSE_IDX,01/07/2025,09:25:04,64185.94,0,0,0,0,0,0
BANKEX.BSE_IDX,01/07/2025,09:25:05,64184.43,0,0,0,0,0,0
BANKEX.BSE_IDX,01/07/2025,09:25:06,64187.8,0,0,0,0,0,0
BANKEX.BSE_IDX,01/07/2025,09:25:07,64187.89,0,0,0,0,0,0
BANKEX.BSE_IDX,01/07/2025,09:25:08,64184.97,0,0,0,0,0,0
BANKEX.BSE_IDX,01/07/2025,09:25:11,64184.97,0,0,0,0,0,0
BANKEX.BSE_IDX,01/07/2025,09:25:12,64190.71,0,0,0,0,0,0
BANKEX.BSE_IDX,01/07/2025,09:25:12,64196.35,0,0,0,0,0,0
BANKEX.BSE_IDX,01/07/2025,09:25:12,64191.02,0,0,0,0,0,0
BANKEX.BSE_IDX,01/07/2025,09:25:13,64190.83,0,0,0,0,0,0
BANKEX.BSE_IDX,01/07/2025,09:25:14,64190.39,0,0,0,0,0,0
BANKEX.BSE_IDX,01/07/2025,09:25:15,64190.39,0,0,0,0,0,0
BANKEX.BSE_IDX,01/07/2025,09:25:16,64193.98,0,0,0,0,0,0
BANKEX.BSE_IDX,01/07/2025,09:25:17,64194.32,0,0,0,0,0,0
BANKEX.BSE_IDX,01/07/2025,09:25:19,64191.96,0,0,0,0,0,0
BANKEX.BSE_IDX,01/07/2025,09:25:19,64191.29,0,0,0,0,0,0
BANKEX.BSE_IDX,01/07/2025,09:25:20,64188.78,0,0,0,0,0,0
BANKEX.BSE_IDX,01/07/2025,09:25:21,64189.55,0,0,0,0,0,0
BANKEX.BSE_IDX,01/07/2025,09:25:22,64189.55,0,0,0,0,0,0
BANKEX.BSE_IDX,01/07/2025,09:25:23,64189.75,0,0,0,0,0,0
BANKEX.BSE_IDX,01/07/2025,09:25:24,64186.87,0,0,0,0,0,0
BANKEX.BSE_IDX,01/07/2025,09:25:25,64174.82,0,0,0,0,0,0
BANKEX.BSE_IDX,01/07/2025,09:25:26,64174.1,0,0,0,0,0,0
BANKEX.BSE_IDX,01/07/2025,09:25:28,64171.66,0,0,0,0,0,0
BANKEX.BSE_IDX,01/07/2025,09:25:29,64179.09,0,0,0,0,0,0
BANKEX.BSE_IDX,01/07/2025,09:25:29,64190.72,0,0,0,0,0,0
BANKEX.BSE_IDX,01/07/2025,09:25:30,64189.94,0,0,0,0,0,0
BANKEX.BSE_IDX,01/07/2025,09:25:31,64190.5,0,0,0,0,0,0
BANKEX.BSE_IDX,01/07/2025,09:25:32,64191.77,0,0,0,0,0,0
BANKEX.BSE_IDX,01/07/2025,09:25:33,64191.77,0,0,0,0,0,0
BANKEX.BSE_IDX,01/07/2025,09:25:34,64201.39,0,0,0,0,0,0
BANKEX.BSE_IDX,01/07/2025,09:25:35,64201.39,0,0,0,0,0,0
BANKEX.BSE_IDX,01/07/2025,09:25:36,64205.89,0,0,0,0,0,0
BANKEX.BSE_IDX,01/07/2025,09:25:37,64200.53,0,0,0,0,0,0
BANKEX.BSE_IDX,01/07/2025,09:25:38,64198.66,0,0,0,0,0,0
BANKEX.BSE_IDX,01/07/2025,09:25:39,64198.11,0,0,0,0,0,0
BANKEX.BSE_IDX,01/07/2025,09:25:41,64197.56,0,0,0,0,0,0
BANKEX.BSE_IDX,01/07/2025,09:25:41,64197.56,0,0,0,0,0,0
BANKEX.BSE_IDX,01/07/2025,09:25:42,64198.63,0,0,0,0,0,0
BANKEX.BSE_IDX,01/07/2025,09:25:43,64198.63,0,0,0,0,0,0
BANKEX.BSE_IDX,01/07/2025,09:25:44,64198.63,0,0,0,0,0,0
BANKEX.BSE_IDX,01/07/2025,09:25:45,64197.12,0,0,0,0,0,0
BANKEX.BSE_IDX,01/07/2025,09:25:46,64201.61,0,0,0,0,0,0
BANKEX.BSE_IDX,01/07/2025,09:25:47,64207.84,0,0,0,0,0,0
BANKEX.BSE_IDX,01/07/2025,09:25:48,64207.84,0,0,0,0,0,0
BANKEX.BSE_IDX,01/07/2025,09:25:49,64202.78,0,0,0,0,0,0
BANKEX.BSE_IDX,01/07/2025,09:25:50,64200.96,0,0,0,0,0,0
BANKEX.BSE_IDX,01/07/2025,09:25:51,64200.4,0,0,0,0,0,0
BANKEX.BSE_IDX,01/07/2025,09:25:52,64201.32,0,0,0,0,0,0
BANKEX.BSE_IDX,01/07/2025,09:25:53,64190.99,0,0,0,0,0,0
BANKEX.BSE_IDX,01/07/2025,09:25:54,64190.79,0,0,0,0,0,0
BANKEX.BSE_IDX,01/07/2025,09:25:55,64190.43,0,0,0,0,0,0
BANKEX.BSE_IDX,01/07/2025,09:25:57,64190.43,0,0,0,0,0,0
BANKEX.BSE_IDX,01/07/2025,09:25:58,64190.43,0,0,0,0,0,0
BANKEX.BSE_IDX,01/07/2025,09:25:58,64193.36,0,0,0,0,0,0
BANKEX.BSE_IDX,01/07/2025,09:25:59,64188.2,0,0,0,0,0,0
BANKEX.BSE_IDX,01/07/2025,09:26:00,64189.68,0,0,0,0,0,0
BANKEX.BSE_IDX,01/07/2025,09:26:01,64185.74,0,0,0,0,0,0
BANKEX.BSE_IDX,01/07/2025,09:26:02,64190.88,0,0,0,0,0,0
BANKEX.BSE_IDX,01/07/2025,09:26:03,64191.85,0,0,0,0,0,0
BANKEX.BSE_IDX,01/07/2025,09:26:04,64183.8,0,0,0,0,0,0
BANKEX.BSE_IDX,01/07/2025,09:26:05,64176.98,0,0,0,0,0,0
BANKEX.BSE_IDX,01/07/2025,09:26:06,64176.85,0,0,0,0,0,0
BANKEX.BSE_IDX,01/07/2025,09:26:07,64173.52,0,0,0,0,0,0
BANKEX.BSE_IDX,01/07/2025,09:26:10,64173.23,0,0,0,0,0,0
BANKEX.BSE_IDX,01/07/2025,09:26:10,64173.23,0,0,0,0,0,0
BANKEX.BSE_IDX,01/07/2025,09:26:11,64170.27,0,0,0,0,0,0
BANKEX.BSE_IDX,01/07/2025,09:26:11,64170.56,0,0,0,0,0,0
BANKEX.BSE_IDX,01/07/2025,09:26:12,64169.01,0,0,0,0,0,0
BANKEX.BSE_IDX,01/07/2025,09:26:13,64170.17,0,0,0,0,0,0
BANKEX.BSE_IDX,01/07/2025,09:26:14,64169.12,0,0,0,0,0,0
BANKEX.BSE_IDX,01/07/2025,09:26:15,64168.22,0,0,0,0,0,0
BANKEX.BSE_IDX,01/07/2025,09:26:16,64165.02,0,0,0,0,0,0
BANKEX.BSE_IDX,01/07/2025,09:26:17,64163.39,0,0,0,0,0,0
BANKEX.BSE_IDX,01/07/2025,09:26:18,64172.18,0,0,0,0,0,0
BANKEX.BSE_IDX,01/07/2025,09:26:19,64172.18,0,0,0,0,0,0
BANKEX.BSE_IDX,01/07/2025,09:26:21,64166.98,0,0,0,0,0,0
BANKEX.BSE_IDX,01/07/2025,09:26:22,64167.75,0,0,0,0,0,0
BANKEX.BSE_IDX,01/07/2025,09:26:22,64170.82,0,0,0,0,0,0
BANKEX.BSE_IDX,01/07/2025,09:26:23,64171.38,0,0,0,0,0,0
BANKEX.BSE_IDX,01/07/2025,09:26:24,64170.41,0,0,0,0,0,0
BANKEX.BSE_IDX,01/07/2025,09:26:25,64172.1,0,0,0,0,0,0
BANKEX.BSE_IDX,01/07/2025,09:26:26,64172.1,0,0,0,0,0,0
BANKEX.BSE_IDX,01/07/2025,09:26:27,64172.1,0,0,0,0,0,0
BANKEX.BSE_IDX,01/07/2025,09:26:28,64172.1,0,0,0,0,0,0
BANKEX.BSE_IDX,01/07/2025,09:26:29,64173.06,0,0,0,0,0,0
BANKEX.BSE_IDX,01/07/2025,09:26:30,64173.06,0,0,0,0,0,0
BANKEX.BSE_IDX,01/07/2025,09:26:31,64172.51,0,0,0,0,0,0
BANKEX.BSE_IDX,01/07/2025,09:26:32,64171.96,0,0,0,0,0,0
BANKEX.BSE_IDX,01/07/2025,09:26:34,64171.77,0,0,0,0,0,0
BANKEX.BSE_IDX,01/07/2025,09:26:35,64171.77,0,0,0,0,0,0
BANKEX.BSE_IDX,01/07/2025,09:26:35,64171.78,0,0,0,0,0,0
BANKEX.BSE_IDX,01/07/2025,09:26:37,64172.89,0,0,0,0,0,0
BANKEX.BSE_IDX,01/07/2025,09:26:37,64173.47,0,0,0,0,0,0
BANKEX.BSE_IDX,01/07/2025,09:26:38,64172.93,0,0,0,0,0,0
BANKEX.BSE_IDX,01/07/2025,09:26:39,64174.36,0,0,0,0,0,0
BANKEX.BSE_IDX,01/07/2025,09:26:40,64175.47,0,0,0,0,0,0
BANKEX.BSE_IDX,01/07/2025,09:26:41,64173.22,0,0,0,0,0,0
BANKEX.BSE_IDX,01/07/2025,09:26:43,64173.22,0,0,0,0,0,0
BANKEX.BSE_IDX,01/07/2025,09:26:43,64171.7,0,0,0,0,0,0
BANKEX.BSE_IDX,01/07/2025,09:26:44,64170.92,0,0,0,0,0,0
BANKEX.BSE_IDX,01/07/2025,09:26:45,64165.88,0,0,0,0,0,0
BANKEX.BSE_IDX,01/07/2025,09:26:46,64167.74,0,0,0,0,0,0
BANKEX.BSE_IDX,01/07/2025,09:26:48,64166.03,0,0,0,0,0,0
BANKEX.BSE_IDX,01/07/2025,09:26:48,64164.5,0,0,0,0,0,0
BANKEX.BSE_IDX,01/07/2025,09:26:49,64169.82,0,0,0,0,0,0
BANKEX.BSE_IDX,01/07/2025,09:26:50,64169.82,0,0,0,0,0,0
BANKEX.BSE_IDX,01/07/2025,09:26:51,64170.4,0,0,0,0,0,0
BANKEX.BSE_IDX,01/07/2025,09:26:52,64169.29,0,0,0,0,0,0
BANKEX.BSE_IDX,01/07/2025,09:26:54,64169.82,0,0,0,0,0,0
BANKEX.BSE_IDX,01/07/2025,09:26:54,64169.82,0,0,0,0,0,0
BANKEX.BSE_IDX,01/07/2025,09:26:55,64169.04,0,0,0,0,0,0
BANKEX.BSE_IDX,01/07/2025,09:26:56,64164.45,0,0,0,0,0,0
BANKEX.BSE_IDX,01/07/2025,09:26:57,64164.51,0,0,0,0,0,0
BANKEX.BSE_IDX,01/07/2025,09:26:59,64162.81,0,0,0,0,0,0
BANKEX.BSE_IDX,01/07/2025,09:27:00,64162.81,0,0,0,0,0,0
BANKEX.BSE_IDX,01/07/2025,09:27:01,64158.97,0,0,0,0,0,0
BANKEX.BSE_IDX,01/07/2025,09:27:01,64162.79,0,0,0,0,0,0
BANKEX.BSE_IDX,01/07/2025,09:27:03,64162.18,0,0,0,0,0,0
BANKEX.BSE_IDX,01/07/2025,09:27:04,64162.18,0,0,0,0,0,0
BANKEX.BSE_IDX,01/07/2025,09:27:05,64168.29,0,0,0,0,0,0
BANKEX.BSE_IDX,01/07/2025,09:27:06,64164.12,0,0,0,0,0,0
BANKEX.BSE_IDX,01/07/2025,09:27:07,64164.12,0,0,0,0,0,0
BANKEX.BSE_IDX,01/07/2025,09:27:08,64164.12,0,0,0,0,0,0
BANKEX.BSE_IDX,01/07/2025,09:27:08,64164.12,0,0,0,0,0,0
BANKEX.BSE_IDX,01/07/2025,09:27:10,64163.73,0,0,0,0,0,0
BANKEX.BSE_IDX,01/07/2025,09:27:11,64163.73,0,0,0,0,0,0
BANKEX.BSE_IDX,01/07/2025,09:27:12,64163.35,0,0,0,0,0,0
BANKEX.BSE_IDX,01/07/2025,09:27:12,64163.35,0,0,0,0,0,0
BANKEX.BSE_IDX,01/07/2025,09:27:14,64162.96,0,0,0,0,0,0
BANKEX.BSE_IDX,01/07/2025,09:27:15,64162.96,0,0,0,0,0,0
BANKEX.BSE_IDX,01/07/2025,09:27:16,64162.96,0,0,0,0,0,0
BANKEX.BSE_IDX,01/07/2025,09:27:17,64161.42,0,0,0,0,0,0
BANKEX.BSE_IDX,01/07/2025,09:27:18,64161.03,0,0,0,0,0,0
BANKEX.BSE_IDX,01/07/2025,09:27:18,64153.02,0,0,0,0,0,0
BANKEX.BSE_IDX,01/07/2025,09:27:20,64149.67,0,0,0,0,0,0
BANKEX.BSE_IDX,01/07/2025,09:27:21,64146.74,0,0,0,0,0,0
BANKEX.BSE_IDX,01/07/2025,09:27:22,64143.65,0,0,0,0,0,0
BANKEX.BSE_IDX,01/07/2025,09:27:24,64145.45,0,0,0,0,0,0
BANKEX.BSE_IDX,01/07/2025,09:27:24,64150.73,0,0,0,0,0,0
BANKEX.BSE_IDX,01/07/2025,09:27:25,64149.86,0,0,0,0,0,0
BANKEX.BSE_IDX,01/07/2025,09:27:26,64150.41,0,0,0,0,0,0
BANKEX.BSE_IDX,01/07/2025,09:27:27,64150.41,0,0,0,0,0,0
BANKEX.BSE_IDX,01/07/2025,09:27:28,64150.41,0,0,0,0,0,0
BANKEX.BSE_IDX,01/07/2025,09:27:29,64150.41,0,0,0,0,0,0
BANKEX.BSE_IDX,01/07/2025,09:27:30,64155.47,0,0,0,0,0,0
BANKEX.BSE_IDX,01/07/2025,09:27:31,64155.11,0,0,0,0,0,0
BANKEX.BSE_IDX,01/07/2025,09:27:32,64155.11,0,0,0,0,0,0
BANKEX.BSE_IDX,01/07/2025,09:27:33,64156.19,0,0,0,0,0,0
BANKEX.BSE_IDX,01/07/2025,09:27:34,64158.31,0,0,0,0,0,0
BANKEX.BSE_IDX,01/07/2025,09:27:35,64156.64,0,0,0,0,0,0
BANKEX.BSE_IDX,01/07/2025,09:27:36,64156.64,0,0,0,0,0,0
BANKEX.BSE_IDX,01/07/2025,09:27:37,64150.03,0,0,0,0,0,0
BANKEX.BSE_IDX,01/07/2025,09:27:38,64151.39,0,0,0,0,0,0
BANKEX.BSE_IDX,01/07/2025,09:27:39,64151.39,0,0,0,0,0,0
BANKEX.BSE_IDX,01/07/2025,09:27:40,64153.07,0,0,0,0,0,0
BANKEX.BSE_IDX,01/07/2025,09:27:41,64151.39,0,0,0,0,0,0
BANKEX.BSE_IDX,01/07/2025,09:27:42,64150.83,0,0,0,0,0,0
BANKEX.BSE_IDX,01/07/2025,09:27:43,64157.75,0,0,0,0,0,0
BANKEX.BSE_IDX,01/07/2025,09:27:44,64157.75,0,0,0,0,0,0
BANKEX.BSE_IDX,01/07/2025,09:27:45,64156.04,0,0,0,0,0,0
BANKEX.BSE_IDX,01/07/2025,09:27:46,64156.04,0,0,0,0,0,0
BANKEX.BSE_IDX,01/07/2025,09:27:47,64156.04,0,0,0,0,0,0
BANKEX.BSE_IDX,01/07/2025,09:27:48,64156.23,0,0,0,0,0,0
BANKEX.BSE_IDX,01/07/2025,09:27:49,64155.21,0,0,0,0,0,0
BANKEX.BSE_IDX,01/07/2025,09:27:50,64155.21,0,0,0,0,0,0
BANKEX.BSE_IDX,01/07/2025,09:27:51,64155.6,0,0,0,0,0,0
BANKEX.BSE_IDX,01/07/2025,09:27:52,64151.5,0,0,0,0,0,0
BANKEX.BSE_IDX,01/07/2025,09:27:53,64151.5,0,0,0,0,0,0
BANKEX.BSE_IDX,01/07/2025,09:27:54,64152.66,0,0,0,0,0,0
BANKEX.BSE_IDX,01/07/2025,09:27:55,64152.66,0,0,0,0,0,0
BANKEX.BSE_IDX,01/07/2025,09:27:56,64160.73,0,0,0,0,0,0
BANKEX.BSE_IDX,01/07/2025,09:27:57,64160.34,0,0,0,0,0,0
BANKEX.BSE_IDX,01/07/2025,09:27:58,64160.7,0,0,0,0,0,0
BANKEX.BSE_IDX,01/07/2025,09:27:59,64163.51,0,0,0,0,0,0
BANKEX.BSE_IDX,01/07/2025,09:28:00,64163.51,0,0,0,0,0,0
BANKEX.BSE_IDX,01/07/2025,09:28:01,64158.08,0,0,0,0,0,0
BANKEX.BSE_IDX,01/07/2025,09:28:02,64163.03,0,0,0,0,0,0
BANKEX.BSE_IDX,01/07/2025,09:28:03,64163.51,0,0,0,0,0,0
BANKEX.BSE_IDX,01/07/2025,09:28:04,64163.51,0,0,0,0,0,0
BANKEX.BSE_IDX,01/07/2025,09:28:05,64163.32,0,0,0,0,0,0
BANKEX.BSE_IDX,01/07/2025,09:28:06,64162.03,0,0,0,0,0,0
BANKEX.BSE_IDX,01/07/2025,09:28:07,64162.03,0,0,0,0,0,0
BANKEX.BSE_IDX,01/07/2025,09:28:08,64170.29,0,0,0,0,0,0
BANKEX.BSE_IDX,01/07/2025,09:28:09,64170.76,0,0,0,0,0,0
BANKEX.BSE_IDX,01/07/2025,09:28:10,64160.84,0,0,0,0,0,0
BANKEX.BSE_IDX,01/07/2025,09:28:11,64161,0,0,0,0,0,0
BANKEX.BSE_IDX,01/07/2025,09:28:12,64161,0,0,0,0,0,0
BANKEX.BSE_IDX,01/07/2025,09:28:13,64157.09,0,0,0,0,0,0
BANKEX.BSE_IDX,01/07/2025,09:28:14,64157.64,0,0,0,0,0,0
BANKEX.BSE_IDX,01/07/2025,09:28:15,64156.29,0,0,0,0,0,0
BANKEX.BSE_IDX,01/07/2025,09:28:16,64155.74,0,0,0,0,0,0
BANKEX.BSE_IDX,01/07/2025,09:28:17,64162.92,0,0,0,0,0,0
BANKEX.BSE_IDX,01/07/2025,09:28:18,64161.41,0,0,0,0,0,0
BANKEX.BSE_IDX,01/07/2025,09:28:19,64160.58,0,0,0,0,0,0
BANKEX.BSE_IDX,01/07/2025,09:28:20,64157.92,0,0,0,0,0,0
BANKEX.BSE_IDX,01/07/2025,09:28:21,64150.91,0,0,0,0,0,0
BANKEX.BSE_IDX,01/07/2025,09:28:22,64154.3,0,0,0,0,0,0
BANKEX.BSE_IDX,01/07/2025,09:28:23,64154.88,0,0,0,0,0,0
BANKEX.BSE_IDX,01/07/2025,09:28:24,64154.6,0,0,0,0,0,0
BANKEX.BSE_IDX,01/07/2025,09:28:25,64155.31,0,0,0,0,0,0
BANKEX.BSE_IDX,01/07/2025,09:28:26,64155.22,0,0,0,0,0,0
BANKEX.BSE_IDX,01/07/2025,09:28:27,64154.38,0,0,0,0,0,0
BANKEX.BSE_IDX,01/07/2025,09:28:28,64154.38,0,0,0,0,0,0
BANKEX.BSE_IDX,01/07/2025,09:28:29,64152.91,0,0,0,0,0,0
BANKEX.BSE_IDX,01/07/2025,09:28:30,64159.07,0,0,0,0,0,0
BANKEX.BSE_IDX,01/07/2025,09:28:31,64160.23,0,0,0,0,0,0
BANKEX.BSE_IDX,01/07/2025,09:28:32,64159.68,0,0,0,0,0,0
BANKEX.BSE_IDX,01/07/2025,09:28:33,64165.53,0,0,0,0,0,0
BANKEX.BSE_IDX,01/07/2025,09:28:34,64163.5,0,0,0,0,0,0
BANKEX.BSE_IDX,01/07/2025,09:28:35,64158.19,0,0,0,0,0,0
BANKEX.BSE_IDX,01/07/2025,09:28:36,64158.97,0,0,0,0,0,0
BANKEX.BSE_IDX,01/07/2025,09:28:37,64158.97,0,0,0,0,0,0
BANKEX.BSE_IDX,01/07/2025,09:28:38,64158.97,0,0,0,0,0,0
BANKEX.BSE_IDX,01/07/2025,09:28:39,64146.8,0,0,0,0,0,0
BANKEX.BSE_IDX,01/07/2025,09:28:40,64136.67,0,0,0,0,0,0
BANKEX.BSE_IDX,01/07/2025,09:28:41,64142.16,0,0,0,0,0,0
BANKEX.BSE_IDX,01/07/2025,09:28:42,64146.86,0,0,0,0,0,0
BANKEX.BSE_IDX,01/07/2025,09:28:43,64147.96,0,0,0,0,0,0
BANKEX.BSE_IDX,01/07/2025,09:28:44,64151.3,0,0,0,0,0,0
BANKEX.BSE_IDX,01/07/2025,09:28:45,64153.09,0,0,0,0,0,0
BANKEX.BSE_IDX,01/07/2025,09:28:46,64153.47,0,0,0,0,0,0
BANKEX.BSE_IDX,01/07/2025,09:28:47,64160.5,0,0,0,0,0,0
BANKEX.BSE_IDX,01/07/2025,09:28:48,64160.5,0,0,0,0,0,0
BANKEX.BSE_IDX,01/07/2025,09:28:49,64159.73,0,0,0,0,0,0
BANKEX.BSE_IDX,01/07/2025,09:28:50,64159.73,0,0,0,0,0,0
BANKEX.BSE_IDX,01/07/2025,09:28:51,64159.18,0,0,0,0,0,0
BANKEX.BSE_IDX,01/07/2025,09:28:53,64155.62,0,0,0,0,0,0
BANKEX.BSE_IDX,01/07/2025,09:28:53,64154.65,0,0,0,0,0,0
BANKEX.BSE_IDX,01/07/2025,09:28:54,64154.66,0,0,0,0,0,0
BANKEX.BSE_IDX,01/07/2025,09:28:55,64148.2,0,0,0,0,0,0
BANKEX.BSE_IDX,01/07/2025,09:28:56,64148.2,0,0,0,0,0,0
BANKEX.BSE_IDX,01/07/2025,09:28:57,64148.78,0,0,0,0,0,0
BANKEX.BSE_IDX,01/07/2025,09:28:58,64150.58,0,0,0,0,0,0
BANKEX.BSE_IDX,01/07/2025,09:28:59,64152.02,0,0,0,0,0,0
BANKEX.BSE_IDX,01/07/2025,09:29:00,64155.53,0,0,0,0,0,0
BANKEX.BSE_IDX,01/07/2025,09:29:01,64154.98,0,0,0,0,0,0
BANKEX.BSE_IDX,01/07/2025,09:29:02,64154,0,0,0,0,0,0
BANKEX.BSE_IDX,01/07/2025,09:29:03,64153.8,0,0,0,0,0,0
BANKEX.BSE_IDX,01/07/2025,09:29:04,64159.71,0,0,0,0,0,0
BANKEX.BSE_IDX,01/07/2025,09:29:05,64148.91,0,0,0,0,0,0
BANKEX.BSE_IDX,01/07/2025,09:29:06,64148.91,0,0,0,0,0,0
BANKEX.BSE_IDX,01/07/2025,09:29:07,64148.91,0,0,0,0,0,0
BANKEX.BSE_IDX,01/07/2025,09:29:08,64148.91,0,0,0,0,0,0
BANKEX.BSE_IDX,01/07/2025,09:29:09,64154.6,0,0,0,0,0,0
BANKEX.BSE_IDX,01/07/2025,09:29:10,64154.6,0,0,0,0,0,0
BANKEX.BSE_IDX,01/07/2025,09:29:11,64154.6,0,0,0,0,0,0
BANKEX.BSE_IDX,01/07/2025,09:29:12,64151.65,0,0,0,0,0,0
BANKEX.BSE_IDX,01/07/2025,09:29:13,64150.37,0,0,0,0,0,0
BANKEX.BSE_IDX,01/07/2025,09:29:14,64149.82,0,0,0,0,0,0
BANKEX.BSE_IDX,01/07/2025,09:29:15,64148.09,0,0,0,0,0,0
BANKEX.BSE_IDX,01/07/2025,09:29:16,64153.52,0,0,0,0,0,0
BANKEX.BSE_IDX,01/07/2025,09:29:17,64149.15,0,0,0,0,0,0
BANKEX.BSE_IDX,01/07/2025,09:29:18,64149.15,0,0,0,0,0,0
