Ticker,Date,Time,LTP,BuyPrice,BuyQty,SellPrice,SellQty,LTQ,OpenInterest
BBGEFS.BSE_IDX,01/07/2025,09:00:00,4379.68,0,0,0,0,0,0
BBGEFS.BSE_IDX,01/07/2025,09:00:07,4371.59,0,0,0,0,0,0
BBGEFS.BSE_IDX,01/07/2025,09:00:15,4366.24,0,0,0,0,0,0
BBGEFS.BSE_IDX,01/07/2025,09:00:23,4365.59,0,0,0,0,0,0
BBGEFS.BSE_IDX,01/07/2025,09:00:31,4370.53,0,0,0,0,0,0
BBGEFS.BSE_IDX,01/07/2025,09:00:39,4371.41,0,0,0,0,0,0
BBGEFS.BSE_IDX,01/07/2025,09:00:47,4371.21,0,0,0,0,0,0
BBGEFS.BSE_IDX,01/07/2025,09:00:55,4371.77,0,0,0,0,0,0
BBGEFS.BSE_IDX,01/07/2025,09:01:03,4370.64,0,0,0,0,0,0
BBGEFS.BSE_IDX,01/07/2025,09:01:11,4370.5,0,0,0,0,0,0
BBGEFS.BSE_IDX,01/07/2025,09:01:19,4370.68,0,0,0,0,0,0
BBGEFS.BSE_IDX,01/07/2025,09:01:27,4372.05,0,0,0,0,0,0
BBGEFS.BSE_IDX,01/07/2025,09:01:35,4370.35,0,0,0,0,0,0
BBGEFS.BSE_IDX,01/07/2025,09:01:43,4369.99,0,0,0,0,0,0
BBGEFS.BSE_IDX,01/07/2025,09:01:51,4369.25,0,0,0,0,0,0
BBGEFS.BSE_IDX,01/07/2025,09:01:59,4369.47,0,0,0,0,0,0
BBGEFS.BSE_IDX,01/07/2025,09:02:07,4371.34,0,0,0,0,0,0
BBGEFS.BSE_IDX,01/07/2025,09:02:15,4373.23,0,0,0,0,0,0
BBGEFS.BSE_IDX,01/07/2025,09:02:23,4372.06,0,0,0,0,0,0
BBGEFS.BSE_IDX,01/07/2025,09:02:31,4372.06,0,0,0,0,0,0
BBGEFS.BSE_IDX,01/07/2025,09:02:39,4372.06,0,0,0,0,0,0
BBGEFS.BSE_IDX,01/07/2025,09:02:47,4375.09,0,0,0,0,0,0
BBGEFS.BSE_IDX,01/07/2025,09:02:55,4376.9,0,0,0,0,0,0
BBGEFS.BSE_IDX,01/07/2025,09:03:03,4378.33,0,0,0,0,0,0
BBGEFS.BSE_IDX,01/07/2025,09:03:11,4377.49,0,0,0,0,0,0
BBGEFS.BSE_IDX,01/07/2025,09:03:19,4371.64,0,0,0,0,0,0
BBGEFS.BSE_IDX,01/07/2025,09:03:27,4371.66,0,0,0,0,0,0
BBGEFS.BSE_IDX,01/07/2025,09:03:35,4371.83,0,0,0,0,0,0
BBGEFS.BSE_IDX,01/07/2025,09:03:43,4371.97,0,0,0,0,0,0
BBGEFS.BSE_IDX,01/07/2025,09:03:51,4373.54,0,0,0,0,0,0
BBGEFS.BSE_IDX,01/07/2025,09:03:59,4373.94,0,0,0,0,0,0
BBGEFS.BSE_IDX,01/07/2025,09:04:07,4373.94,0,0,0,0,0,0
BBGEFS.BSE_IDX,01/07/2025,09:04:15,4373.94,0,0,0,0,0,0
BBGEFS.BSE_IDX,01/07/2025,09:04:23,4373.27,0,0,0,0,0,0
BBGEFS.BSE_IDX,01/07/2025,09:04:31,4374.59,0,0,0,0,0,0
BBGEFS.BSE_IDX,01/07/2025,09:04:39,4375.02,0,0,0,0,0,0
BBGEFS.BSE_IDX,01/07/2025,09:04:47,4374.54,0,0,0,0,0,0
BBGEFS.BSE_IDX,01/07/2025,09:04:55,4372.29,0,0,0,0,0,0
BBGEFS.BSE_IDX,01/07/2025,09:05:03,4372.42,0,0,0,0,0,0
BBGEFS.BSE_IDX,01/07/2025,09:05:11,4372.42,0,0,0,0,0,0
BBGEFS.BSE_IDX,01/07/2025,09:05:19,4376.57,0,0,0,0,0,0
BBGEFS.BSE_IDX,01/07/2025,09:05:27,4377.85,0,0,0,0,0,0
BBGEFS.BSE_IDX,01/07/2025,09:05:35,4377.1,0,0,0,0,0,0
BBGEFS.BSE_IDX,01/07/2025,09:05:43,4378.43,0,0,0,0,0,0
BBGEFS.BSE_IDX,01/07/2025,09:05:51,4378.21,0,0,0,0,0,0
BBGEFS.BSE_IDX,01/07/2025,09:05:59,4380.79,0,0,0,0,0,0
BBGEFS.BSE_IDX,01/07/2025,09:06:07,4381.39,0,0,0,0,0,0
BBGEFS.BSE_IDX,01/07/2025,09:06:15,4382.82,0,0,0,0,0,0
BBGEFS.BSE_IDX,01/07/2025,09:06:23,4384.01,0,0,0,0,0,0
BBGEFS.BSE_IDX,01/07/2025,09:06:31,4386.24,0,0,0,0,0,0
BBGEFS.BSE_IDX,01/07/2025,09:06:39,4385.08,0,0,0,0,0,0
BBGEFS.BSE_IDX,01/07/2025,09:06:47,4384.32,0,0,0,0,0,0
BBGEFS.BSE_IDX,01/07/2025,09:06:55,4385.68,0,0,0,0,0,0
BBGEFS.BSE_IDX,01/07/2025,09:07:04,4384.68,0,0,0,0,0,0
BBGEFS.BSE_IDX,01/07/2025,09:07:11,4384.68,0,0,0,0,0,0
BBGEFS.BSE_IDX,01/07/2025,09:07:19,4384.68,0,0,0,0,0,0
BBGEFS.BSE_IDX,01/07/2025,09:07:27,4384.68,0,0,0,0,0,0
BBGEFS.BSE_IDX,01/07/2025,09:07:35,4384.68,0,0,0,0,0,0
BBGEFS.BSE_IDX,01/07/2025,09:07:43,4384.68,0,0,0,0,0,0
BBGEFS.BSE_IDX,01/07/2025,09:07:51,4384.68,0,0,0,0,0,0
BBGEFS.BSE_IDX,01/07/2025,09:07:59,4384.68,0,0,0,0,0,0
BBGEFS.BSE_IDX,01/07/2025,09:08:07,4384.68,0,0,0,0,0,0
BBGEFS.BSE_IDX,01/07/2025,09:08:15,4384.68,0,0,0,0,0,0
BBGEFS.BSE_IDX,01/07/2025,09:08:23,4384.68,0,0,0,0,0,0
BBGEFS.BSE_IDX,01/07/2025,09:08:31,4384.68,0,0,0,0,0,0
BBGEFS.BSE_IDX,01/07/2025,09:08:39,4384.68,0,0,0,0,0,0
BBGEFS.BSE_IDX,01/07/2025,09:08:47,4384.68,0,0,0,0,0,0
BBGEFS.BSE_IDX,01/07/2025,09:08:55,4384.68,0,0,0,0,0,0
BBGEFS.BSE_IDX,01/07/2025,09:09:03,4384.3,0,0,0,0,0,0
BBGEFS.BSE_IDX,01/07/2025,09:09:11,4384.3,0,0,0,0,0,0
BBGEFS.BSE_IDX,01/07/2025,09:09:20,4384.3,0,0,0,0,0,0
BBGEFS.BSE_IDX,01/07/2025,09:09:27,4384.3,0,0,0,0,0,0
BBGEFS.BSE_IDX,01/07/2025,09:09:36,4384.3,0,0,0,0,0,0
BBGEFS.BSE_IDX,01/07/2025,09:09:43,4384.3,0,0,0,0,0,0
BBGEFS.BSE_IDX,01/07/2025,09:09:51,4384.3,0,0,0,0,0,0
BBGEFS.BSE_IDX,01/07/2025,09:09:59,4384.3,0,0,0,0,0,0
BBGEFS.BSE_IDX,01/07/2025,09:10:07,4384.3,0,0,0,0,0,0
BBGEFS.BSE_IDX,01/07/2025,09:10:16,4384.3,0,0,0,0,0,0
BBGEFS.BSE_IDX,01/07/2025,09:10:24,4384.3,0,0,0,0,0,0
BBGEFS.BSE_IDX,01/07/2025,09:10:32,4384.3,0,0,0,0,0,0
BBGEFS.BSE_IDX,01/07/2025,09:10:39,4384.3,0,0,0,0,0,0
BBGEFS.BSE_IDX,01/07/2025,09:10:47,4384.3,0,0,0,0,0,0
BBGEFS.BSE_IDX,01/07/2025,09:10:55,4384.3,0,0,0,0,0,0
BBGEFS.BSE_IDX,01/07/2025,09:11:03,4384.3,0,0,0,0,0,0
BBGEFS.BSE_IDX,01/07/2025,09:11:11,4384.3,0,0,0,0,0,0
BBGEFS.BSE_IDX,01/07/2025,09:11:19,4384.3,0,0,0,0,0,0
BBGEFS.BSE_IDX,01/07/2025,09:11:27,4384.3,0,0,0,0,0,0
BBGEFS.BSE_IDX,01/07/2025,09:11:35,4384.3,0,0,0,0,0,0
BBGEFS.BSE_IDX,01/07/2025,09:11:43,4384.3,0,0,0,0,0,0
BBGEFS.BSE_IDX,01/07/2025,09:11:51,4384.3,0,0,0,0,0,0
BBGEFS.BSE_IDX,01/07/2025,09:11:59,4384.3,0,0,0,0,0,0
BBGEFS.BSE_IDX,01/07/2025,09:12:07,4384.3,0,0,0,0,0,0
BBGEFS.BSE_IDX,01/07/2025,09:12:16,4384.3,0,0,0,0,0,0
BBGEFS.BSE_IDX,01/07/2025,09:12:23,4384.3,0,0,0,0,0,0
BBGEFS.BSE_IDX,01/07/2025,09:12:31,4384.3,0,0,0,0,0,0
BBGEFS.BSE_IDX,01/07/2025,09:12:39,4384.3,0,0,0,0,0,0
BBGEFS.BSE_IDX,01/07/2025,09:12:47,4384.3,0,0,0,0,0,0
BBGEFS.BSE_IDX,01/07/2025,09:12:55,4384.3,0,0,0,0,0,0
BBGEFS.BSE_IDX,01/07/2025,09:13:03,4384.3,0,0,0,0,0,0
BBGEFS.BSE_IDX,01/07/2025,09:13:11,4384.3,0,0,0,0,0,0
BBGEFS.BSE_IDX,01/07/2025,09:13:19,4384.3,0,0,0,0,0,0
BBGEFS.BSE_IDX,01/07/2025,09:13:27,4384.3,0,0,0,0,0,0
BBGEFS.BSE_IDX,01/07/2025,09:13:35,4384.3,0,0,0,0,0,0
BBGEFS.BSE_IDX,01/07/2025,09:13:43,4384.3,0,0,0,0,0,0
BBGEFS.BSE_IDX,01/07/2025,09:13:51,4384.3,0,0,0,0,0,0
BBGEFS.BSE_IDX,01/07/2025,09:13:59,4384.3,0,0,0,0,0,0
BBGEFS.BSE_IDX,01/07/2025,09:14:07,4384.3,0,0,0,0,0,0
BBGEFS.BSE_IDX,01/07/2025,09:14:15,4384.3,0,0,0,0,0,0
BBGEFS.BSE_IDX,01/07/2025,09:14:23,4384.3,0,0,0,0,0,0
BBGEFS.BSE_IDX,01/07/2025,09:14:31,4384.3,0,0,0,0,0,0
BBGEFS.BSE_IDX,01/07/2025,09:14:39,4384.3,0,0,0,0,0,0
BBGEFS.BSE_IDX,01/07/2025,09:14:47,4384.3,0,0,0,0,0,0
BBGEFS.BSE_IDX,01/07/2025,09:14:55,4384.3,0,0,0,0,0,0
BBGEFS.BSE_IDX,01/07/2025,09:15:04,4387.26,0,0,0,0,0,0
BBGEFS.BSE_IDX,01/07/2025,09:15:11,4387.7,0,0,0,0,0,0
BBGEFS.BSE_IDX,01/07/2025,09:15:19,4384.56,0,0,0,0,0,0
BBGEFS.BSE_IDX,01/07/2025,09:15:27,4383.74,0,0,0,0,0,0
BBGEFS.BSE_IDX,01/07/2025,09:15:35,4382.15,0,0,0,0,0,0
BBGEFS.BSE_IDX,01/07/2025,09:15:43,4381.21,0,0,0,0,0,0
BBGEFS.BSE_IDX,01/07/2025,09:15:51,4380.21,0,0,0,0,0,0
BBGEFS.BSE_IDX,01/07/2025,09:15:59,4380.25,0,0,0,0,0,0
BBGEFS.BSE_IDX,01/07/2025,09:16:07,4378.38,0,0,0,0,0,0
BBGEFS.BSE_IDX,01/07/2025,09:16:15,4380.38,0,0,0,0,0,0
BBGEFS.BSE_IDX,01/07/2025,09:16:24,4381.14,0,0,0,0,0,0
BBGEFS.BSE_IDX,01/07/2025,09:16:31,4381.43,0,0,0,0,0,0
BBGEFS.BSE_IDX,01/07/2025,09:16:39,4381.67,0,0,0,0,0,0
BBGEFS.BSE_IDX,01/07/2025,09:16:48,4381.83,0,0,0,0,0,0
BBGEFS.BSE_IDX,01/07/2025,09:16:55,4381.59,0,0,0,0,0,0
BBGEFS.BSE_IDX,01/07/2025,09:17:03,4382.11,0,0,0,0,0,0
BBGEFS.BSE_IDX,01/07/2025,09:17:12,4381.37,0,0,0,0,0,0
BBGEFS.BSE_IDX,01/07/2025,09:17:19,4381.62,0,0,0,0,0,0
BBGEFS.BSE_IDX,01/07/2025,09:17:27,4382.98,0,0,0,0,0,0
BBGEFS.BSE_IDX,01/07/2025,09:17:35,4382.57,0,0,0,0,0,0
BBGEFS.BSE_IDX,01/07/2025,09:17:44,4384.78,0,0,0,0,0,0
BBGEFS.BSE_IDX,01/07/2025,09:17:51,4384.93,0,0,0,0,0,0
BBGEFS.BSE_IDX,01/07/2025,09:17:59,4384.27,0,0,0,0,0,0
BBGEFS.BSE_IDX,01/07/2025,09:18:07,4384.95,0,0,0,0,0,0
BBGEFS.BSE_IDX,01/07/2025,09:18:15,4385.49,0,0,0,0,0,0
BBGEFS.BSE_IDX,01/07/2025,09:18:23,4385.16,0,0,0,0,0,0
BBGEFS.BSE_IDX,01/07/2025,09:18:31,4383.86,0,0,0,0,0,0
BBGEFS.BSE_IDX,01/07/2025,09:18:39,4383.27,0,0,0,0,0,0
BBGEFS.BSE_IDX,01/07/2025,09:18:47,4383.87,0,0,0,0,0,0
BBGEFS.BSE_IDX,01/07/2025,09:18:56,4384.34,0,0,0,0,0,0
BBGEFS.BSE_IDX,01/07/2025,09:19:03,4384.42,0,0,0,0,0,0
BBGEFS.BSE_IDX,01/07/2025,09:19:11,4384.55,0,0,0,0,0,0
BBGEFS.BSE_IDX,01/07/2025,09:19:19,4384.02,0,0,0,0,0,0
BBGEFS.BSE_IDX,01/07/2025,09:19:28,4383.39,0,0,0,0,0,0
BBGEFS.BSE_IDX,01/07/2025,09:19:35,4384.03,0,0,0,0,0,0
BBGEFS.BSE_IDX,01/07/2025,09:19:43,4383.76,0,0,0,0,0,0
BBGEFS.BSE_IDX,01/07/2025,09:19:52,4383.88,0,0,0,0,0,0
BBGEFS.BSE_IDX,01/07/2025,09:19:59,4384,0,0,0,0,0,0
BBGEFS.BSE_IDX,01/07/2025,09:20:07,4383.5,0,0,0,0,0,0
BBGEFS.BSE_IDX,01/07/2025,09:20:15,4384.61,0,0,0,0,0,0
BBGEFS.BSE_IDX,01/07/2025,09:20:24,4384.95,0,0,0,0,0,0
BBGEFS.BSE_IDX,01/07/2025,09:20:31,4385.63,0,0,0,0,0,0
BBGEFS.BSE_IDX,01/07/2025,09:20:39,4385.67,0,0,0,0,0,0
BBGEFS.BSE_IDX,01/07/2025,09:20:47,4385.54,0,0,0,0,0,0
BBGEFS.BSE_IDX,01/07/2025,09:20:55,4385,0,0,0,0,0,0
BBGEFS.BSE_IDX,01/07/2025,09:21:03,4384.79,0,0,0,0,0,0
BBGEFS.BSE_IDX,01/07/2025,09:21:11,4386.18,0,0,0,0,0,0
BBGEFS.BSE_IDX,01/07/2025,09:21:19,4387.26,0,0,0,0,0,0
BBGEFS.BSE_IDX,01/07/2025,09:21:27,4386.3,0,0,0,0,0,0
BBGEFS.BSE_IDX,01/07/2025,09:21:36,4386.22,0,0,0,0,0,0
BBGEFS.BSE_IDX,01/07/2025,09:21:43,4388.44,0,0,0,0,0,0
BBGEFS.BSE_IDX,01/07/2025,09:21:51,4388.38,0,0,0,0,0,0
BBGEFS.BSE_IDX,01/07/2025,09:22:00,4388.6,0,0,0,0,0,0
BBGEFS.BSE_IDX,01/07/2025,09:22:07,4388.89,0,0,0,0,0,0
BBGEFS.BSE_IDX,01/07/2025,09:22:15,4388.67,0,0,0,0,0,0
BBGEFS.BSE_IDX,01/07/2025,09:22:23,4390.81,0,0,0,0,0,0
BBGEFS.BSE_IDX,01/07/2025,09:22:31,4392.2,0,0,0,0,0,0
BBGEFS.BSE_IDX,01/07/2025,09:22:39,4392.71,0,0,0,0,0,0
BBGEFS.BSE_IDX,01/07/2025,09:22:47,4392.91,0,0,0,0,0,0
BBGEFS.BSE_IDX,01/07/2025,09:22:55,4392.86,0,0,0,0,0,0
BBGEFS.BSE_IDX,01/07/2025,09:23:03,4392.98,0,0,0,0,0,0
BBGEFS.BSE_IDX,01/07/2025,09:23:11,4392.18,0,0,0,0,0,0
BBGEFS.BSE_IDX,01/07/2025,09:23:20,4392.14,0,0,0,0,0,0
BBGEFS.BSE_IDX,01/07/2025,09:23:27,4391.45,0,0,0,0,0,0
BBGEFS.BSE_IDX,01/07/2025,09:23:35,4390.48,0,0,0,0,0,0
BBGEFS.BSE_IDX,01/07/2025,09:23:44,4391.29,0,0,0,0,0,0
BBGEFS.BSE_IDX,01/07/2025,09:23:51,4390.7,0,0,0,0,0,0
BBGEFS.BSE_IDX,01/07/2025,09:23:59,4390.73,0,0,0,0,0,0
BBGEFS.BSE_IDX,01/07/2025,09:24:08,4391.47,0,0,0,0,0,0
BBGEFS.BSE_IDX,01/07/2025,09:24:16,4391.53,0,0,0,0,0,0
BBGEFS.BSE_IDX,01/07/2025,09:24:23,4391.56,0,0,0,0,0,0
BBGEFS.BSE_IDX,01/07/2025,09:24:32,4391.78,0,0,0,0,0,0
BBGEFS.BSE_IDX,01/07/2025,09:24:39,4391.62,0,0,0,0,0,0
BBGEFS.BSE_IDX,01/07/2025,09:24:48,4391.13,0,0,0,0,0,0
BBGEFS.BSE_IDX,01/07/2025,09:24:57,4390.63,0,0,0,0,0,0
BBGEFS.BSE_IDX,01/07/2025,09:25:03,4391.02,0,0,0,0,0,0
BBGEFS.BSE_IDX,01/07/2025,09:25:12,4390.91,0,0,0,0,0,0
BBGEFS.BSE_IDX,01/07/2025,09:25:20,4391.58,0,0,0,0,0,0
BBGEFS.BSE_IDX,01/07/2025,09:25:29,4391.79,0,0,0,0,0,0
BBGEFS.BSE_IDX,01/07/2025,09:25:35,4393.09,0,0,0,0,0,0
BBGEFS.BSE_IDX,01/07/2025,09:25:43,4393.43,0,0,0,0,0,0
BBGEFS.BSE_IDX,01/07/2025,09:25:51,4393.4,0,0,0,0,0,0
BBGEFS.BSE_IDX,01/07/2025,09:25:59,4393.79,0,0,0,0,0,0
BBGEFS.BSE_IDX,01/07/2025,09:26:08,4394.62,0,0,0,0,0,0
BBGEFS.BSE_IDX,01/07/2025,09:26:15,4394.08,0,0,0,0,0,0
BBGEFS.BSE_IDX,01/07/2025,09:26:24,4395.04,0,0,0,0,0,0
BBGEFS.BSE_IDX,01/07/2025,09:26:31,4395.48,0,0,0,0,0,0
BBGEFS.BSE_IDX,01/07/2025,09:26:40,4395.47,0,0,0,0,0,0
BBGEFS.BSE_IDX,01/07/2025,09:26:48,4395.26,0,0,0,0,0,0
BBGEFS.BSE_IDX,01/07/2025,09:26:55,4396.17,0,0,0,0,0,0
BBGEFS.BSE_IDX,01/07/2025,09:27:04,4396.52,0,0,0,0,0,0
BBGEFS.BSE_IDX,01/07/2025,09:27:12,4396.09,0,0,0,0,0,0
BBGEFS.BSE_IDX,01/07/2025,09:27:19,4397.79,0,0,0,0,0,0
BBGEFS.BSE_IDX,01/07/2025,09:27:28,4396.67,0,0,0,0,0,0
BBGEFS.BSE_IDX,01/07/2025,09:27:36,4395.97,0,0,0,0,0,0
BBGEFS.BSE_IDX,01/07/2025,09:27:44,4396.46,0,0,0,0,0,0
BBGEFS.BSE_IDX,01/07/2025,09:27:52,4396.54,0,0,0,0,0,0
BBGEFS.BSE_IDX,01/07/2025,09:28:00,4397.15,0,0,0,0,0,0
BBGEFS.BSE_IDX,01/07/2025,09:28:08,4397.04,0,0,0,0,0,0
BBGEFS.BSE_IDX,01/07/2025,09:28:16,4396.86,0,0,0,0,0,0
BBGEFS.BSE_IDX,01/07/2025,09:28:24,4396.41,0,0,0,0,0,0
BBGEFS.BSE_IDX,01/07/2025,09:28:32,4396.03,0,0,0,0,0,0
BBGEFS.BSE_IDX,01/07/2025,09:28:40,4395.32,0,0,0,0,0,0
BBGEFS.BSE_IDX,01/07/2025,09:28:48,4394.55,0,0,0,0,0,0
BBGEFS.BSE_IDX,01/07/2025,09:28:56,4394.36,0,0,0,0,0,0
BBGEFS.BSE_IDX,01/07/2025,09:29:04,4395.27,0,0,0,0,0,0
BBGEFS.BSE_IDX,01/07/2025,09:29:12,4395.19,0,0,0,0,0,0
BBGEFS.BSE_IDX,01/07/2025,09:29:20,4395.07,0,0,0,0,0,0
BBGEFS.BSE_IDX,01/07/2025,09:29:28,4395.16,0,0,0,0,0,0
BBGEFS.BSE_IDX,01/07/2025,09:29:36,4394.8,0,0,0,0,0,0
BBGEFS.BSE_IDX,01/07/2025,09:29:44,4395.29,0,0,0,0,0,0
BBGEFS.BSE_IDX,01/07/2025,09:29:52,4395.82,0,0,0,0,0,0
BBGEFS.BSE_IDX,01/07/2025,09:30:00,4396.33,0,0,0,0,0,0
BBGEFS.BSE_IDX,01/07/2025,09:30:08,4397.85,0,0,0,0,0,0
BBGEFS.BSE_IDX,01/07/2025,09:30:16,4399.51,0,0,0,0,0,0
BBGEFS.BSE_IDX,01/07/2025,09:30:24,4399.36,0,0,0,0,0,0
BBGEFS.BSE_IDX,01/07/2025,09:30:32,4400.36,0,0,0,0,0,0
BBGEFS.BSE_IDX,01/07/2025,09:30:40,4401.47,0,0,0,0,0,0
BBGEFS.BSE_IDX,01/07/2025,09:30:48,4401.87,0,0,0,0,0,0
BBGEFS.BSE_IDX,01/07/2025,09:30:56,4401.23,0,0,0,0,0,0
BBGEFS.BSE_IDX,01/07/2025,09:31:04,4401.23,0,0,0,0,0,0
BBGEFS.BSE_IDX,01/07/2025,09:31:12,4399.99,0,0,0,0,0,0
BBGEFS.BSE_IDX,01/07/2025,09:31:20,4400.07,0,0,0,0,0,0
BBGEFS.BSE_IDX,01/07/2025,09:31:28,4399.37,0,0,0,0,0,0
BBGEFS.BSE_IDX,01/07/2025,09:31:36,4399.49,0,0,0,0,0,0
BBGEFS.BSE_IDX,01/07/2025,09:31:44,4398.23,0,0,0,0,0,0
BBGEFS.BSE_IDX,01/07/2025,09:31:52,4398.37,0,0,0,0,0,0
BBGEFS.BSE_IDX,01/07/2025,09:32:00,4398.62,0,0,0,0,0,0
BBGEFS.BSE_IDX,01/07/2025,09:32:08,4397.56,0,0,0,0,0,0
BBGEFS.BSE_IDX,01/07/2025,09:32:16,4396.74,0,0,0,0,0,0
BBGEFS.BSE_IDX,01/07/2025,09:32:24,4396.95,0,0,0,0,0,0
BBGEFS.BSE_IDX,01/07/2025,09:32:32,4397.06,0,0,0,0,0,0
BBGEFS.BSE_IDX,01/07/2025,09:32:40,4396.82,0,0,0,0,0,0
BBGEFS.BSE_IDX,01/07/2025,09:32:48,4397.98,0,0,0,0,0,0
BBGEFS.BSE_IDX,01/07/2025,09:32:56,4398.64,0,0,0,0,0,0
BBGEFS.BSE_IDX,01/07/2025,09:33:04,4399.67,0,0,0,0,0,0
BBGEFS.BSE_IDX,01/07/2025,09:33:12,4399.63,0,0,0,0,0,0
BBGEFS.BSE_IDX,01/07/2025,09:33:20,4399.34,0,0,0,0,0,0
BBGEFS.BSE_IDX,01/07/2025,09:33:28,4400.15,0,0,0,0,0,0
BBGEFS.BSE_IDX,01/07/2025,09:33:36,4399.96,0,0,0,0,0,0
BBGEFS.BSE_IDX,01/07/2025,09:33:44,4400.18,0,0,0,0,0,0
BBGEFS.BSE_IDX,01/07/2025,09:33:52,4399.61,0,0,0,0,0,0
BBGEFS.BSE_IDX,01/07/2025,09:34:00,4399.28,0,0,0,0,0,0
BBGEFS.BSE_IDX,01/07/2025,09:34:08,4398.47,0,0,0,0,0,0
BBGEFS.BSE_IDX,01/07/2025,09:34:16,4398.72,0,0,0,0,0,0
BBGEFS.BSE_IDX,01/07/2025,09:34:24,4398.78,0,0,0,0,0,0
BBGEFS.BSE_IDX,01/07/2025,09:34:32,4398.29,0,0,0,0,0,0
BBGEFS.BSE_IDX,01/07/2025,09:34:40,4398.8,0,0,0,0,0,0
BBGEFS.BSE_IDX,01/07/2025,09:34:48,4398.96,0,0,0,0,0,0
BBGEFS.BSE_IDX,01/07/2025,09:34:56,4399.2,0,0,0,0,0,0
BBGEFS.BSE_IDX,01/07/2025,09:35:05,4399.35,0,0,0,0,0,0
BBGEFS.BSE_IDX,01/07/2025,09:35:12,4399.12,0,0,0,0,0,0
BBGEFS.BSE_IDX,01/07/2025,09:35:20,4398.07,0,0,0,0,0,0
BBGEFS.BSE_IDX,01/07/2025,09:35:28,4397.74,0,0,0,0,0,0
BBGEFS.BSE_IDX,01/07/2025,09:35:36,4398.2,0,0,0,0,0,0
BBGEFS.BSE_IDX,01/07/2025,09:35:44,4397.85,0,0,0,0,0,0
BBGEFS.BSE_IDX,01/07/2025,09:35:52,4396.96,0,0,0,0,0,0
BBGEFS.BSE_IDX,01/07/2025,09:36:00,4396.92,0,0,0,0,0,0
BBGEFS.BSE_IDX,01/07/2025,09:36:08,4396.99,0,0,0,0,0,0
BBGEFS.BSE_IDX,01/07/2025,09:36:16,4396.91,0,0,0,0,0,0
BBGEFS.BSE_IDX,01/07/2025,09:36:24,4397.3,0,0,0,0,0,0
BBGEFS.BSE_IDX,01/07/2025,09:36:33,4396.64,0,0,0,0,0,0
BBGEFS.BSE_IDX,01/07/2025,09:36:40,4395.55,0,0,0,0,0,0
BBGEFS.BSE_IDX,01/07/2025,09:36:48,4396.23,0,0,0,0,0,0
BBGEFS.BSE_IDX,01/07/2025,09:36:56,4395.62,0,0,0,0,0,0
BBGEFS.BSE_IDX,01/07/2025,09:37:04,4396.37,0,0,0,0,0,0
BBGEFS.BSE_IDX,01/07/2025,09:37:12,4396.7,0,0,0,0,0,0
BBGEFS.BSE_IDX,01/07/2025,09:37:20,4396.54,0,0,0,0,0,0
BBGEFS.BSE_IDX,01/07/2025,09:37:28,4397.52,0,0,0,0,0,0
BBGEFS.BSE_IDX,01/07/2025,09:37:36,4396.99,0,0,0,0,0,0
BBGEFS.BSE_IDX,01/07/2025,09:37:44,4397.82,0,0,0,0,0,0
BBGEFS.BSE_IDX,01/07/2025,09:37:52,4397.83,0,0,0,0,0,0
BBGEFS.BSE_IDX,01/07/2025,09:38:00,4398.36,0,0,0,0,0,0
BBGEFS.BSE_IDX,01/07/2025,09:38:08,4398.1,0,0,0,0,0,0
BBGEFS.BSE_IDX,01/07/2025,09:38:16,4397.1,0,0,0,0,0,0
BBGEFS.BSE_IDX,01/07/2025,09:38:24,4397.78,0,0,0,0,0,0
BBGEFS.BSE_IDX,01/07/2025,09:38:32,4397.16,0,0,0,0,0,0
BBGEFS.BSE_IDX,01/07/2025,09:38:40,4396.31,0,0,0,0,0,0
BBGEFS.BSE_IDX,01/07/2025,09:38:48,4397.03,0,0,0,0,0,0
BBGEFS.BSE_IDX,01/07/2025,09:38:56,4397.06,0,0,0,0,0,0
BBGEFS.BSE_IDX,01/07/2025,09:39:04,4396.07,0,0,0,0,0,0
BBGEFS.BSE_IDX,01/07/2025,09:39:12,4396.44,0,0,0,0,0,0
BBGEFS.BSE_IDX,01/07/2025,09:39:20,4396.71,0,0,0,0,0,0
BBGEFS.BSE_IDX,01/07/2025,09:39:28,4396.65,0,0,0,0,0,0
BBGEFS.BSE_IDX,01/07/2025,09:39:36,4396.43,0,0,0,0,0,0
BBGEFS.BSE_IDX,01/07/2025,09:39:44,4397.19,0,0,0,0,0,0
BBGEFS.BSE_IDX,01/07/2025,09:39:52,4397.62,0,0,0,0,0,0
BBGEFS.BSE_IDX,01/07/2025,09:40:00,4397.73,0,0,0,0,0,0
BBGEFS.BSE_IDX,01/07/2025,09:40:08,4398.27,0,0,0,0,0,0
BBGEFS.BSE_IDX,01/07/2025,09:40:16,4398.56,0,0,0,0,0,0
BBGEFS.BSE_IDX,01/07/2025,09:40:24,4399.05,0,0,0,0,0,0
BBGEFS.BSE_IDX,01/07/2025,09:40:32,4398.01,0,0,0,0,0,0
BBGEFS.BSE_IDX,01/07/2025,09:40:40,4397.9,0,0,0,0,0,0
BBGEFS.BSE_IDX,01/07/2025,09:40:48,4397.43,0,0,0,0,0,0
BBGEFS.BSE_IDX,01/07/2025,09:40:56,4397.95,0,0,0,0,0,0
BBGEFS.BSE_IDX,01/07/2025,09:41:04,4397.37,0,0,0,0,0,0
BBGEFS.BSE_IDX,01/07/2025,09:41:12,4397.35,0,0,0,0,0,0
BBGEFS.BSE_IDX,01/07/2025,09:41:20,4398.2,0,0,0,0,0,0
BBGEFS.BSE_IDX,01/07/2025,09:41:28,4397.99,0,0,0,0,0,0
BBGEFS.BSE_IDX,01/07/2025,09:41:36,4398.43,0,0,0,0,0,0
BBGEFS.BSE_IDX,01/07/2025,09:41:44,4398.14,0,0,0,0,0,0
BBGEFS.BSE_IDX,01/07/2025,09:41:52,4398.09,0,0,0,0,0,0
BBGEFS.BSE_IDX,01/07/2025,09:42:00,4398.02,0,0,0,0,0,0
BBGEFS.BSE_IDX,01/07/2025,09:42:08,4398.82,0,0,0,0,0,0
BBGEFS.BSE_IDX,01/07/2025,09:42:16,4398.73,0,0,0,0,0,0
BBGEFS.BSE_IDX,01/07/2025,09:42:24,4398.1,0,0,0,0,0,0
BBGEFS.BSE_IDX,01/07/2025,09:42:32,4397.74,0,0,0,0,0,0
BBGEFS.BSE_IDX,01/07/2025,09:42:40,4398.11,0,0,0,0,0,0
BBGEFS.BSE_IDX,01/07/2025,09:42:48,4398.09,0,0,0,0,0,0
BBGEFS.BSE_IDX,01/07/2025,09:42:56,4399.65,0,0,0,0,0,0
BBGEFS.BSE_IDX,01/07/2025,09:43:04,4399.3,0,0,0,0,0,0
BBGEFS.BSE_IDX,01/07/2025,09:43:12,4399.36,0,0,0,0,0,0
BBGEFS.BSE_IDX,01/07/2025,09:43:20,4398.94,0,0,0,0,0,0
BBGEFS.BSE_IDX,01/07/2025,09:43:28,4399.53,0,0,0,0,0,0
BBGEFS.BSE_IDX,01/07/2025,09:43:36,4399.43,0,0,0,0,0,0
BBGEFS.BSE_IDX,01/07/2025,09:43:44,4399.11,0,0,0,0,0,0
BBGEFS.BSE_IDX,01/07/2025,09:43:53,4398.75,0,0,0,0,0,0
BBGEFS.BSE_IDX,01/07/2025,09:44:00,4399.11,0,0,0,0,0,0
BBGEFS.BSE_IDX,01/07/2025,09:44:08,4399.08,0,0,0,0,0,0
BBGEFS.BSE_IDX,01/07/2025,09:44:16,4399.05,0,0,0,0,0,0
BBGEFS.BSE_IDX,01/07/2025,09:44:24,4399.67,0,0,0,0,0,0
BBGEFS.BSE_IDX,01/07/2025,09:44:32,4399.55,0,0,0,0,0,0
BBGEFS.BSE_IDX,01/07/2025,09:44:40,4399.11,0,0,0,0,0,0
BBGEFS.BSE_IDX,01/07/2025,09:44:48,4398.97,0,0,0,0,0,0
BBGEFS.BSE_IDX,01/07/2025,09:44:56,4398.69,0,0,0,0,0,0
BBGEFS.BSE_IDX,01/07/2025,09:45:05,4398.2,0,0,0,0,0,0
BBGEFS.BSE_IDX,01/07/2025,09:45:12,4397.72,0,0,0,0,0,0
BBGEFS.BSE_IDX,01/07/2025,09:45:20,4397.46,0,0,0,0,0,0
BBGEFS.BSE_IDX,01/07/2025,09:45:28,4398.38,0,0,0,0,0,0
BBGEFS.BSE_IDX,01/07/2025,09:45:36,4397.3,0,0,0,0,0,0
BBGEFS.BSE_IDX,01/07/2025,09:45:44,4396.68,0,0,0,0,0,0
BBGEFS.BSE_IDX,01/07/2025,09:45:52,4396.53,0,0,0,0,0,0
BBGEFS.BSE_IDX,01/07/2025,09:46:01,4397.03,0,0,0,0,0,0
BBGEFS.BSE_IDX,01/07/2025,09:46:08,4396.02,0,0,0,0,0,0
BBGEFS.BSE_IDX,01/07/2025,09:46:16,4395.69,0,0,0,0,0,0
BBGEFS.BSE_IDX,01/07/2025,09:46:24,4395.33,0,0,0,0,0,0
BBGEFS.BSE_IDX,01/07/2025,09:46:32,4395.23,0,0,0,0,0,0
BBGEFS.BSE_IDX,01/07/2025,09:46:40,4395.6,0,0,0,0,0,0
BBGEFS.BSE_IDX,01/07/2025,09:46:48,4395.53,0,0,0,0,0,0
BBGEFS.BSE_IDX,01/07/2025,09:46:56,4395.66,0,0,0,0,0,0
BBGEFS.BSE_IDX,01/07/2025,09:47:04,4395.18,0,0,0,0,0,0
BBGEFS.BSE_IDX,01/07/2025,09:47:12,4395.21,0,0,0,0,0,0
BBGEFS.BSE_IDX,01/07/2025,09:47:20,4395.62,0,0,0,0,0,0
BBGEFS.BSE_IDX,01/07/2025,09:47:28,4395.32,0,0,0,0,0,0
BBGEFS.BSE_IDX,01/07/2025,09:47:36,4395,0,0,0,0,0,0
BBGEFS.BSE_IDX,01/07/2025,09:47:44,4395.4,0,0,0,0,0,0
BBGEFS.BSE_IDX,01/07/2025,09:47:52,4395.91,0,0,0,0,0,0
BBGEFS.BSE_IDX,01/07/2025,09:48:00,4396.87,0,0,0,0,0,0
BBGEFS.BSE_IDX,01/07/2025,09:48:08,4396.91,0,0,0,0,0,0
BBGEFS.BSE_IDX,01/07/2025,09:48:16,4396.87,0,0,0,0,0,0
BBGEFS.BSE_IDX,01/07/2025,09:48:24,4397.25,0,0,0,0,0,0
BBGEFS.BSE_IDX,01/07/2025,09:48:32,4397.55,0,0,0,0,0,0
BBGEFS.BSE_IDX,01/07/2025,09:48:40,4397.23,0,0,0,0,0,0
BBGEFS.BSE_IDX,01/07/2025,09:48:48,4396.94,0,0,0,0,0,0
BBGEFS.BSE_IDX,01/07/2025,09:48:56,4396.98,0,0,0,0,0,0
BBGEFS.BSE_IDX,01/07/2025,09:49:04,4397.23,0,0,0,0,0,0
BBGEFS.BSE_IDX,01/07/2025,09:49:12,4398,0,0,0,0,0,0
BBGEFS.BSE_IDX,01/07/2025,09:49:20,4397.81,0,0,0,0,0,0
BBGEFS.BSE_IDX,01/07/2025,09:49:28,4398.81,0,0,0,0,0,0
BBGEFS.BSE_IDX,01/07/2025,09:49:36,4399.1,0,0,0,0,0,0
BBGEFS.BSE_IDX,01/07/2025,09:49:44,4399.43,0,0,0,0,0,0
BBGEFS.BSE_IDX,01/07/2025,09:49:52,4399.38,0,0,0,0,0,0
BBGEFS.BSE_IDX,01/07/2025,09:50:00,4399.32,0,0,0,0,0,0
BBGEFS.BSE_IDX,01/07/2025,09:50:08,4399.34,0,0,0,0,0,0
BBGEFS.BSE_IDX,01/07/2025,09:50:16,4399.16,0,0,0,0,0,0
BBGEFS.BSE_IDX,01/07/2025,09:50:24,4399.42,0,0,0,0,0,0
BBGEFS.BSE_IDX,01/07/2025,09:50:32,4398.94,0,0,0,0,0,0
BBGEFS.BSE_IDX,01/07/2025,09:50:40,4397.75,0,0,0,0,0,0
BBGEFS.BSE_IDX,01/07/2025,09:50:48,4398.24,0,0,0,0,0,0
BBGEFS.BSE_IDX,01/07/2025,09:50:57,4398.56,0,0,0,0,0,0
BBGEFS.BSE_IDX,01/07/2025,09:51:04,4397.52,0,0,0,0,0,0
BBGEFS.BSE_IDX,01/07/2025,09:51:12,4397.93,0,0,0,0,0,0
BBGEFS.BSE_IDX,01/07/2025,09:51:20,4397.58,0,0,0,0,0,0
BBGEFS.BSE_IDX,01/07/2025,09:51:28,4397.38,0,0,0,0,0,0
BBGEFS.BSE_IDX,01/07/2025,09:51:37,4396.48,0,0,0,0,0,0
BBGEFS.BSE_IDX,01/07/2025,09:51:44,4396.91,0,0,0,0,0,0
BBGEFS.BSE_IDX,01/07/2025,09:51:52,4396.75,0,0,0,0,0,0
BBGEFS.BSE_IDX,01/07/2025,09:52:01,4396.52,0,0,0,0,0,0
BBGEFS.BSE_IDX,01/07/2025,09:52:08,4396.3,0,0,0,0,0,0
BBGEFS.BSE_IDX,01/07/2025,09:52:17,4396.09,0,0,0,0,0,0
BBGEFS.BSE_IDX,01/07/2025,09:52:24,4395.77,0,0,0,0,0,0
BBGEFS.BSE_IDX,01/07/2025,09:52:32,4396.38,0,0,0,0,0,0
BBGEFS.BSE_IDX,01/07/2025,09:52:40,4396.06,0,0,0,0,0,0
BBGEFS.BSE_IDX,01/07/2025,09:52:48,4396.03,0,0,0,0,0,0
BBGEFS.BSE_IDX,01/07/2025,09:52:57,4396.02,0,0,0,0,0,0
BBGEFS.BSE_IDX,01/07/2025,09:53:04,4395.93,0,0,0,0,0,0
BBGEFS.BSE_IDX,01/07/2025,09:53:13,4395.8,0,0,0,0,0,0
BBGEFS.BSE_IDX,01/07/2025,09:53:20,4396.53,0,0,0,0,0,0
BBGEFS.BSE_IDX,01/07/2025,09:53:28,4395.85,0,0,0,0,0,0
BBGEFS.BSE_IDX,01/07/2025,09:53:36,4395.63,0,0,0,0,0,0
BBGEFS.BSE_IDX,01/07/2025,09:53:44,4394.86,0,0,0,0,0,0
BBGEFS.BSE_IDX,01/07/2025,09:53:52,4394.43,0,0,0,0,0,0
BBGEFS.BSE_IDX,01/07/2025,09:54:00,4394.08,0,0,0,0,0,0
BBGEFS.BSE_IDX,01/07/2025,09:54:08,4392.88,0,0,0,0,0,0
BBGEFS.BSE_IDX,01/07/2025,09:54:16,4394.26,0,0,0,0,0,0
BBGEFS.BSE_IDX,01/07/2025,09:54:24,4393.37,0,0,0,0,0,0
BBGEFS.BSE_IDX,01/07/2025,09:54:32,4393.55,0,0,0,0,0,0
BBGEFS.BSE_IDX,01/07/2025,09:54:40,4393.34,0,0,0,0,0,0
BBGEFS.BSE_IDX,01/07/2025,09:54:48,4393.33,0,0,0,0,0,0
BBGEFS.BSE_IDX,01/07/2025,09:54:56,4393.37,0,0,0,0,0,0
BBGEFS.BSE_IDX,01/07/2025,09:55:04,4393,0,0,0,0,0,0
BBGEFS.BSE_IDX,01/07/2025,09:55:12,4392.91,0,0,0,0,0,0
BBGEFS.BSE_IDX,01/07/2025,09:55:20,4392.4,0,0,0,0,0,0
BBGEFS.BSE_IDX,01/07/2025,09:55:28,4393.02,0,0,0,0,0,0
BBGEFS.BSE_IDX,01/07/2025,09:55:36,4393.14,0,0,0,0,0,0
BBGEFS.BSE_IDX,01/07/2025,09:55:44,4392.77,0,0,0,0,0,0
BBGEFS.BSE_IDX,01/07/2025,09:55:52,4392.2,0,0,0,0,0,0
BBGEFS.BSE_IDX,01/07/2025,09:56:00,4392.06,0,0,0,0,0,0
BBGEFS.BSE_IDX,01/07/2025,09:56:08,4392.13,0,0,0,0,0,0
BBGEFS.BSE_IDX,01/07/2025,09:56:16,4392.19,0,0,0,0,0,0
BBGEFS.BSE_IDX,01/07/2025,09:56:25,4392.44,0,0,0,0,0,0
BBGEFS.BSE_IDX,01/07/2025,09:56:33,4392.44,0,0,0,0,0,0
BBGEFS.BSE_IDX,01/07/2025,09:56:41,4391.78,0,0,0,0,0,0
BBGEFS.BSE_IDX,01/07/2025,09:56:48,4391.87,0,0,0,0,0,0
BBGEFS.BSE_IDX,01/07/2025,09:56:57,4391.02,0,0,0,0,0,0
BBGEFS.BSE_IDX,01/07/2025,09:57:04,4391.14,0,0,0,0,0,0
BBGEFS.BSE_IDX,01/07/2025,09:57:12,4391.11,0,0,0,0,0,0
BBGEFS.BSE_IDX,01/07/2025,09:57:20,4391.9,0,0,0,0,0,0
BBGEFS.BSE_IDX,01/07/2025,09:57:28,4391.85,0,0,0,0,0,0
BBGEFS.BSE_IDX,01/07/2025,09:57:36,4391.54,0,0,0,0,0,0
BBGEFS.BSE_IDX,01/07/2025,09:57:44,4392.35,0,0,0,0,0,0
BBGEFS.BSE_IDX,01/07/2025,09:57:52,4392.47,0,0,0,0,0,0
BBGEFS.BSE_IDX,01/07/2025,09:58:00,4392.24,0,0,0,0,0,0
BBGEFS.BSE_IDX,01/07/2025,09:58:08,4392.59,0,0,0,0,0,0
BBGEFS.BSE_IDX,01/07/2025,09:58:16,4392.62,0,0,0,0,0,0
BBGEFS.BSE_IDX,01/07/2025,09:58:24,4392.03,0,0,0,0,0,0
BBGEFS.BSE_IDX,01/07/2025,09:58:32,4392.42,0,0,0,0,0,0
BBGEFS.BSE_IDX,01/07/2025,09:58:40,4392.87,0,0,0,0,0,0
BBGEFS.BSE_IDX,01/07/2025,09:58:48,4392.91,0,0,0,0,0,0
BBGEFS.BSE_IDX,01/07/2025,09:58:56,4392.91,0,0,0,0,0,0
BBGEFS.BSE_IDX,01/07/2025,09:59:05,4394.38,0,0,0,0,0,0
BBGEFS.BSE_IDX,01/07/2025,09:59:12,4394.22,0,0,0,0,0,0
BBGEFS.BSE_IDX,01/07/2025,09:59:20,4394.68,0,0,0,0,0,0
BBGEFS.BSE_IDX,01/07/2025,09:59:28,4394.78,0,0,0,0,0,0
BBGEFS.BSE_IDX,01/07/2025,09:59:36,4394.54,0,0,0,0,0,0
BBGEFS.BSE_IDX,01/07/2025,09:59:45,4395.16,0,0,0,0,0,0
BBGEFS.BSE_IDX,01/07/2025,09:59:52,4395.03,0,0,0,0,0,0
BBGEFS.BSE_IDX,01/07/2025,10:00:01,4394.37,0,0,0,0,0,0
BBGEFS.BSE_IDX,01/07/2025,10:00:08,4395.27,0,0,0,0,0,0
BBGEFS.BSE_IDX,01/07/2025,10:00:16,4395.85,0,0,0,0,0,0
BBGEFS.BSE_IDX,01/07/2025,10:00:25,4395.49,0,0,0,0,0,0
BBGEFS.BSE_IDX,01/07/2025,10:00:32,4394.68,0,0,0,0,0,0
BBGEFS.BSE_IDX,01/07/2025,10:00:40,4395,0,0,0,0,0,0
BBGEFS.BSE_IDX,01/07/2025,10:00:49,4394.86,0,0,0,0,0,0
BBGEFS.BSE_IDX,01/07/2025,10:00:57,4395.16,0,0,0,0,0,0
BBGEFS.BSE_IDX,01/07/2025,10:01:04,4393.88,0,0,0,0,0,0
BBGEFS.BSE_IDX,01/07/2025,10:01:12,4392.95,0,0,0,0,0,0
BBGEFS.BSE_IDX,01/07/2025,10:01:21,4392.68,0,0,0,0,0,0
BBGEFS.BSE_IDX,01/07/2025,10:01:29,4391.86,0,0,0,0,0,0
BBGEFS.BSE_IDX,01/07/2025,10:01:37,4392.12,0,0,0,0,0,0
BBGEFS.BSE_IDX,01/07/2025,10:01:44,4391.82,0,0,0,0,0,0
BBGEFS.BSE_IDX,01/07/2025,10:01:52,4391.62,0,0,0,0,0,0
BBGEFS.BSE_IDX,01/07/2025,10:02:00,4391.49,0,0,0,0,0,0
BBGEFS.BSE_IDX,01/07/2025,10:02:09,4391.6,0,0,0,0,0,0
BBGEFS.BSE_IDX,01/07/2025,10:02:17,4390.58,0,0,0,0,0,0
BBGEFS.BSE_IDX,01/07/2025,10:02:24,4390.92,0,0,0,0,0,0
BBGEFS.BSE_IDX,01/07/2025,10:02:32,4390.44,0,0,0,0,0,0
BBGEFS.BSE_IDX,01/07/2025,10:02:41,4390.07,0,0,0,0,0,0
BBGEFS.BSE_IDX,01/07/2025,10:02:49,4390.62,0,0,0,0,0,0
BBGEFS.BSE_IDX,01/07/2025,10:02:57,4389.79,0,0,0,0,0,0
BBGEFS.BSE_IDX,01/07/2025,10:03:04,4389.92,0,0,0,0,0,0
BBGEFS.BSE_IDX,01/07/2025,10:03:13,4389.82,0,0,0,0,0,0
BBGEFS.BSE_IDX,01/07/2025,10:03:20,4388.8,0,0,0,0,0,0
BBGEFS.BSE_IDX,01/07/2025,10:03:29,4388.12,0,0,0,0,0,0
BBGEFS.BSE_IDX,01/07/2025,10:03:37,4388.39,0,0,0,0,0,0
BBGEFS.BSE_IDX,01/07/2025,10:03:45,4388.22,0,0,0,0,0,0
BBGEFS.BSE_IDX,01/07/2025,10:03:53,4388.68,0,0,0,0,0,0
BBGEFS.BSE_IDX,01/07/2025,10:04:01,4388.63,0,0,0,0,0,0
BBGEFS.BSE_IDX,01/07/2025,10:04:09,4388.47,0,0,0,0,0,0
BBGEFS.BSE_IDX,01/07/2025,10:04:17,4388.2,0,0,0,0,0,0
BBGEFS.BSE_IDX,01/07/2025,10:04:25,4388.08,0,0,0,0,0,0
BBGEFS.BSE_IDX,01/07/2025,10:04:33,4389.18,0,0,0,0,0,0
BBGEFS.BSE_IDX,01/07/2025,10:04:41,4389.17,0,0,0,0,0,0
BBGEFS.BSE_IDX,01/07/2025,10:04:50,4389.54,0,0,0,0,0,0
BBGEFS.BSE_IDX,01/07/2025,10:04:57,4389.51,0,0,0,0,0,0
BBGEFS.BSE_IDX,01/07/2025,10:05:05,4389.01,0,0,0,0,0,0
BBGEFS.BSE_IDX,01/07/2025,10:05:14,4388.33,0,0,0,0,0,0
BBGEFS.BSE_IDX,01/07/2025,10:05:21,4387.79,0,0,0,0,0,0
BBGEFS.BSE_IDX,01/07/2025,10:05:29,4388.03,0,0,0,0,0,0
BBGEFS.BSE_IDX,01/07/2025,10:05:37,4387.54,0,0,0,0,0,0
BBGEFS.BSE_IDX,01/07/2025,10:05:45,4387.97,0,0,0,0,0,0
BBGEFS.BSE_IDX,01/07/2025,10:05:53,4388.66,0,0,0,0,0,0
BBGEFS.BSE_IDX,01/07/2025,10:06:01,4388.86,0,0,0,0,0,0
BBGEFS.BSE_IDX,01/07/2025,10:06:09,4388.44,0,0,0,0,0,0
BBGEFS.BSE_IDX,01/07/2025,10:06:17,4389.39,0,0,0,0,0,0
BBGEFS.BSE_IDX,01/07/2025,10:06:25,4389.46,0,0,0,0,0,0
BBGEFS.BSE_IDX,01/07/2025,10:06:33,4390,0,0,0,0,0,0
BBGEFS.BSE_IDX,01/07/2025,10:06:41,4389.77,0,0,0,0,0,0
BBGEFS.BSE_IDX,01/07/2025,10:06:49,4389.35,0,0,0,0,0,0
BBGEFS.BSE_IDX,01/07/2025,10:06:57,4389.39,0,0,0,0,0,0
BBGEFS.BSE_IDX,01/07/2025,10:07:05,4389.66,0,0,0,0,0,0
BBGEFS.BSE_IDX,01/07/2025,10:07:13,4389.71,0,0,0,0,0,0
BBGEFS.BSE_IDX,01/07/2025,10:07:21,4390.09,0,0,0,0,0,0
BBGEFS.BSE_IDX,01/07/2025,10:07:29,4389.92,0,0,0,0,0,0
BBGEFS.BSE_IDX,01/07/2025,10:07:37,4390.69,0,0,0,0,0,0
BBGEFS.BSE_IDX,01/07/2025,10:07:45,4390.5,0,0,0,0,0,0
BBGEFS.BSE_IDX,01/07/2025,10:07:53,4390.52,0,0,0,0,0,0
BBGEFS.BSE_IDX,01/07/2025,10:08:01,4390.54,0,0,0,0,0,0
BBGEFS.BSE_IDX,01/07/2025,10:08:09,4390.92,0,0,0,0,0,0
BBGEFS.BSE_IDX,01/07/2025,10:08:17,4391.6,0,0,0,0,0,0
BBGEFS.BSE_IDX,01/07/2025,10:08:25,4391.33,0,0,0,0,0,0
BBGEFS.BSE_IDX,01/07/2025,10:08:33,4391.67,0,0,0,0,0,0
BBGEFS.BSE_IDX,01/07/2025,10:08:41,4391.03,0,0,0,0,0,0
BBGEFS.BSE_IDX,01/07/2025,10:08:49,4391.06,0,0,0,0,0,0
BBGEFS.BSE_IDX,01/07/2025,10:08:57,4390.97,0,0,0,0,0,0
BBGEFS.BSE_IDX,01/07/2025,10:09:05,4389.82,0,0,0,0,0,0
BBGEFS.BSE_IDX,01/07/2025,10:09:13,4389.74,0,0,0,0,0,0
BBGEFS.BSE_IDX,01/07/2025,10:09:21,4390.08,0,0,0,0,0,0
BBGEFS.BSE_IDX,01/07/2025,10:09:29,4389.81,0,0,0,0,0,0
BBGEFS.BSE_IDX,01/07/2025,10:09:37,4390.37,0,0,0,0,0,0
BBGEFS.BSE_IDX,01/07/2025,10:09:45,4390.46,0,0,0,0,0,0
BBGEFS.BSE_IDX,01/07/2025,10:09:53,4390.55,0,0,0,0,0,0
BBGEFS.BSE_IDX,01/07/2025,10:10:01,4390.6,0,0,0,0,0,0
BBGEFS.BSE_IDX,01/07/2025,10:10:09,4390.72,0,0,0,0,0,0
BBGEFS.BSE_IDX,01/07/2025,10:10:17,4390.72,0,0,0,0,0,0
BBGEFS.BSE_IDX,01/07/2025,10:10:25,4390.48,0,0,0,0,0,0
BBGEFS.BSE_IDX,01/07/2025,10:10:33,4391.28,0,0,0,0,0,0
BBGEFS.BSE_IDX,01/07/2025,10:10:41,4391.19,0,0,0,0,0,0
BBGEFS.BSE_IDX,01/07/2025,10:10:49,4391.37,0,0,0,0,0,0
BBGEFS.BSE_IDX,01/07/2025,10:10:57,4391.21,0,0,0,0,0,0
BBGEFS.BSE_IDX,01/07/2025,10:11:05,4391.15,0,0,0,0,0,0
BBGEFS.BSE_IDX,01/07/2025,10:11:13,4390.82,0,0,0,0,0,0
BBGEFS.BSE_IDX,01/07/2025,10:11:22,4390.6,0,0,0,0,0,0
BBGEFS.BSE_IDX,01/07/2025,10:11:29,4389.63,0,0,0,0,0,0
BBGEFS.BSE_IDX,01/07/2025,10:11:37,4389.2,0,0,0,0,0,0
BBGEFS.BSE_IDX,01/07/2025,10:11:45,4388.88,0,0,0,0,0,0
BBGEFS.BSE_IDX,01/07/2025,10:11:53,4388.96,0,0,0,0,0,0
BBGEFS.BSE_IDX,01/07/2025,10:12:01,4390.24,0,0,0,0,0,0
BBGEFS.BSE_IDX,01/07/2025,10:12:09,4390.31,0,0,0,0,0,0
BBGEFS.BSE_IDX,01/07/2025,10:12:17,4389.51,0,0,0,0,0,0
BBGEFS.BSE_IDX,01/07/2025,10:12:25,4389.53,0,0,0,0,0,0
BBGEFS.BSE_IDX,01/07/2025,10:12:33,4390.13,0,0,0,0,0,0
BBGEFS.BSE_IDX,01/07/2025,10:12:41,4389.76,0,0,0,0,0,0
BBGEFS.BSE_IDX,01/07/2025,10:12:49,4388.45,0,0,0,0,0,0
BBGEFS.BSE_IDX,01/07/2025,10:12:57,4388.02,0,0,0,0,0,0
BBGEFS.BSE_IDX,01/07/2025,10:13:05,4388.04,0,0,0,0,0,0
BBGEFS.BSE_IDX,01/07/2025,10:13:13,4388.23,0,0,0,0,0,0
BBGEFS.BSE_IDX,01/07/2025,10:13:21,4388.39,0,0,0,0,0,0
BBGEFS.BSE_IDX,01/07/2025,10:13:29,4388.39,0,0,0,0,0,0
BBGEFS.BSE_IDX,01/07/2025,10:13:37,4388.37,0,0,0,0,0,0
BBGEFS.BSE_IDX,01/07/2025,10:13:45,4388.38,0,0,0,0,0,0
BBGEFS.BSE_IDX,01/07/2025,10:13:53,4388.35,0,0,0,0,0,0
BBGEFS.BSE_IDX,01/07/2025,10:14:01,4388.07,0,0,0,0,0,0
BBGEFS.BSE_IDX,01/07/2025,10:14:09,4388.36,0,0,0,0,0,0
BBGEFS.BSE_IDX,01/07/2025,10:14:17,4388.83,0,0,0,0,0,0
BBGEFS.BSE_IDX,01/07/2025,10:14:25,4388.74,0,0,0,0,0,0
BBGEFS.BSE_IDX,01/07/2025,10:14:33,4388.69,0,0,0,0,0,0
BBGEFS.BSE_IDX,01/07/2025,10:14:41,4387.54,0,0,0,0,0,0
BBGEFS.BSE_IDX,01/07/2025,10:14:49,4387.51,0,0,0,0,0,0
BBGEFS.BSE_IDX,01/07/2025,10:14:57,4387.77,0,0,0,0,0,0
BBGEFS.BSE_IDX,01/07/2025,10:15:05,4387.48,0,0,0,0,0,0
BBGEFS.BSE_IDX,01/07/2025,10:15:13,4386.36,0,0,0,0,0,0
BBGEFS.BSE_IDX,01/07/2025,10:15:21,4386.99,0,0,0,0,0,0
BBGEFS.BSE_IDX,01/07/2025,10:15:29,4386.74,0,0,0,0,0,0
BBGEFS.BSE_IDX,01/07/2025,10:15:37,4387,0,0,0,0,0,0
BBGEFS.BSE_IDX,01/07/2025,10:15:45,4387.05,0,0,0,0,0,0
BBGEFS.BSE_IDX,01/07/2025,10:15:53,4386.83,0,0,0,0,0,0
BBGEFS.BSE_IDX,01/07/2025,10:16:01,4386.79,0,0,0,0,0,0
BBGEFS.BSE_IDX,01/07/2025,10:16:09,4386.65,0,0,0,0,0,0
BBGEFS.BSE_IDX,01/07/2025,10:16:17,4386.3,0,0,0,0,0,0
BBGEFS.BSE_IDX,01/07/2025,10:16:25,4386.49,0,0,0,0,0,0
BBGEFS.BSE_IDX,01/07/2025,10:16:33,4386.6,0,0,0,0,0,0
BBGEFS.BSE_IDX,01/07/2025,10:16:41,4386.72,0,0,0,0,0,0
BBGEFS.BSE_IDX,01/07/2025,10:16:49,4386.23,0,0,0,0,0,0
BBGEFS.BSE_IDX,01/07/2025,10:16:57,4386.36,0,0,0,0,0,0
BBGEFS.BSE_IDX,01/07/2025,10:17:05,4386.39,0,0,0,0,0,0
BBGEFS.BSE_IDX,01/07/2025,10:17:13,4386.43,0,0,0,0,0,0
BBGEFS.BSE_IDX,01/07/2025,10:17:21,4386.86,0,0,0,0,0,0
BBGEFS.BSE_IDX,01/07/2025,10:17:29,4386.67,0,0,0,0,0,0
BBGEFS.BSE_IDX,01/07/2025,10:17:37,4386.52,0,0,0,0,0,0
BBGEFS.BSE_IDX,01/07/2025,10:17:45,4387.43,0,0,0,0,0,0
BBGEFS.BSE_IDX,01/07/2025,10:17:53,4387.51,0,0,0,0,0,0
BBGEFS.BSE_IDX,01/07/2025,10:18:01,4387.43,0,0,0,0,0,0
BBGEFS.BSE_IDX,01/07/2025,10:18:09,4387.78,0,0,0,0,0,0
BBGEFS.BSE_IDX,01/07/2025,10:18:17,4388.25,0,0,0,0,0,0
BBGEFS.BSE_IDX,01/07/2025,10:18:25,4388.33,0,0,0,0,0,0
BBGEFS.BSE_IDX,01/07/2025,10:18:33,4387.98,0,0,0,0,0,0
BBGEFS.BSE_IDX,01/07/2025,10:18:41,4387.48,0,0,0,0,0,0
BBGEFS.BSE_IDX,01/07/2025,10:18:49,4387.62,0,0,0,0,0,0
BBGEFS.BSE_IDX,01/07/2025,10:18:57,4387.5,0,0,0,0,0,0
BBGEFS.BSE_IDX,01/07/2025,10:19:05,4387.14,0,0,0,0,0,0
BBGEFS.BSE_IDX,01/07/2025,10:19:13,4387.16,0,0,0,0,0,0
BBGEFS.BSE_IDX,01/07/2025,10:19:21,4387.15,0,0,0,0,0,0
BBGEFS.BSE_IDX,01/07/2025,10:19:29,4387.37,0,0,0,0,0,0
BBGEFS.BSE_IDX,01/07/2025,10:19:37,4386.67,0,0,0,0,0,0
BBGEFS.BSE_IDX,01/07/2025,10:19:45,4387.2,0,0,0,0,0,0
BBGEFS.BSE_IDX,01/07/2025,10:19:53,4386.78,0,0,0,0,0,0
BBGEFS.BSE_IDX,01/07/2025,10:20:01,4387.35,0,0,0,0,0,0
BBGEFS.BSE_IDX,01/07/2025,10:20:09,4387.35,0,0,0,0,0,0
BBGEFS.BSE_IDX,01/07/2025,10:20:17,4386.75,0,0,0,0,0,0
BBGEFS.BSE_IDX,01/07/2025,10:20:25,4387.45,0,0,0,0,0,0
BBGEFS.BSE_IDX,01/07/2025,10:20:33,4387.51,0,0,0,0,0,0
BBGEFS.BSE_IDX,01/07/2025,10:20:41,4387.57,0,0,0,0,0,0
BBGEFS.BSE_IDX,01/07/2025,10:20:49,4387.28,0,0,0,0,0,0
BBGEFS.BSE_IDX,01/07/2025,10:20:57,4386.98,0,0,0,0,0,0
BBGEFS.BSE_IDX,01/07/2025,10:21:05,4387.19,0,0,0,0,0,0
BBGEFS.BSE_IDX,01/07/2025,10:21:13,4386.33,0,0,0,0,0,0
BBGEFS.BSE_IDX,01/07/2025,10:21:21,4386.12,0,0,0,0,0,0
BBGEFS.BSE_IDX,01/07/2025,10:21:29,4385.91,0,0,0,0,0,0
BBGEFS.BSE_IDX,01/07/2025,10:21:37,4386.08,0,0,0,0,0,0
BBGEFS.BSE_IDX,01/07/2025,10:21:45,4385.21,0,0,0,0,0,0
BBGEFS.BSE_IDX,01/07/2025,10:21:53,4385.65,0,0,0,0,0,0
BBGEFS.BSE_IDX,01/07/2025,10:22:01,4385.85,0,0,0,0,0,0
BBGEFS.BSE_IDX,01/07/2025,10:22:09,4385.53,0,0,0,0,0,0
BBGEFS.BSE_IDX,01/07/2025,10:22:17,4385.24,0,0,0,0,0,0
BBGEFS.BSE_IDX,01/07/2025,10:22:25,4384.9,0,0,0,0,0,0
BBGEFS.BSE_IDX,01/07/2025,10:22:33,4384.64,0,0,0,0,0,0
BBGEFS.BSE_IDX,01/07/2025,10:22:41,4384.98,0,0,0,0,0,0
BBGEFS.BSE_IDX,01/07/2025,10:22:49,4384.89,0,0,0,0,0,0
BBGEFS.BSE_IDX,01/07/2025,10:22:57,4385.18,0,0,0,0,0,0
BBGEFS.BSE_IDX,01/07/2025,10:23:05,4385.55,0,0,0,0,0,0
BBGEFS.BSE_IDX,01/07/2025,10:23:13,4385.79,0,0,0,0,0,0
BBGEFS.BSE_IDX,01/07/2025,10:23:21,4385.28,0,0,0,0,0,0
BBGEFS.BSE_IDX,01/07/2025,10:23:29,4386.15,0,0,0,0,0,0
BBGEFS.BSE_IDX,01/07/2025,10:23:37,4386.47,0,0,0,0,0,0
BBGEFS.BSE_IDX,01/07/2025,10:23:45,4385.95,0,0,0,0,0,0
BBGEFS.BSE_IDX,01/07/2025,10:23:53,4386.4,0,0,0,0,0,0
BBGEFS.BSE_IDX,01/07/2025,10:24:01,4386.96,0,0,0,0,0,0
BBGEFS.BSE_IDX,01/07/2025,10:24:09,4386.73,0,0,0,0,0,0
BBGEFS.BSE_IDX,01/07/2025,10:24:17,4386.26,0,0,0,0,0,0
BBGEFS.BSE_IDX,01/07/2025,10:24:25,4386.61,0,0,0,0,0,0
BBGEFS.BSE_IDX,01/07/2025,10:24:33,4385.86,0,0,0,0,0,0
BBGEFS.BSE_IDX,01/07/2025,10:24:41,4385.39,0,0,0,0,0,0
BBGEFS.BSE_IDX,01/07/2025,10:24:49,4385.33,0,0,0,0,0,0
BBGEFS.BSE_IDX,01/07/2025,10:24:57,4385.13,0,0,0,0,0,0
BBGEFS.BSE_IDX,01/07/2025,10:25:05,4385.1,0,0,0,0,0,0
BBGEFS.BSE_IDX,01/07/2025,10:25:13,4385.63,0,0,0,0,0,0
BBGEFS.BSE_IDX,01/07/2025,10:25:21,4385.75,0,0,0,0,0,0
BBGEFS.BSE_IDX,01/07/2025,10:25:29,4385.41,0,0,0,0,0,0
BBGEFS.BSE_IDX,01/07/2025,10:25:37,4386.16,0,0,0,0,0,0
BBGEFS.BSE_IDX,01/07/2025,10:25:45,4386.42,0,0,0,0,0,0
BBGEFS.BSE_IDX,01/07/2025,10:25:53,4386.63,0,0,0,0,0,0
BBGEFS.BSE_IDX,01/07/2025,10:26:01,4386.91,0,0,0,0,0,0
BBGEFS.BSE_IDX,01/07/2025,10:26:09,4386.62,0,0,0,0,0,0
BBGEFS.BSE_IDX,01/07/2025,10:26:17,4386.84,0,0,0,0,0,0
BBGEFS.BSE_IDX,01/07/2025,10:26:25,4387.11,0,0,0,0,0,0
BBGEFS.BSE_IDX,01/07/2025,10:26:33,4386.74,0,0,0,0,0,0
BBGEFS.BSE_IDX,01/07/2025,10:26:41,4387.43,0,0,0,0,0,0
BBGEFS.BSE_IDX,01/07/2025,10:26:49,4387.54,0,0,0,0,0,0
BBGEFS.BSE_IDX,01/07/2025,10:26:57,4387.34,0,0,0,0,0,0
BBGEFS.BSE_IDX,01/07/2025,10:27:05,4387.36,0,0,0,0,0,0
BBGEFS.BSE_IDX,01/07/2025,10:27:13,4387.76,0,0,0,0,0,0
BBGEFS.BSE_IDX,01/07/2025,10:27:21,4387.72,0,0,0,0,0,0
BBGEFS.BSE_IDX,01/07/2025,10:27:29,4388.67,0,0,0,0,0,0
BBGEFS.BSE_IDX,01/07/2025,10:27:37,4388.85,0,0,0,0,0,0
BBGEFS.BSE_IDX,01/07/2025,10:27:45,4388.91,0,0,0,0,0,0
BBGEFS.BSE_IDX,01/07/2025,10:27:53,4389.58,0,0,0,0,0,0
BBGEFS.BSE_IDX,01/07/2025,10:28:01,4390,0,0,0,0,0,0
BBGEFS.BSE_IDX,01/07/2025,10:28:09,4390.58,0,0,0,0,0,0
BBGEFS.BSE_IDX,01/07/2025,10:28:17,4389.34,0,0,0,0,0,0
BBGEFS.BSE_IDX,01/07/2025,10:28:25,4389.32,0,0,0,0,0,0
BBGEFS.BSE_IDX,01/07/2025,10:28:33,4390.19,0,0,0,0,0,0
BBGEFS.BSE_IDX,01/07/2025,10:28:41,4389.48,0,0,0,0,0,0
BBGEFS.BSE_IDX,01/07/2025,10:28:49,4390.05,0,0,0,0,0,0
BBGEFS.BSE_IDX,01/07/2025,10:28:57,4389.84,0,0,0,0,0,0
BBGEFS.BSE_IDX,01/07/2025,10:29:05,4390.45,0,0,0,0,0,0
BBGEFS.BSE_IDX,01/07/2025,10:29:13,4390.09,0,0,0,0,0,0
BBGEFS.BSE_IDX,01/07/2025,10:29:21,4390.74,0,0,0,0,0,0
BBGEFS.BSE_IDX,01/07/2025,10:29:29,4390.42,0,0,0,0,0,0
BBGEFS.BSE_IDX,01/07/2025,10:29:37,4390.22,0,0,0,0,0,0
BBGEFS.BSE_IDX,01/07/2025,10:29:46,4390.05,0,0,0,0,0,0
BBGEFS.BSE_IDX,01/07/2025,10:29:54,4390.58,0,0,0,0,0,0
BBGEFS.BSE_IDX,01/07/2025,10:30:01,4390.59,0,0,0,0,0,0
BBGEFS.BSE_IDX,01/07/2025,10:30:09,4391.05,0,0,0,0,0,0
BBGEFS.BSE_IDX,01/07/2025,10:30:17,4391.4,0,0,0,0,0,0
BBGEFS.BSE_IDX,01/07/2025,10:30:25,4392.45,0,0,0,0,0,0
BBGEFS.BSE_IDX,01/07/2025,10:30:33,4392.21,0,0,0,0,0,0
BBGEFS.BSE_IDX,01/07/2025,10:30:41,4391.72,0,0,0,0,0,0
BBGEFS.BSE_IDX,01/07/2025,10:30:49,4391.06,0,0,0,0,0,0
BBGEFS.BSE_IDX,01/07/2025,10:30:57,4390.44,0,0,0,0,0,0
BBGEFS.BSE_IDX,01/07/2025,10:31:05,4391.04,0,0,0,0,0,0
BBGEFS.BSE_IDX,01/07/2025,10:31:13,4390.54,0,0,0,0,0,0
BBGEFS.BSE_IDX,01/07/2025,10:31:22,4390.62,0,0,0,0,0,0
BBGEFS.BSE_IDX,01/07/2025,10:31:29,4390.76,0,0,0,0,0,0
BBGEFS.BSE_IDX,01/07/2025,10:31:37,4390.42,0,0,0,0,0,0
BBGEFS.BSE_IDX,01/07/2025,10:31:46,4389.99,0,0,0,0,0,0
BBGEFS.BSE_IDX,01/07/2025,10:31:53,4390.34,0,0,0,0,0,0
BBGEFS.BSE_IDX,01/07/2025,10:32:01,4390.62,0,0,0,0,0,0
BBGEFS.BSE_IDX,01/07/2025,10:32:10,4390.08,0,0,0,0,0,0
BBGEFS.BSE_IDX,01/07/2025,10:32:17,4389.73,0,0,0,0,0,0
BBGEFS.BSE_IDX,01/07/2025,10:32:25,4390.25,0,0,0,0,0,0
BBGEFS.BSE_IDX,01/07/2025,10:32:33,4390.16,0,0,0,0,0,0
BBGEFS.BSE_IDX,01/07/2025,10:32:41,4391.05,0,0,0,0,0,0
BBGEFS.BSE_IDX,01/07/2025,10:32:49,4390.83,0,0,0,0,0,0
BBGEFS.BSE_IDX,01/07/2025,10:32:57,4391.49,0,0,0,0,0,0
BBGEFS.BSE_IDX,01/07/2025,10:33:06,4392.05,0,0,0,0,0,0
BBGEFS.BSE_IDX,01/07/2025,10:33:13,4392.04,0,0,0,0,0,0
BBGEFS.BSE_IDX,01/07/2025,10:33:22,4391.62,0,0,0,0,0,0
BBGEFS.BSE_IDX,01/07/2025,10:33:29,4391.67,0,0,0,0,0,0
BBGEFS.BSE_IDX,01/07/2025,10:33:37,4392.03,0,0,0,0,0,0
BBGEFS.BSE_IDX,01/07/2025,10:33:45,4392.53,0,0,0,0,0,0
BBGEFS.BSE_IDX,01/07/2025,10:33:53,4392.33,0,0,0,0,0,0
BBGEFS.BSE_IDX,01/07/2025,10:34:01,4391.84,0,0,0,0,0,0
BBGEFS.BSE_IDX,01/07/2025,10:34:09,4392.18,0,0,0,0,0,0
BBGEFS.BSE_IDX,01/07/2025,10:34:17,4391.81,0,0,0,0,0,0
BBGEFS.BSE_IDX,01/07/2025,10:34:25,4391.89,0,0,0,0,0,0
BBGEFS.BSE_IDX,01/07/2025,10:34:33,4392.28,0,0,0,0,0,0
BBGEFS.BSE_IDX,01/07/2025,10:34:41,4391.92,0,0,0,0,0,0
BBGEFS.BSE_IDX,01/07/2025,10:34:49,4392.56,0,0,0,0,0,0
BBGEFS.BSE_IDX,01/07/2025,10:34:58,4391.77,0,0,0,0,0,0
BBGEFS.BSE_IDX,01/07/2025,10:35:06,4392.36,0,0,0,0,0,0
BBGEFS.BSE_IDX,01/07/2025,10:35:14,4392.29,0,0,0,0,0,0
BBGEFS.BSE_IDX,01/07/2025,10:35:21,4391.98,0,0,0,0,0,0
BBGEFS.BSE_IDX,01/07/2025,10:35:29,4391.66,0,0,0,0,0,0
BBGEFS.BSE_IDX,01/07/2025,10:35:37,4391.52,0,0,0,0,0,0
BBGEFS.BSE_IDX,01/07/2025,10:35:45,4391.38,0,0,0,0,0,0
BBGEFS.BSE_IDX,01/07/2025,10:35:54,4391.83,0,0,0,0,0,0
BBGEFS.BSE_IDX,01/07/2025,10:36:02,4391.73,0,0,0,0,0,0
BBGEFS.BSE_IDX,01/07/2025,10:36:10,4391.82,0,0,0,0,0,0
BBGEFS.BSE_IDX,01/07/2025,10:36:18,4391.79,0,0,0,0,0,0
BBGEFS.BSE_IDX,01/07/2025,10:36:25,4391.79,0,0,0,0,0,0
BBGEFS.BSE_IDX,01/07/2025,10:36:34,4392.2,0,0,0,0,0,0
BBGEFS.BSE_IDX,01/07/2025,10:36:42,4392.64,0,0,0,0,0,0
BBGEFS.BSE_IDX,01/07/2025,10:36:49,4392.17,0,0,0,0,0,0
BBGEFS.BSE_IDX,01/07/2025,10:36:58,4392.86,0,0,0,0,0,0
BBGEFS.BSE_IDX,01/07/2025,10:37:06,4392.79,0,0,0,0,0,0
BBGEFS.BSE_IDX,01/07/2025,10:37:14,4393.04,0,0,0,0,0,0
BBGEFS.BSE_IDX,01/07/2025,10:37:22,4393.45,0,0,0,0,0,0
BBGEFS.BSE_IDX,01/07/2025,10:37:30,4393.45,0,0,0,0,0,0
BBGEFS.BSE_IDX,01/07/2025,10:37:38,4393.47,0,0,0,0,0,0
BBGEFS.BSE_IDX,01/07/2025,10:37:46,4392.9,0,0,0,0,0,0
BBGEFS.BSE_IDX,01/07/2025,10:37:54,4392.83,0,0,0,0,0,0
BBGEFS.BSE_IDX,01/07/2025,10:38:02,4392.9,0,0,0,0,0,0
BBGEFS.BSE_IDX,01/07/2025,10:38:10,4393.02,0,0,0,0,0,0
BBGEFS.BSE_IDX,01/07/2025,10:38:18,4393.28,0,0,0,0,0,0
BBGEFS.BSE_IDX,01/07/2025,10:38:26,4393.39,0,0,0,0,0,0
BBGEFS.BSE_IDX,01/07/2025,10:38:34,4393.11,0,0,0,0,0,0
BBGEFS.BSE_IDX,01/07/2025,10:38:42,4393.62,0,0,0,0,0,0
BBGEFS.BSE_IDX,01/07/2025,10:38:50,4393.94,0,0,0,0,0,0
BBGEFS.BSE_IDX,01/07/2025,10:38:58,4394.77,0,0,0,0,0,0
BBGEFS.BSE_IDX,01/07/2025,10:39:06,4395.72,0,0,0,0,0,0
BBGEFS.BSE_IDX,01/07/2025,10:39:14,4395.97,0,0,0,0,0,0
BBGEFS.BSE_IDX,01/07/2025,10:39:22,4395.74,0,0,0,0,0,0
BBGEFS.BSE_IDX,01/07/2025,10:39:30,4396.06,0,0,0,0,0,0
BBGEFS.BSE_IDX,01/07/2025,10:39:38,4396.12,0,0,0,0,0,0
BBGEFS.BSE_IDX,01/07/2025,10:39:46,4396.39,0,0,0,0,0,0
BBGEFS.BSE_IDX,01/07/2025,10:39:54,4396.47,0,0,0,0,0,0
BBGEFS.BSE_IDX,01/07/2025,10:40:02,4396.9,0,0,0,0,0,0
BBGEFS.BSE_IDX,01/07/2025,10:40:10,4396.32,0,0,0,0,0,0
BBGEFS.BSE_IDX,01/07/2025,10:40:18,4396.71,0,0,0,0,0,0
BBGEFS.BSE_IDX,01/07/2025,10:40:26,4396.43,0,0,0,0,0,0
BBGEFS.BSE_IDX,01/07/2025,10:40:34,4396.38,0,0,0,0,0,0
BBGEFS.BSE_IDX,01/07/2025,10:40:42,4395.83,0,0,0,0,0,0
BBGEFS.BSE_IDX,01/07/2025,10:40:50,4396.18,0,0,0,0,0,0
BBGEFS.BSE_IDX,01/07/2025,10:40:58,4396.34,0,0,0,0,0,0
BBGEFS.BSE_IDX,01/07/2025,10:41:06,4396.39,0,0,0,0,0,0
BBGEFS.BSE_IDX,01/07/2025,10:41:14,4396.23,0,0,0,0,0,0
BBGEFS.BSE_IDX,01/07/2025,10:41:22,4396.16,0,0,0,0,0,0
BBGEFS.BSE_IDX,01/07/2025,10:41:30,4396.48,0,0,0,0,0,0
BBGEFS.BSE_IDX,01/07/2025,10:41:38,4397.18,0,0,0,0,0,0
BBGEFS.BSE_IDX,01/07/2025,10:41:46,4397.49,0,0,0,0,0,0
BBGEFS.BSE_IDX,01/07/2025,10:41:54,4397.05,0,0,0,0,0,0
BBGEFS.BSE_IDX,01/07/2025,10:42:02,4397.3,0,0,0,0,0,0
BBGEFS.BSE_IDX,01/07/2025,10:42:10,4397.2,0,0,0,0,0,0
BBGEFS.BSE_IDX,01/07/2025,10:42:18,4397.31,0,0,0,0,0,0
BBGEFS.BSE_IDX,01/07/2025,10:42:26,4397.67,0,0,0,0,0,0
BBGEFS.BSE_IDX,01/07/2025,10:42:34,4397.06,0,0,0,0,0,0
BBGEFS.BSE_IDX,01/07/2025,10:42:42,4397.04,0,0,0,0,0,0
BBGEFS.BSE_IDX,01/07/2025,10:42:50,4397.04,0,0,0,0,0,0
BBGEFS.BSE_IDX,01/07/2025,10:42:58,4396.35,0,0,0,0,0,0
BBGEFS.BSE_IDX,01/07/2025,10:43:06,4396.49,0,0,0,0,0,0
BBGEFS.BSE_IDX,01/07/2025,10:43:14,4396.25,0,0,0,0,0,0
BBGEFS.BSE_IDX,01/07/2025,10:43:22,4395.96,0,0,0,0,0,0
BBGEFS.BSE_IDX,01/07/2025,10:43:30,4395.61,0,0,0,0,0,0
BBGEFS.BSE_IDX,01/07/2025,10:43:38,4395.31,0,0,0,0,0,0
BBGEFS.BSE_IDX,01/07/2025,10:43:46,4395.03,0,0,0,0,0,0
BBGEFS.BSE_IDX,01/07/2025,10:43:54,4394.6,0,0,0,0,0,0
BBGEFS.BSE_IDX,01/07/2025,10:44:02,4394.59,0,0,0,0,0,0
BBGEFS.BSE_IDX,01/07/2025,10:44:10,4394.28,0,0,0,0,0,0
BBGEFS.BSE_IDX,01/07/2025,10:44:18,4394.31,0,0,0,0,0,0
BBGEFS.BSE_IDX,01/07/2025,10:44:26,4394.31,0,0,0,0,0,0
BBGEFS.BSE_IDX,01/07/2025,10:44:34,4394.21,0,0,0,0,0,0
BBGEFS.BSE_IDX,01/07/2025,10:44:42,4394.88,0,0,0,0,0,0
BBGEFS.BSE_IDX,01/07/2025,10:44:50,4394.56,0,0,0,0,0,0
BBGEFS.BSE_IDX,01/07/2025,10:44:58,4393.82,0,0,0,0,0,0
BBGEFS.BSE_IDX,01/07/2025,10:45:07,4394.05,0,0,0,0,0,0
BBGEFS.BSE_IDX,01/07/2025,10:45:14,4394.43,0,0,0,0,0,0
BBGEFS.BSE_IDX,01/07/2025,10:45:22,4393.92,0,0,0,0,0,0
BBGEFS.BSE_IDX,01/07/2025,10:45:30,4394.55,0,0,0,0,0,0
BBGEFS.BSE_IDX,01/07/2025,10:45:38,4394.03,0,0,0,0,0,0
BBGEFS.BSE_IDX,01/07/2025,10:45:46,4394.8,0,0,0,0,0,0
BBGEFS.BSE_IDX,01/07/2025,10:45:54,4393.85,0,0,0,0,0,0
BBGEFS.BSE_IDX,01/07/2025,10:46:02,4393.75,0,0,0,0,0,0
BBGEFS.BSE_IDX,01/07/2025,10:46:10,4393.59,0,0,0,0,0,0
BBGEFS.BSE_IDX,01/07/2025,10:46:18,4394.14,0,0,0,0,0,0
BBGEFS.BSE_IDX,01/07/2025,10:46:26,4394.37,0,0,0,0,0,0
BBGEFS.BSE_IDX,01/07/2025,10:46:34,4394.11,0,0,0,0,0,0
BBGEFS.BSE_IDX,01/07/2025,10:46:42,4394.02,0,0,0,0,0,0
BBGEFS.BSE_IDX,01/07/2025,10:46:50,4393.78,0,0,0,0,0,0
BBGEFS.BSE_IDX,01/07/2025,10:46:58,4393.8,0,0,0,0,0,0
BBGEFS.BSE_IDX,01/07/2025,10:47:06,4394.05,0,0,0,0,0,0
BBGEFS.BSE_IDX,01/07/2025,10:47:14,4393.77,0,0,0,0,0,0
BBGEFS.BSE_IDX,01/07/2025,10:47:22,4393.57,0,0,0,0,0,0
BBGEFS.BSE_IDX,01/07/2025,10:47:30,4393.64,0,0,0,0,0,0
BBGEFS.BSE_IDX,01/07/2025,10:47:38,4393.81,0,0,0,0,0,0
BBGEFS.BSE_IDX,01/07/2025,10:47:46,4394.35,0,0,0,0,0,0
BBGEFS.BSE_IDX,01/07/2025,10:47:54,4394.77,0,0,0,0,0,0
BBGEFS.BSE_IDX,01/07/2025,10:48:02,4394.77,0,0,0,0,0,0
BBGEFS.BSE_IDX,01/07/2025,10:48:10,4394.51,0,0,0,0,0,0
BBGEFS.BSE_IDX,01/07/2025,10:48:18,4394.01,0,0,0,0,0,0
BBGEFS.BSE_IDX,01/07/2025,10:48:26,4394.46,0,0,0,0,0,0
BBGEFS.BSE_IDX,01/07/2025,10:48:34,4394.51,0,0,0,0,0,0
BBGEFS.BSE_IDX,01/07/2025,10:48:42,4394.09,0,0,0,0,0,0
BBGEFS.BSE_IDX,01/07/2025,10:48:50,4394.41,0,0,0,0,0,0
BBGEFS.BSE_IDX,01/07/2025,10:48:58,4393.89,0,0,0,0,0,0
BBGEFS.BSE_IDX,01/07/2025,10:49:06,4393.96,0,0,0,0,0,0
BBGEFS.BSE_IDX,01/07/2025,10:49:14,4392.87,0,0,0,0,0,0
BBGEFS.BSE_IDX,01/07/2025,10:49:22,4392.62,0,0,0,0,0,0
BBGEFS.BSE_IDX,01/07/2025,10:49:30,4392.2,0,0,0,0,0,0
BBGEFS.BSE_IDX,01/07/2025,10:49:38,4391.44,0,0,0,0,0,0
BBGEFS.BSE_IDX,01/07/2025,10:49:46,4392.15,0,0,0,0,0,0
BBGEFS.BSE_IDX,01/07/2025,10:49:54,4392.06,0,0,0,0,0,0
BBGEFS.BSE_IDX,01/07/2025,10:50:02,4392,0,0,0,0,0,0
BBGEFS.BSE_IDX,01/07/2025,10:50:10,4391.7,0,0,0,0,0,0
BBGEFS.BSE_IDX,01/07/2025,10:50:18,4392.02,0,0,0,0,0,0
BBGEFS.BSE_IDX,01/07/2025,10:50:26,4391.2,0,0,0,0,0,0
BBGEFS.BSE_IDX,01/07/2025,10:50:34,4391.29,0,0,0,0,0,0
BBGEFS.BSE_IDX,01/07/2025,10:50:42,4391.09,0,0,0,0,0,0
BBGEFS.BSE_IDX,01/07/2025,10:50:50,4390.42,0,0,0,0,0,0
BBGEFS.BSE_IDX,01/07/2025,10:50:58,4390.85,0,0,0,0,0,0
BBGEFS.BSE_IDX,01/07/2025,10:51:06,4390.28,0,0,0,0,0,0
BBGEFS.BSE_IDX,01/07/2025,10:51:14,4390.86,0,0,0,0,0,0
BBGEFS.BSE_IDX,01/07/2025,10:51:22,4390.24,0,0,0,0,0,0
BBGEFS.BSE_IDX,01/07/2025,10:51:30,4390.33,0,0,0,0,0,0
BBGEFS.BSE_IDX,01/07/2025,10:51:38,4390.01,0,0,0,0,0,0
BBGEFS.BSE_IDX,01/07/2025,10:51:46,4389.76,0,0,0,0,0,0
BBGEFS.BSE_IDX,01/07/2025,10:51:54,4389.7,0,0,0,0,0,0
BBGEFS.BSE_IDX,01/07/2025,10:52:02,4389.66,0,0,0,0,0,0
BBGEFS.BSE_IDX,01/07/2025,10:52:10,4389.98,0,0,0,0,0,0
BBGEFS.BSE_IDX,01/07/2025,10:52:18,4389.21,0,0,0,0,0,0
BBGEFS.BSE_IDX,01/07/2025,10:52:26,4388.39,0,0,0,0,0,0
BBGEFS.BSE_IDX,01/07/2025,10:52:34,4388.25,0,0,0,0,0,0
BBGEFS.BSE_IDX,01/07/2025,10:52:43,4388.22,0,0,0,0,0,0
BBGEFS.BSE_IDX,01/07/2025,10:52:50,4387.87,0,0,0,0,0,0
BBGEFS.BSE_IDX,01/07/2025,10:52:58,4387.61,0,0,0,0,0,0
BBGEFS.BSE_IDX,01/07/2025,10:53:06,4386.96,0,0,0,0,0,0
BBGEFS.BSE_IDX,01/07/2025,10:53:14,4387.76,0,0,0,0,0,0
BBGEFS.BSE_IDX,01/07/2025,10:53:22,4387.43,0,0,0,0,0,0
BBGEFS.BSE_IDX,01/07/2025,10:53:30,4387.77,0,0,0,0,0,0
BBGEFS.BSE_IDX,01/07/2025,10:53:38,4388.01,0,0,0,0,0,0
BBGEFS.BSE_IDX,01/07/2025,10:53:46,4388.1,0,0,0,0,0,0
BBGEFS.BSE_IDX,01/07/2025,10:53:54,4388.18,0,0,0,0,0,0
BBGEFS.BSE_IDX,01/07/2025,10:54:02,4388.48,0,0,0,0,0,0
BBGEFS.BSE_IDX,01/07/2025,10:54:10,4388.72,0,0,0,0,0,0
BBGEFS.BSE_IDX,01/07/2025,10:54:18,4388.01,0,0,0,0,0,0
BBGEFS.BSE_IDX,01/07/2025,10:54:26,4388.44,0,0,0,0,0,0
BBGEFS.BSE_IDX,01/07/2025,10:54:34,4388.27,0,0,0,0,0,0
BBGEFS.BSE_IDX,01/07/2025,10:54:42,4389.1,0,0,0,0,0,0
BBGEFS.BSE_IDX,01/07/2025,10:54:51,4389.24,0,0,0,0,0,0
BBGEFS.BSE_IDX,01/07/2025,10:54:58,4389.05,0,0,0,0,0,0
BBGEFS.BSE_IDX,01/07/2025,10:55:06,4389.17,0,0,0,0,0,0
BBGEFS.BSE_IDX,01/07/2025,10:55:14,4388.66,0,0,0,0,0,0
BBGEFS.BSE_IDX,01/07/2025,10:55:22,4388.54,0,0,0,0,0,0
BBGEFS.BSE_IDX,01/07/2025,10:55:30,4388.61,0,0,0,0,0,0
BBGEFS.BSE_IDX,01/07/2025,10:55:38,4388.33,0,0,0,0,0,0
BBGEFS.BSE_IDX,01/07/2025,10:55:46,4388.43,0,0,0,0,0,0
BBGEFS.BSE_IDX,01/07/2025,10:55:54,4388.77,0,0,0,0,0,0
BBGEFS.BSE_IDX,01/07/2025,10:56:02,4388.16,0,0,0,0,0,0
BBGEFS.BSE_IDX,01/07/2025,10:56:10,4388.24,0,0,0,0,0,0
BBGEFS.BSE_IDX,01/07/2025,10:56:18,4388.23,0,0,0,0,0,0
BBGEFS.BSE_IDX,01/07/2025,10:56:26,4387.75,0,0,0,0,0,0
BBGEFS.BSE_IDX,01/07/2025,10:56:34,4387.69,0,0,0,0,0,0
BBGEFS.BSE_IDX,01/07/2025,10:56:42,4387.68,0,0,0,0,0,0
BBGEFS.BSE_IDX,01/07/2025,10:56:50,4387.48,0,0,0,0,0,0
BBGEFS.BSE_IDX,01/07/2025,10:56:58,4387.35,0,0,0,0,0,0
BBGEFS.BSE_IDX,01/07/2025,10:57:06,4386.79,0,0,0,0,0,0
BBGEFS.BSE_IDX,01/07/2025,10:57:14,4386.9,0,0,0,0,0,0
BBGEFS.BSE_IDX,01/07/2025,10:57:22,4386.87,0,0,0,0,0,0
BBGEFS.BSE_IDX,01/07/2025,10:57:30,4386.24,0,0,0,0,0,0
BBGEFS.BSE_IDX,01/07/2025,10:57:39,4386.67,0,0,0,0,0,0
BBGEFS.BSE_IDX,01/07/2025,10:57:46,4387.1,0,0,0,0,0,0
BBGEFS.BSE_IDX,01/07/2025,10:57:54,4386.81,0,0,0,0,0,0
BBGEFS.BSE_IDX,01/07/2025,10:58:02,4387.27,0,0,0,0,0,0
BBGEFS.BSE_IDX,01/07/2025,10:58:10,4387.11,0,0,0,0,0,0
BBGEFS.BSE_IDX,01/07/2025,10:58:18,4387.16,0,0,0,0,0,0
BBGEFS.BSE_IDX,01/07/2025,10:58:26,4387.26,0,0,0,0,0,0
BBGEFS.BSE_IDX,01/07/2025,10:58:34,4386.86,0,0,0,0,0,0
BBGEFS.BSE_IDX,01/07/2025,10:58:42,4386.75,0,0,0,0,0,0
BBGEFS.BSE_IDX,01/07/2025,10:58:50,4387.58,0,0,0,0,0,0
BBGEFS.BSE_IDX,01/07/2025,10:58:58,4387.28,0,0,0,0,0,0
BBGEFS.BSE_IDX,01/07/2025,10:59:06,4387.24,0,0,0,0,0,0
BBGEFS.BSE_IDX,01/07/2025,10:59:14,4387.39,0,0,0,0,0,0
BBGEFS.BSE_IDX,01/07/2025,10:59:22,4387.19,0,0,0,0,0,0
BBGEFS.BSE_IDX,01/07/2025,10:59:30,4387.45,0,0,0,0,0,0
BBGEFS.BSE_IDX,01/07/2025,10:59:38,4386.83,0,0,0,0,0,0
BBGEFS.BSE_IDX,01/07/2025,10:59:47,4386.64,0,0,0,0,0,0
BBGEFS.BSE_IDX,01/07/2025,10:59:55,4386.72,0,0,0,0,0,0
BBGEFS.BSE_IDX,01/07/2025,11:00:03,4386.66,0,0,0,0,0,0
BBGEFS.BSE_IDX,01/07/2025,11:00:11,4386.07,0,0,0,0,0,0
BBGEFS.BSE_IDX,01/07/2025,11:00:18,4386.78,0,0,0,0,0,0
BBGEFS.BSE_IDX,01/07/2025,11:00:26,4386.79,0,0,0,0,0,0
BBGEFS.BSE_IDX,01/07/2025,11:00:34,4386.93,0,0,0,0,0,0
BBGEFS.BSE_IDX,01/07/2025,11:00:42,4386.54,0,0,0,0,0,0
BBGEFS.BSE_IDX,01/07/2025,11:00:50,4387.67,0,0,0,0,0,0
BBGEFS.BSE_IDX,01/07/2025,11:00:58,4387.81,0,0,0,0,0,0
BBGEFS.BSE_IDX,01/07/2025,11:01:06,4388.08,0,0,0,0,0,0
BBGEFS.BSE_IDX,01/07/2025,11:01:15,4388.65,0,0,0,0,0,0
BBGEFS.BSE_IDX,01/07/2025,11:01:22,4388.05,0,0,0,0,0,0
BBGEFS.BSE_IDX,01/07/2025,11:01:30,4388.15,0,0,0,0,0,0
BBGEFS.BSE_IDX,01/07/2025,11:01:38,4388.07,0,0,0,0,0,0
BBGEFS.BSE_IDX,01/07/2025,11:01:46,4386.75,0,0,0,0,0,0
BBGEFS.BSE_IDX,01/07/2025,11:01:54,4386.9,0,0,0,0,0,0
BBGEFS.BSE_IDX,01/07/2025,11:02:02,4387.47,0,0,0,0,0,0
BBGEFS.BSE_IDX,01/07/2025,11:02:10,4386.7,0,0,0,0,0,0
BBGEFS.BSE_IDX,01/07/2025,11:02:18,4386.76,0,0,0,0,0,0
BBGEFS.BSE_IDX,01/07/2025,11:02:27,4387.13,0,0,0,0,0,0
BBGEFS.BSE_IDX,01/07/2025,11:02:34,4387.37,0,0,0,0,0,0
BBGEFS.BSE_IDX,01/07/2025,11:02:42,4387,0,0,0,0,0,0
BBGEFS.BSE_IDX,01/07/2025,11:02:51,4387.31,0,0,0,0,0,0
BBGEFS.BSE_IDX,01/07/2025,11:02:58,4387.05,0,0,0,0,0,0
BBGEFS.BSE_IDX,01/07/2025,11:03:06,4386.59,0,0,0,0,0,0
BBGEFS.BSE_IDX,01/07/2025,11:03:14,4386.37,0,0,0,0,0,0
BBGEFS.BSE_IDX,01/07/2025,11:03:22,4386.54,0,0,0,0,0,0
BBGEFS.BSE_IDX,01/07/2025,11:03:31,4386.09,0,0,0,0,0,0
BBGEFS.BSE_IDX,01/07/2025,11:03:38,4385.7,0,0,0,0,0,0
BBGEFS.BSE_IDX,01/07/2025,11:03:46,4386.19,0,0,0,0,0,0
BBGEFS.BSE_IDX,01/07/2025,11:03:54,4385.29,0,0,0,0,0,0
BBGEFS.BSE_IDX,01/07/2025,11:04:02,4385.21,0,0,0,0,0,0
BBGEFS.BSE_IDX,01/07/2025,11:04:10,4385.69,0,0,0,0,0,0
BBGEFS.BSE_IDX,01/07/2025,11:04:18,4386.05,0,0,0,0,0,0
BBGEFS.BSE_IDX,01/07/2025,11:04:27,4385.8,0,0,0,0,0,0
BBGEFS.BSE_IDX,01/07/2025,11:04:34,4386.29,0,0,0,0,0,0
BBGEFS.BSE_IDX,01/07/2025,11:04:42,4385.89,0,0,0,0,0,0
BBGEFS.BSE_IDX,01/07/2025,11:04:51,4386.19,0,0,0,0,0,0
BBGEFS.BSE_IDX,01/07/2025,11:04:58,4386.31,0,0,0,0,0,0
BBGEFS.BSE_IDX,01/07/2025,11:05:06,4386.44,0,0,0,0,0,0
BBGEFS.BSE_IDX,01/07/2025,11:05:14,4386.5,0,0,0,0,0,0
BBGEFS.BSE_IDX,01/07/2025,11:05:22,4386.78,0,0,0,0,0,0
BBGEFS.BSE_IDX,01/07/2025,11:05:31,4386.91,0,0,0,0,0,0
BBGEFS.BSE_IDX,01/07/2025,11:05:39,4386.33,0,0,0,0,0,0
BBGEFS.BSE_IDX,01/07/2025,11:05:46,4386.41,0,0,0,0,0,0
BBGEFS.BSE_IDX,01/07/2025,11:05:54,4386.45,0,0,0,0,0,0
BBGEFS.BSE_IDX,01/07/2025,11:06:03,4386.39,0,0,0,0,0,0
BBGEFS.BSE_IDX,01/07/2025,11:06:11,4386.9,0,0,0,0,0,0
BBGEFS.BSE_IDX,01/07/2025,11:06:19,4387.74,0,0,0,0,0,0
BBGEFS.BSE_IDX,01/07/2025,11:06:27,4387.81,0,0,0,0,0,0
BBGEFS.BSE_IDX,01/07/2025,11:06:34,4387.39,0,0,0,0,0,0
BBGEFS.BSE_IDX,01/07/2025,11:06:43,4387.69,0,0,0,0,0,0
BBGEFS.BSE_IDX,01/07/2025,11:06:51,4387.52,0,0,0,0,0,0
BBGEFS.BSE_IDX,01/07/2025,11:06:58,4387.54,0,0,0,0,0,0
BBGEFS.BSE_IDX,01/07/2025,11:07:06,4387.03,0,0,0,0,0,0
BBGEFS.BSE_IDX,01/07/2025,11:07:15,4387.07,0,0,0,0,0,0
BBGEFS.BSE_IDX,01/07/2025,11:07:22,4387.35,0,0,0,0,0,0
BBGEFS.BSE_IDX,01/07/2025,11:07:31,4387.45,0,0,0,0,0,0
BBGEFS.BSE_IDX,01/07/2025,11:07:39,4388.52,0,0,0,0,0,0
BBGEFS.BSE_IDX,01/07/2025,11:07:46,4387.92,0,0,0,0,0,0
BBGEFS.BSE_IDX,01/07/2025,11:07:55,4388.73,0,0,0,0,0,0
BBGEFS.BSE_IDX,01/07/2025,11:08:02,4388.86,0,0,0,0,0,0
BBGEFS.BSE_IDX,01/07/2025,11:08:11,4388.63,0,0,0,0,0,0
BBGEFS.BSE_IDX,01/07/2025,11:08:18,4389.09,0,0,0,0,0,0
BBGEFS.BSE_IDX,01/07/2025,11:08:27,4389.42,0,0,0,0,0,0
BBGEFS.BSE_IDX,01/07/2025,11:08:35,4389.14,0,0,0,0,0,0
BBGEFS.BSE_IDX,01/07/2025,11:08:43,4389.14,0,0,0,0,0,0
BBGEFS.BSE_IDX,01/07/2025,11:08:51,4388.84,0,0,0,0,0,0
BBGEFS.BSE_IDX,01/07/2025,11:08:58,4389.31,0,0,0,0,0,0
BBGEFS.BSE_IDX,01/07/2025,11:09:07,4389.25,0,0,0,0,0,0
BBGEFS.BSE_IDX,01/07/2025,11:09:15,4388.38,0,0,0,0,0,0
BBGEFS.BSE_IDX,01/07/2025,11:09:23,4388.49,0,0,0,0,0,0
BBGEFS.BSE_IDX,01/07/2025,11:09:31,4388.56,0,0,0,0,0,0
BBGEFS.BSE_IDX,01/07/2025,11:09:39,4388.21,0,0,0,0,0,0
BBGEFS.BSE_IDX,01/07/2025,11:09:47,4388.75,0,0,0,0,0,0
BBGEFS.BSE_IDX,01/07/2025,11:09:55,4388.23,0,0,0,0,0,0
BBGEFS.BSE_IDX,01/07/2025,11:10:03,4388.57,0,0,0,0,0,0
BBGEFS.BSE_IDX,01/07/2025,11:10:11,4388.84,0,0,0,0,0,0
BBGEFS.BSE_IDX,01/07/2025,11:10:19,4388.35,0,0,0,0,0,0
BBGEFS.BSE_IDX,01/07/2025,11:10:27,4388.54,0,0,0,0,0,0
BBGEFS.BSE_IDX,01/07/2025,11:10:35,4388.66,0,0,0,0,0,0
BBGEFS.BSE_IDX,01/07/2025,11:10:43,4388.28,0,0,0,0,0,0
BBGEFS.BSE_IDX,01/07/2025,11:10:51,4388.36,0,0,0,0,0,0
BBGEFS.BSE_IDX,01/07/2025,11:10:59,4388.11,0,0,0,0,0,0
BBGEFS.BSE_IDX,01/07/2025,11:11:07,4389.17,0,0,0,0,0,0
BBGEFS.BSE_IDX,01/07/2025,11:11:15,4389.18,0,0,0,0,0,0
BBGEFS.BSE_IDX,01/07/2025,11:11:23,4388.9,0,0,0,0,0,0
BBGEFS.BSE_IDX,01/07/2025,11:11:31,4389.06,0,0,0,0,0,0
BBGEFS.BSE_IDX,01/07/2025,11:11:39,4388.99,0,0,0,0,0,0
BBGEFS.BSE_IDX,01/07/2025,11:11:47,4388.5,0,0,0,0,0,0
BBGEFS.BSE_IDX,01/07/2025,11:11:55,4388.48,0,0,0,0,0,0
BBGEFS.BSE_IDX,01/07/2025,11:12:03,4388.46,0,0,0,0,0,0
BBGEFS.BSE_IDX,01/07/2025,11:12:11,4388.76,0,0,0,0,0,0
BBGEFS.BSE_IDX,01/07/2025,11:12:19,4388.89,0,0,0,0,0,0
BBGEFS.BSE_IDX,01/07/2025,11:12:27,4388.67,0,0,0,0,0,0
BBGEFS.BSE_IDX,01/07/2025,11:12:35,4389.04,0,0,0,0,0,0
BBGEFS.BSE_IDX,01/07/2025,11:12:43,4388.63,0,0,0,0,0,0
BBGEFS.BSE_IDX,01/07/2025,11:12:51,4389.04,0,0,0,0,0,0
BBGEFS.BSE_IDX,01/07/2025,11:12:59,4388.94,0,0,0,0,0,0
BBGEFS.BSE_IDX,01/07/2025,11:13:07,4388.87,0,0,0,0,0,0
BBGEFS.BSE_IDX,01/07/2025,11:13:16,4388.61,0,0,0,0,0,0
BBGEFS.BSE_IDX,01/07/2025,11:13:23,4388.17,0,0,0,0,0,0
BBGEFS.BSE_IDX,01/07/2025,11:13:31,4388.42,0,0,0,0,0,0
BBGEFS.BSE_IDX,01/07/2025,11:13:39,4388.08,0,0,0,0,0,0
BBGEFS.BSE_IDX,01/07/2025,11:13:47,4388.68,0,0,0,0,0,0
BBGEFS.BSE_IDX,01/07/2025,11:13:55,4388.98,0,0,0,0,0,0
BBGEFS.BSE_IDX,01/07/2025,11:14:03,4389.28,0,0,0,0,0,0
BBGEFS.BSE_IDX,01/07/2025,11:14:11,4388.87,0,0,0,0,0,0
BBGEFS.BSE_IDX,01/07/2025,11:14:19,4389.2,0,0,0,0,0,0
BBGEFS.BSE_IDX,01/07/2025,11:14:27,4389.68,0,0,0,0,0,0
BBGEFS.BSE_IDX,01/07/2025,11:14:35,4389.55,0,0,0,0,0,0
BBGEFS.BSE_IDX,01/07/2025,11:14:43,4389.69,0,0,0,0,0,0
BBGEFS.BSE_IDX,01/07/2025,11:14:51,4389.79,0,0,0,0,0,0
BBGEFS.BSE_IDX,01/07/2025,11:14:59,4389.89,0,0,0,0,0,0
BBGEFS.BSE_IDX,01/07/2025,11:15:07,4390.27,0,0,0,0,0,0
BBGEFS.BSE_IDX,01/07/2025,11:15:15,4390.35,0,0,0,0,0,0
BBGEFS.BSE_IDX,01/07/2025,11:15:23,4390.15,0,0,0,0,0,0
BBGEFS.BSE_IDX,01/07/2025,11:15:31,4389.62,0,0,0,0,0,0
BBGEFS.BSE_IDX,01/07/2025,11:15:39,4390.19,0,0,0,0,0,0
BBGEFS.BSE_IDX,01/07/2025,11:15:47,4390.4,0,0,0,0,0,0
BBGEFS.BSE_IDX,01/07/2025,11:15:56,4390.93,0,0,0,0,0,0
BBGEFS.BSE_IDX,01/07/2025,11:16:03,4390.65,0,0,0,0,0,0
BBGEFS.BSE_IDX,01/07/2025,11:16:11,4389.69,0,0,0,0,0,0
BBGEFS.BSE_IDX,01/07/2025,11:16:19,4390.22,0,0,0,0,0,0
BBGEFS.BSE_IDX,01/07/2025,11:16:27,4388.61,0,0,0,0,0,0
BBGEFS.BSE_IDX,01/07/2025,11:16:35,4388.8,0,0,0,0,0,0
BBGEFS.BSE_IDX,01/07/2025,11:16:43,4388.45,0,0,0,0,0,0
BBGEFS.BSE_IDX,01/07/2025,11:16:51,4388.62,0,0,0,0,0,0
BBGEFS.BSE_IDX,01/07/2025,11:16:59,4388.43,0,0,0,0,0,0
BBGEFS.BSE_IDX,01/07/2025,11:17:07,4388.34,0,0,0,0,0,0
BBGEFS.BSE_IDX,01/07/2025,11:17:15,4389.17,0,0,0,0,0,0
BBGEFS.BSE_IDX,01/07/2025,11:17:23,4389.76,0,0,0,0,0,0
BBGEFS.BSE_IDX,01/07/2025,11:17:31,4390.71,0,0,0,0,0,0
BBGEFS.BSE_IDX,01/07/2025,11:17:39,4391.18,0,0,0,0,0,0
BBGEFS.BSE_IDX,01/07/2025,11:17:47,4391.71,0,0,0,0,0,0
BBGEFS.BSE_IDX,01/07/2025,11:17:57,4391.72,0,0,0,0,0,0
BBGEFS.BSE_IDX,01/07/2025,11:18:03,4391.18,0,0,0,0,0,0
BBGEFS.BSE_IDX,01/07/2025,11:18:11,4391.26,0,0,0,0,0,0
BBGEFS.BSE_IDX,01/07/2025,11:18:19,4390.83,0,0,0,0,0,0
BBGEFS.BSE_IDX,01/07/2025,11:18:27,4391.21,0,0,0,0,0,0
BBGEFS.BSE_IDX,01/07/2025,11:18:35,4391.34,0,0,0,0,0,0
BBGEFS.BSE_IDX,01/07/2025,11:18:44,4391.01,0,0,0,0,0,0
BBGEFS.BSE_IDX,01/07/2025,11:18:51,4391.16,0,0,0,0,0,0
BBGEFS.BSE_IDX,01/07/2025,11:18:59,4390.34,0,0,0,0,0,0
BBGEFS.BSE_IDX,01/07/2025,11:19:08,4390.02,0,0,0,0,0,0
BBGEFS.BSE_IDX,01/07/2025,11:19:15,4389.98,0,0,0,0,0,0
BBGEFS.BSE_IDX,01/07/2025,11:19:23,4390.13,0,0,0,0,0,0
BBGEFS.BSE_IDX,01/07/2025,11:19:31,4389.88,0,0,0,0,0,0
BBGEFS.BSE_IDX,01/07/2025,11:19:39,4389.81,0,0,0,0,0,0
BBGEFS.BSE_IDX,01/07/2025,11:19:47,4389.4,0,0,0,0,0,0
BBGEFS.BSE_IDX,01/07/2025,11:19:55,4387.91,0,0,0,0,0,0
BBGEFS.BSE_IDX,01/07/2025,11:20:03,4388.28,0,0,0,0,0,0
BBGEFS.BSE_IDX,01/07/2025,11:20:11,4388.71,0,0,0,0,0,0
BBGEFS.BSE_IDX,01/07/2025,11:20:19,4388.72,0,0,0,0,0,0
BBGEFS.BSE_IDX,01/07/2025,11:20:27,4388.88,0,0,0,0,0,0
BBGEFS.BSE_IDX,01/07/2025,11:20:35,4388.85,0,0,0,0,0,0
BBGEFS.BSE_IDX,01/07/2025,11:20:43,4388.76,0,0,0,0,0,0
BBGEFS.BSE_IDX,01/07/2025,11:20:51,4388.97,0,0,0,0,0,0
BBGEFS.BSE_IDX,01/07/2025,11:20:59,4389.09,0,0,0,0,0,0
BBGEFS.BSE_IDX,01/07/2025,11:21:07,4388.74,0,0,0,0,0,0
BBGEFS.BSE_IDX,01/07/2025,11:21:15,4388.82,0,0,0,0,0,0
BBGEFS.BSE_IDX,01/07/2025,11:21:24,4388.85,0,0,0,0,0,0
BBGEFS.BSE_IDX,01/07/2025,11:21:31,4389.13,0,0,0,0,0,0
BBGEFS.BSE_IDX,01/07/2025,11:21:39,4388.21,0,0,0,0,0,0
BBGEFS.BSE_IDX,01/07/2025,11:21:47,4388.33,0,0,0,0,0,0
BBGEFS.BSE_IDX,01/07/2025,11:21:56,4388.73,0,0,0,0,0,0
BBGEFS.BSE_IDX,01/07/2025,11:22:03,4389.12,0,0,0,0,0,0
BBGEFS.BSE_IDX,01/07/2025,11:22:11,4388.98,0,0,0,0,0,0
BBGEFS.BSE_IDX,01/07/2025,11:22:19,4389.22,0,0,0,0,0,0
BBGEFS.BSE_IDX,01/07/2025,11:22:28,4389.29,0,0,0,0,0,0
BBGEFS.BSE_IDX,01/07/2025,11:22:35,4389.39,0,0,0,0,0,0
BBGEFS.BSE_IDX,01/07/2025,11:22:43,4388.92,0,0,0,0,0,0
BBGEFS.BSE_IDX,01/07/2025,11:22:51,4388.95,0,0,0,0,0,0
BBGEFS.BSE_IDX,01/07/2025,11:22:59,4389.1,0,0,0,0,0,0
BBGEFS.BSE_IDX,01/07/2025,11:23:07,4388.57,0,0,0,0,0,0
BBGEFS.BSE_IDX,01/07/2025,11:23:15,4389.53,0,0,0,0,0,0
BBGEFS.BSE_IDX,01/07/2025,11:23:23,4389.43,0,0,0,0,0,0
BBGEFS.BSE_IDX,01/07/2025,11:23:31,4389.26,0,0,0,0,0,0
BBGEFS.BSE_IDX,01/07/2025,11:23:39,4389.27,0,0,0,0,0,0
BBGEFS.BSE_IDX,01/07/2025,11:23:47,4389.61,0,0,0,0,0,0
BBGEFS.BSE_IDX,01/07/2025,11:23:55,4389.32,0,0,0,0,0,0
BBGEFS.BSE_IDX,01/07/2025,11:24:04,4388.71,0,0,0,0,0,0
BBGEFS.BSE_IDX,01/07/2025,11:24:11,4389.28,0,0,0,0,0,0
BBGEFS.BSE_IDX,01/07/2025,11:24:19,4389.17,0,0,0,0,0,0
BBGEFS.BSE_IDX,01/07/2025,11:24:27,4389.09,0,0,0,0,0,0
BBGEFS.BSE_IDX,01/07/2025,11:24:35,4388.43,0,0,0,0,0,0
BBGEFS.BSE_IDX,01/07/2025,11:24:43,4388.38,0,0,0,0,0,0
BBGEFS.BSE_IDX,01/07/2025,11:24:52,4388.4,0,0,0,0,0,0
BBGEFS.BSE_IDX,01/07/2025,11:25:00,4388.76,0,0,0,0,0,0
BBGEFS.BSE_IDX,01/07/2025,11:25:07,4388.35,0,0,0,0,0,0
BBGEFS.BSE_IDX,01/07/2025,11:25:15,4387.83,0,0,0,0,0,0
BBGEFS.BSE_IDX,01/07/2025,11:25:23,4387.69,0,0,0,0,0,0
BBGEFS.BSE_IDX,01/07/2025,11:25:31,4387.62,0,0,0,0,0,0
BBGEFS.BSE_IDX,01/07/2025,11:25:41,4387.15,0,0,0,0,0,0
BBGEFS.BSE_IDX,01/07/2025,11:25:47,4387.06,0,0,0,0,0,0
BBGEFS.BSE_IDX,01/07/2025,11:25:55,4387.3,0,0,0,0,0,0
BBGEFS.BSE_IDX,01/07/2025,11:26:03,4387.81,0,0,0,0,0,0
BBGEFS.BSE_IDX,01/07/2025,11:26:11,4387.58,0,0,0,0,0,0
BBGEFS.BSE_IDX,01/07/2025,11:26:19,4387.75,0,0,0,0,0,0
BBGEFS.BSE_IDX,01/07/2025,11:26:27,4387.69,0,0,0,0,0,0
BBGEFS.BSE_IDX,01/07/2025,11:26:35,4388.22,0,0,0,0,0,0
BBGEFS.BSE_IDX,01/07/2025,11:26:43,4388.24,0,0,0,0,0,0
BBGEFS.BSE_IDX,01/07/2025,11:26:51,4388.03,0,0,0,0,0,0
BBGEFS.BSE_IDX,01/07/2025,11:26:59,4388.63,0,0,0,0,0,0
BBGEFS.BSE_IDX,01/07/2025,11:27:07,4388.19,0,0,0,0,0,0
BBGEFS.BSE_IDX,01/07/2025,11:27:15,4388.87,0,0,0,0,0,0
BBGEFS.BSE_IDX,01/07/2025,11:27:23,4388.41,0,0,0,0,0,0
BBGEFS.BSE_IDX,01/07/2025,11:27:31,4389.33,0,0,0,0,0,0
BBGEFS.BSE_IDX,01/07/2025,11:27:39,4388.83,0,0,0,0,0,0
BBGEFS.BSE_IDX,01/07/2025,11:27:47,4388.88,0,0,0,0,0,0
BBGEFS.BSE_IDX,01/07/2025,11:27:55,4388.6,0,0,0,0,0,0
BBGEFS.BSE_IDX,01/07/2025,11:28:03,4388.31,0,0,0,0,0,0
BBGEFS.BSE_IDX,01/07/2025,11:28:11,4388.28,0,0,0,0,0,0
BBGEFS.BSE_IDX,01/07/2025,11:28:19,4387.47,0,0,0,0,0,0
BBGEFS.BSE_IDX,01/07/2025,11:28:27,4387.55,0,0,0,0,0,0
BBGEFS.BSE_IDX,01/07/2025,11:28:36,4387.87,0,0,0,0,0,0
BBGEFS.BSE_IDX,01/07/2025,11:28:43,4387.12,0,0,0,0,0,0
BBGEFS.BSE_IDX,01/07/2025,11:28:51,4388.01,0,0,0,0,0,0
BBGEFS.BSE_IDX,01/07/2025,11:28:59,4387.78,0,0,0,0,0,0
BBGEFS.BSE_IDX,01/07/2025,11:29:07,4388.29,0,0,0,0,0,0
BBGEFS.BSE_IDX,01/07/2025,11:29:16,4388.51,0,0,0,0,0,0
BBGEFS.BSE_IDX,01/07/2025,11:29:24,4387.97,0,0,0,0,0,0
BBGEFS.BSE_IDX,01/07/2025,11:29:31,4388.03,0,0,0,0,0,0
BBGEFS.BSE_IDX,01/07/2025,11:29:39,4387.97,0,0,0,0,0,0
BBGEFS.BSE_IDX,01/07/2025,11:29:47,4388.13,0,0,0,0,0,0
BBGEFS.BSE_IDX,01/07/2025,11:29:55,4387.91,0,0,0,0,0,0
BBGEFS.BSE_IDX,01/07/2025,11:30:03,4388.14,0,0,0,0,0,0
BBGEFS.BSE_IDX,01/07/2025,11:30:11,4387.52,0,0,0,0,0,0
BBGEFS.BSE_IDX,01/07/2025,11:30:19,4387.86,0,0,0,0,0,0
BBGEFS.BSE_IDX,01/07/2025,11:30:27,4388.25,0,0,0,0,0,0
BBGEFS.BSE_IDX,01/07/2025,11:30:35,4388.18,0,0,0,0,0,0
BBGEFS.BSE_IDX,01/07/2025,11:30:43,4388.73,0,0,0,0,0,0
BBGEFS.BSE_IDX,01/07/2025,11:30:52,4388.69,0,0,0,0,0,0
BBGEFS.BSE_IDX,01/07/2025,11:30:59,4388.7,0,0,0,0,0,0
BBGEFS.BSE_IDX,01/07/2025,11:31:07,4388.11,0,0,0,0,0,0
BBGEFS.BSE_IDX,01/07/2025,11:31:16,4387.24,0,0,0,0,0,0
BBGEFS.BSE_IDX,01/07/2025,11:31:23,4386.87,0,0,0,0,0,0
BBGEFS.BSE_IDX,01/07/2025,11:31:31,4387.8,0,0,0,0,0,0
BBGEFS.BSE_IDX,01/07/2025,11:31:39,4387.81,0,0,0,0,0,0
BBGEFS.BSE_IDX,01/07/2025,11:31:47,4387.67,0,0,0,0,0,0
BBGEFS.BSE_IDX,01/07/2025,11:31:55,4387.89,0,0,0,0,0,0
BBGEFS.BSE_IDX,01/07/2025,11:32:04,4387.77,0,0,0,0,0,0
BBGEFS.BSE_IDX,01/07/2025,11:32:11,4387.68,0,0,0,0,0,0
BBGEFS.BSE_IDX,01/07/2025,11:32:19,4387.64,0,0,0,0,0,0
BBGEFS.BSE_IDX,01/07/2025,11:32:27,4387.29,0,0,0,0,0,0
BBGEFS.BSE_IDX,01/07/2025,11:32:35,4387.76,0,0,0,0,0,0
BBGEFS.BSE_IDX,01/07/2025,11:32:43,4387.76,0,0,0,0,0,0
BBGEFS.BSE_IDX,01/07/2025,11:32:51,4387.01,0,0,0,0,0,0
BBGEFS.BSE_IDX,01/07/2025,11:32:59,4387.49,0,0,0,0,0,0
BBGEFS.BSE_IDX,01/07/2025,11:33:07,4387.45,0,0,0,0,0,0
BBGEFS.BSE_IDX,01/07/2025,11:33:15,4387.28,0,0,0,0,0,0
BBGEFS.BSE_IDX,01/07/2025,11:33:23,4387.9,0,0,0,0,0,0
BBGEFS.BSE_IDX,01/07/2025,11:33:31,4387.53,0,0,0,0,0,0
BBGEFS.BSE_IDX,01/07/2025,11:33:39,4387.24,0,0,0,0,0,0
BBGEFS.BSE_IDX,01/07/2025,11:33:47,4386.78,0,0,0,0,0,0
BBGEFS.BSE_IDX,01/07/2025,11:33:55,4386.93,0,0,0,0,0,0
BBGEFS.BSE_IDX,01/07/2025,11:34:03,4386.88,0,0,0,0,0,0
BBGEFS.BSE_IDX,01/07/2025,11:34:12,4386.56,0,0,0,0,0,0
BBGEFS.BSE_IDX,01/07/2025,11:34:19,4386.61,0,0,0,0,0,0
BBGEFS.BSE_IDX,01/07/2025,11:34:27,4386.72,0,0,0,0,0,0
BBGEFS.BSE_IDX,01/07/2025,11:34:35,4386.43,0,0,0,0,0,0
BBGEFS.BSE_IDX,01/07/2025,11:34:43,4386.11,0,0,0,0,0,0
BBGEFS.BSE_IDX,01/07/2025,11:34:52,4386.85,0,0,0,0,0,0
BBGEFS.BSE_IDX,01/07/2025,11:35:00,4386.65,0,0,0,0,0,0
BBGEFS.BSE_IDX,01/07/2025,11:35:07,4386.98,0,0,0,0,0,0
BBGEFS.BSE_IDX,01/07/2025,11:35:16,4386.97,0,0,0,0,0,0
BBGEFS.BSE_IDX,01/07/2025,11:35:23,4386.75,0,0,0,0,0,0
BBGEFS.BSE_IDX,01/07/2025,11:35:32,4386.63,0,0,0,0,0,0
BBGEFS.BSE_IDX,01/07/2025,11:35:40,4387.25,0,0,0,0,0,0
BBGEFS.BSE_IDX,01/07/2025,11:35:47,4386.99,0,0,0,0,0,0
BBGEFS.BSE_IDX,01/07/2025,11:35:55,4386.74,0,0,0,0,0,0
BBGEFS.BSE_IDX,01/07/2025,11:36:04,4386.32,0,0,0,0,0,0
BBGEFS.BSE_IDX,01/07/2025,11:36:11,4386.56,0,0,0,0,0,0
BBGEFS.BSE_IDX,01/07/2025,11:36:20,4386.82,0,0,0,0,0,0
BBGEFS.BSE_IDX,01/07/2025,11:36:28,4386.85,0,0,0,0,0,0
BBGEFS.BSE_IDX,01/07/2025,11:36:35,4386.41,0,0,0,0,0,0
BBGEFS.BSE_IDX,01/07/2025,11:36:44,4386.27,0,0,0,0,0,0
BBGEFS.BSE_IDX,01/07/2025,11:36:54,4386.41,0,0,0,0,0,0
BBGEFS.BSE_IDX,01/07/2025,11:36:59,4387,0,0,0,0,0,0
BBGEFS.BSE_IDX,01/07/2025,11:37:08,4386.98,0,0,0,0,0,0
BBGEFS.BSE_IDX,01/07/2025,11:37:15,4386.51,0,0,0,0,0,0
BBGEFS.BSE_IDX,01/07/2025,11:37:23,4386.41,0,0,0,0,0,0
BBGEFS.BSE_IDX,01/07/2025,11:37:32,4386.56,0,0,0,0,0,0
BBGEFS.BSE_IDX,01/07/2025,11:37:41,4386.24,0,0,0,0,0,0
BBGEFS.BSE_IDX,01/07/2025,11:37:47,4386.48,0,0,0,0,0,0
BBGEFS.BSE_IDX,01/07/2025,11:37:55,4386.83,0,0,0,0,0,0
BBGEFS.BSE_IDX,01/07/2025,11:38:03,4386.5,0,0,0,0,0,0
BBGEFS.BSE_IDX,01/07/2025,11:38:11,4386.78,0,0,0,0,0,0
BBGEFS.BSE_IDX,01/07/2025,11:38:20,4386.51,0,0,0,0,0,0
BBGEFS.BSE_IDX,01/07/2025,11:38:27,4387.02,0,0,0,0,0,0
BBGEFS.BSE_IDX,01/07/2025,11:38:35,4387.12,0,0,0,0,0,0
BBGEFS.BSE_IDX,01/07/2025,11:38:43,4386.85,0,0,0,0,0,0
BBGEFS.BSE_IDX,01/07/2025,11:38:51,4386.85,0,0,0,0,0,0
BBGEFS.BSE_IDX,01/07/2025,11:38:59,4386.79,0,0,0,0,0,0
BBGEFS.BSE_IDX,01/07/2025,11:39:07,4386.97,0,0,0,0,0,0
BBGEFS.BSE_IDX,01/07/2025,11:39:16,4387.51,0,0,0,0,0,0
BBGEFS.BSE_IDX,01/07/2025,11:39:24,4387.67,0,0,0,0,0,0
BBGEFS.BSE_IDX,01/07/2025,11:39:31,4387.52,0,0,0,0,0,0
BBGEFS.BSE_IDX,01/07/2025,11:39:39,4387.3,0,0,0,0,0,0
BBGEFS.BSE_IDX,01/07/2025,11:39:48,4387.54,0,0,0,0,0,0
BBGEFS.BSE_IDX,01/07/2025,11:39:55,4387.5,0,0,0,0,0,0
BBGEFS.BSE_IDX,01/07/2025,11:40:03,4387.53,0,0,0,0,0,0
BBGEFS.BSE_IDX,01/07/2025,11:40:12,4387.16,0,0,0,0,0,0
BBGEFS.BSE_IDX,01/07/2025,11:40:20,4387.15,0,0,0,0,0,0
BBGEFS.BSE_IDX,01/07/2025,11:40:28,4387.04,0,0,0,0,0,0
BBGEFS.BSE_IDX,01/07/2025,11:40:36,4386.74,0,0,0,0,0,0
BBGEFS.BSE_IDX,01/07/2025,11:40:44,4386.85,0,0,0,0,0,0
BBGEFS.BSE_IDX,01/07/2025,11:40:52,4386.93,0,0,0,0,0,0
BBGEFS.BSE_IDX,01/07/2025,11:41:00,4387.44,0,0,0,0,0,0
BBGEFS.BSE_IDX,01/07/2025,11:41:07,4387.34,0,0,0,0,0,0
BBGEFS.BSE_IDX,01/07/2025,11:41:16,4387.34,0,0,0,0,0,0
BBGEFS.BSE_IDX,01/07/2025,11:41:24,4387.31,0,0,0,0,0,0
BBGEFS.BSE_IDX,01/07/2025,11:41:32,4387.78,0,0,0,0,0,0
BBGEFS.BSE_IDX,01/07/2025,11:41:40,4388.11,0,0,0,0,0,0
BBGEFS.BSE_IDX,01/07/2025,11:41:48,4388,0,0,0,0,0,0
BBGEFS.BSE_IDX,01/07/2025,11:41:56,4387.82,0,0,0,0,0,0
BBGEFS.BSE_IDX,01/07/2025,11:42:04,4388.11,0,0,0,0,0,0
BBGEFS.BSE_IDX,01/07/2025,11:42:12,4388.14,0,0,0,0,0,0
BBGEFS.BSE_IDX,01/07/2025,11:42:20,4388.09,0,0,0,0,0,0
BBGEFS.BSE_IDX,01/07/2025,11:42:28,4388.25,0,0,0,0,0,0
BBGEFS.BSE_IDX,01/07/2025,11:42:36,4388.51,0,0,0,0,0,0
BBGEFS.BSE_IDX,01/07/2025,11:42:44,4389.04,0,0,0,0,0,0
BBGEFS.BSE_IDX,01/07/2025,11:42:52,4389.51,0,0,0,0,0,0
BBGEFS.BSE_IDX,01/07/2025,11:43:00,4389.08,0,0,0,0,0,0
BBGEFS.BSE_IDX,01/07/2025,11:43:08,4389.35,0,0,0,0,0,0
BBGEFS.BSE_IDX,01/07/2025,11:43:16,4389.68,0,0,0,0,0,0
BBGEFS.BSE_IDX,01/07/2025,11:43:24,4388.89,0,0,0,0,0,0
BBGEFS.BSE_IDX,01/07/2025,11:43:32,4388.41,0,0,0,0,0,0
BBGEFS.BSE_IDX,01/07/2025,11:43:40,4388.28,0,0,0,0,0,0
BBGEFS.BSE_IDX,01/07/2025,11:43:48,4388.84,0,0,0,0,0,0
BBGEFS.BSE_IDX,01/07/2025,11:43:56,4388.29,0,0,0,0,0,0
BBGEFS.BSE_IDX,01/07/2025,11:44:04,4388.65,0,0,0,0,0,0
BBGEFS.BSE_IDX,01/07/2025,11:44:12,4388.68,0,0,0,0,0,0
BBGEFS.BSE_IDX,01/07/2025,11:44:20,4388.65,0,0,0,0,0,0
BBGEFS.BSE_IDX,01/07/2025,11:44:28,4388.64,0,0,0,0,0,0
BBGEFS.BSE_IDX,01/07/2025,11:44:36,4387.64,0,0,0,0,0,0
BBGEFS.BSE_IDX,01/07/2025,11:44:44,4387.55,0,0,0,0,0,0
BBGEFS.BSE_IDX,01/07/2025,11:44:52,4387.17,0,0,0,0,0,0
BBGEFS.BSE_IDX,01/07/2025,11:45:00,4385.97,0,0,0,0,0,0
BBGEFS.BSE_IDX,01/07/2025,11:45:08,4386.71,0,0,0,0,0,0
BBGEFS.BSE_IDX,01/07/2025,11:45:16,4386.16,0,0,0,0,0,0
BBGEFS.BSE_IDX,01/07/2025,11:45:24,4386.54,0,0,0,0,0,0
BBGEFS.BSE_IDX,01/07/2025,11:45:32,4387.18,0,0,0,0,0,0
BBGEFS.BSE_IDX,01/07/2025,11:45:40,4387.57,0,0,0,0,0,0
BBGEFS.BSE_IDX,01/07/2025,11:45:48,4387.01,0,0,0,0,0,0
BBGEFS.BSE_IDX,01/07/2025,11:45:56,4387.71,0,0,0,0,0,0
BBGEFS.BSE_IDX,01/07/2025,11:46:04,4388.79,0,0,0,0,0,0
BBGEFS.BSE_IDX,01/07/2025,11:46:12,4389.37,0,0,0,0,0,0
BBGEFS.BSE_IDX,01/07/2025,11:46:20,4389.41,0,0,0,0,0,0
BBGEFS.BSE_IDX,01/07/2025,11:46:28,4389.22,0,0,0,0,0,0
BBGEFS.BSE_IDX,01/07/2025,11:46:36,4389,0,0,0,0,0,0
BBGEFS.BSE_IDX,01/07/2025,11:46:44,4388.74,0,0,0,0,0,0
BBGEFS.BSE_IDX,01/07/2025,11:46:52,4388.58,0,0,0,0,0,0
BBGEFS.BSE_IDX,01/07/2025,11:47:00,4388.03,0,0,0,0,0,0
BBGEFS.BSE_IDX,01/07/2025,11:47:08,4387.96,0,0,0,0,0,0
BBGEFS.BSE_IDX,01/07/2025,11:47:16,4387.77,0,0,0,0,0,0
BBGEFS.BSE_IDX,01/07/2025,11:47:24,4387.64,0,0,0,0,0,0
BBGEFS.BSE_IDX,01/07/2025,11:47:32,4387.57,0,0,0,0,0,0
BBGEFS.BSE_IDX,01/07/2025,11:47:40,4387.53,0,0,0,0,0,0
BBGEFS.BSE_IDX,01/07/2025,11:47:48,4387.52,0,0,0,0,0,0
BBGEFS.BSE_IDX,01/07/2025,11:47:56,4387.49,0,0,0,0,0,0
BBGEFS.BSE_IDX,01/07/2025,11:48:04,4387.12,0,0,0,0,0,0
BBGEFS.BSE_IDX,01/07/2025,11:48:12,4387.16,0,0,0,0,0,0
BBGEFS.BSE_IDX,01/07/2025,11:48:20,4387.52,0,0,0,0,0,0
BBGEFS.BSE_IDX,01/07/2025,11:48:28,4387.65,0,0,0,0,0,0
BBGEFS.BSE_IDX,01/07/2025,11:48:36,4387.42,0,0,0,0,0,0
BBGEFS.BSE_IDX,01/07/2025,11:48:44,4387.49,0,0,0,0,0,0
BBGEFS.BSE_IDX,01/07/2025,11:48:52,4387.64,0,0,0,0,0,0
BBGEFS.BSE_IDX,01/07/2025,11:49:01,4387.27,0,0,0,0,0,0
BBGEFS.BSE_IDX,01/07/2025,11:49:09,4387.34,0,0,0,0,0,0
BBGEFS.BSE_IDX,01/07/2025,11:49:16,4387.27,0,0,0,0,0,0
BBGEFS.BSE_IDX,01/07/2025,11:49:24,4387.33,0,0,0,0,0,0
BBGEFS.BSE_IDX,01/07/2025,11:49:32,4387.65,0,0,0,0,0,0
BBGEFS.BSE_IDX,01/07/2025,11:49:40,4387.72,0,0,0,0,0,0
BBGEFS.BSE_IDX,01/07/2025,11:49:49,4387.42,0,0,0,0,0,0
BBGEFS.BSE_IDX,01/07/2025,11:49:56,4387.53,0,0,0,0,0,0
BBGEFS.BSE_IDX,01/07/2025,11:50:04,4387.92,0,0,0,0,0,0
BBGEFS.BSE_IDX,01/07/2025,11:50:12,4387.71,0,0,0,0,0,0
BBGEFS.BSE_IDX,01/07/2025,11:50:20,4387.59,0,0,0,0,0,0
BBGEFS.BSE_IDX,01/07/2025,11:50:28,4387.51,0,0,0,0,0,0
BBGEFS.BSE_IDX,01/07/2025,11:50:36,4387.51,0,0,0,0,0,0
BBGEFS.BSE_IDX,01/07/2025,11:50:44,4387.17,0,0,0,0,0,0
BBGEFS.BSE_IDX,01/07/2025,11:50:52,4387.37,0,0,0,0,0,0
BBGEFS.BSE_IDX,01/07/2025,11:51:00,4387.36,0,0,0,0,0,0
BBGEFS.BSE_IDX,01/07/2025,11:51:08,4387.72,0,0,0,0,0,0
BBGEFS.BSE_IDX,01/07/2025,11:51:16,4387.69,0,0,0,0,0,0
BBGEFS.BSE_IDX,01/07/2025,11:51:24,4387.19,0,0,0,0,0,0
BBGEFS.BSE_IDX,01/07/2025,11:51:32,4387.25,0,0,0,0,0,0
BBGEFS.BSE_IDX,01/07/2025,11:51:40,4387.32,0,0,0,0,0,0
BBGEFS.BSE_IDX,01/07/2025,11:51:48,4387.7,0,0,0,0,0,0
BBGEFS.BSE_IDX,01/07/2025,11:51:56,4387.94,0,0,0,0,0,0
BBGEFS.BSE_IDX,01/07/2025,11:52:04,4388.02,0,0,0,0,0,0
BBGEFS.BSE_IDX,01/07/2025,11:52:12,4388.06,0,0,0,0,0,0
BBGEFS.BSE_IDX,01/07/2025,11:52:20,4388.05,0,0,0,0,0,0
BBGEFS.BSE_IDX,01/07/2025,11:52:28,4388.06,0,0,0,0,0,0
BBGEFS.BSE_IDX,01/07/2025,11:52:36,4388.14,0,0,0,0,0,0
BBGEFS.BSE_IDX,01/07/2025,11:52:44,4388.29,0,0,0,0,0,0
BBGEFS.BSE_IDX,01/07/2025,11:52:52,4388.12,0,0,0,0,0,0
BBGEFS.BSE_IDX,01/07/2025,11:53:00,4387.41,0,0,0,0,0,0
BBGEFS.BSE_IDX,01/07/2025,11:53:08,4387.24,0,0,0,0,0,0
BBGEFS.BSE_IDX,01/07/2025,11:53:16,4386.96,0,0,0,0,0,0
BBGEFS.BSE_IDX,01/07/2025,11:53:24,4386.4,0,0,0,0,0,0
BBGEFS.BSE_IDX,01/07/2025,11:53:32,4386.39,0,0,0,0,0,0
BBGEFS.BSE_IDX,01/07/2025,11:53:40,4386.77,0,0,0,0,0,0
BBGEFS.BSE_IDX,01/07/2025,11:53:48,4386.48,0,0,0,0,0,0
BBGEFS.BSE_IDX,01/07/2025,11:53:56,4385.92,0,0,0,0,0,0
BBGEFS.BSE_IDX,01/07/2025,11:54:04,4385.26,0,0,0,0,0,0
BBGEFS.BSE_IDX,01/07/2025,11:54:12,4384.55,0,0,0,0,0,0
BBGEFS.BSE_IDX,01/07/2025,11:54:20,4384.51,0,0,0,0,0,0
BBGEFS.BSE_IDX,01/07/2025,11:54:28,4385.21,0,0,0,0,0,0
BBGEFS.BSE_IDX,01/07/2025,11:54:36,4385.15,0,0,0,0,0,0
BBGEFS.BSE_IDX,01/07/2025,11:54:44,4385.07,0,0,0,0,0,0
BBGEFS.BSE_IDX,01/07/2025,11:54:52,4385.15,0,0,0,0,0,0
BBGEFS.BSE_IDX,01/07/2025,11:55:00,4384.96,0,0,0,0,0,0
BBGEFS.BSE_IDX,01/07/2025,11:55:08,4385.57,0,0,0,0,0,0
BBGEFS.BSE_IDX,01/07/2025,11:55:17,4385.11,0,0,0,0,0,0
BBGEFS.BSE_IDX,01/07/2025,11:55:24,4385.35,0,0,0,0,0,0
BBGEFS.BSE_IDX,01/07/2025,11:55:32,4385.24,0,0,0,0,0,0
BBGEFS.BSE_IDX,01/07/2025,11:55:40,4385.39,0,0,0,0,0,0
BBGEFS.BSE_IDX,01/07/2025,11:55:48,4384.67,0,0,0,0,0,0
BBGEFS.BSE_IDX,01/07/2025,11:55:56,4385.31,0,0,0,0,0,0
BBGEFS.BSE_IDX,01/07/2025,11:56:05,4385.23,0,0,0,0,0,0
BBGEFS.BSE_IDX,01/07/2025,11:56:12,4385.09,0,0,0,0,0,0
BBGEFS.BSE_IDX,01/07/2025,11:56:20,4383.43,0,0,0,0,0,0
BBGEFS.BSE_IDX,01/07/2025,11:56:28,4383.41,0,0,0,0,0,0
BBGEFS.BSE_IDX,01/07/2025,11:56:36,4383.93,0,0,0,0,0,0
BBGEFS.BSE_IDX,01/07/2025,11:56:44,4383.89,0,0,0,0,0,0
BBGEFS.BSE_IDX,01/07/2025,11:56:52,4383.56,0,0,0,0,0,0
BBGEFS.BSE_IDX,01/07/2025,11:57:00,4383.43,0,0,0,0,0,0
BBGEFS.BSE_IDX,01/07/2025,11:57:08,4383.42,0,0,0,0,0,0
BBGEFS.BSE_IDX,01/07/2025,11:57:16,4383.94,0,0,0,0,0,0
BBGEFS.BSE_IDX,01/07/2025,11:57:24,4384.05,0,0,0,0,0,0
BBGEFS.BSE_IDX,01/07/2025,11:57:32,4384.32,0,0,0,0,0,0
BBGEFS.BSE_IDX,01/07/2025,11:57:40,4384.06,0,0,0,0,0,0
BBGEFS.BSE_IDX,01/07/2025,11:57:48,4384.06,0,0,0,0,0,0
BBGEFS.BSE_IDX,01/07/2025,11:57:56,4384.54,0,0,0,0,0,0
BBGEFS.BSE_IDX,01/07/2025,11:58:04,4384.13,0,0,0,0,0,0
BBGEFS.BSE_IDX,01/07/2025,11:58:12,4384.18,0,0,0,0,0,0
BBGEFS.BSE_IDX,01/07/2025,11:58:20,4384.05,0,0,0,0,0,0
BBGEFS.BSE_IDX,01/07/2025,11:58:28,4383.48,0,0,0,0,0,0
BBGEFS.BSE_IDX,01/07/2025,11:58:36,4383.55,0,0,0,0,0,0
BBGEFS.BSE_IDX,01/07/2025,11:58:44,4384.13,0,0,0,0,0,0
BBGEFS.BSE_IDX,01/07/2025,11:58:52,4384.75,0,0,0,0,0,0
BBGEFS.BSE_IDX,01/07/2025,11:59:00,4384.21,0,0,0,0,0,0
BBGEFS.BSE_IDX,01/07/2025,11:59:08,4384.68,0,0,0,0,0,0
BBGEFS.BSE_IDX,01/07/2025,11:59:16,4384.74,0,0,0,0,0,0
BBGEFS.BSE_IDX,01/07/2025,11:59:24,4385.25,0,0,0,0,0,0
BBGEFS.BSE_IDX,01/07/2025,11:59:32,4385.6,0,0,0,0,0,0
BBGEFS.BSE_IDX,01/07/2025,11:59:40,4385.78,0,0,0,0,0,0
BBGEFS.BSE_IDX,01/07/2025,11:59:48,4385.74,0,0,0,0,0,0
BBGEFS.BSE_IDX,01/07/2025,11:59:56,4385.82,0,0,0,0,0,0
BBGEFS.BSE_IDX,01/07/2025,12:00:05,4385.72,0,0,0,0,0,0
BBGEFS.BSE_IDX,01/07/2025,12:00:12,4385.91,0,0,0,0,0,0
BBGEFS.BSE_IDX,01/07/2025,12:00:20,4385.6,0,0,0,0,0,0
BBGEFS.BSE_IDX,01/07/2025,12:00:28,4385.72,0,0,0,0,0,0
BBGEFS.BSE_IDX,01/07/2025,12:00:37,4385.4,0,0,0,0,0,0
BBGEFS.BSE_IDX,01/07/2025,12:00:44,4385.34,0,0,0,0,0,0
BBGEFS.BSE_IDX,01/07/2025,12:00:52,4385.15,0,0,0,0,0,0
BBGEFS.BSE_IDX,01/07/2025,12:01:00,4385.5,0,0,0,0,0,0
BBGEFS.BSE_IDX,01/07/2025,12:01:08,4385.45,0,0,0,0,0,0
BBGEFS.BSE_IDX,01/07/2025,12:01:16,4385.57,0,0,0,0,0,0
BBGEFS.BSE_IDX,01/07/2025,12:01:24,4385.55,0,0,0,0,0,0
BBGEFS.BSE_IDX,01/07/2025,12:01:32,4385.29,0,0,0,0,0,0
BBGEFS.BSE_IDX,01/07/2025,12:01:40,4385.26,0,0,0,0,0,0
BBGEFS.BSE_IDX,01/07/2025,12:01:48,4385.29,0,0,0,0,0,0
BBGEFS.BSE_IDX,01/07/2025,12:01:57,4385.35,0,0,0,0,0,0
BBGEFS.BSE_IDX,01/07/2025,12:02:04,4385.51,0,0,0,0,0,0
BBGEFS.BSE_IDX,01/07/2025,12:02:12,4385.62,0,0,0,0,0,0
BBGEFS.BSE_IDX,01/07/2025,12:02:20,4385.65,0,0,0,0,0,0
BBGEFS.BSE_IDX,01/07/2025,12:02:28,4385.07,0,0,0,0,0,0
BBGEFS.BSE_IDX,01/07/2025,12:02:36,4385.09,0,0,0,0,0,0
BBGEFS.BSE_IDX,01/07/2025,12:02:44,4385.63,0,0,0,0,0,0
BBGEFS.BSE_IDX,01/07/2025,12:02:52,4385.48,0,0,0,0,0,0
BBGEFS.BSE_IDX,01/07/2025,12:03:00,4385.08,0,0,0,0,0,0
BBGEFS.BSE_IDX,01/07/2025,12:03:08,4385.03,0,0,0,0,0,0
BBGEFS.BSE_IDX,01/07/2025,12:03:17,4385.17,0,0,0,0,0,0
BBGEFS.BSE_IDX,01/07/2025,12:03:24,4385.28,0,0,0,0,0,0
BBGEFS.BSE_IDX,01/07/2025,12:03:32,4385.56,0,0,0,0,0,0
BBGEFS.BSE_IDX,01/07/2025,12:03:40,4385.73,0,0,0,0,0,0
BBGEFS.BSE_IDX,01/07/2025,12:03:48,4385.73,0,0,0,0,0,0
BBGEFS.BSE_IDX,01/07/2025,12:03:56,4385.44,0,0,0,0,0,0
BBGEFS.BSE_IDX,01/07/2025,12:04:04,4385.7,0,0,0,0,0,0
BBGEFS.BSE_IDX,01/07/2025,12:04:12,4385.63,0,0,0,0,0,0
BBGEFS.BSE_IDX,01/07/2025,12:04:20,4385.42,0,0,0,0,0,0
BBGEFS.BSE_IDX,01/07/2025,12:04:28,4385.68,0,0,0,0,0,0
BBGEFS.BSE_IDX,01/07/2025,12:04:36,4385.88,0,0,0,0,0,0
BBGEFS.BSE_IDX,01/07/2025,12:04:44,4385.94,0,0,0,0,0,0
BBGEFS.BSE_IDX,01/07/2025,12:04:52,4386.2,0,0,0,0,0,0
BBGEFS.BSE_IDX,01/07/2025,12:05:01,4386,0,0,0,0,0,0
BBGEFS.BSE_IDX,01/07/2025,12:05:08,4385.84,0,0,0,0,0,0
BBGEFS.BSE_IDX,01/07/2025,12:05:16,4386,0,0,0,0,0,0
BBGEFS.BSE_IDX,01/07/2025,12:05:24,4385.75,0,0,0,0,0,0
BBGEFS.BSE_IDX,01/07/2025,12:05:32,4385.35,0,0,0,0,0,0
BBGEFS.BSE_IDX,01/07/2025,12:05:40,4385.87,0,0,0,0,0,0
BBGEFS.BSE_IDX,01/07/2025,12:05:48,4385.5,0,0,0,0,0,0
BBGEFS.BSE_IDX,01/07/2025,12:05:56,4386.08,0,0,0,0,0,0
BBGEFS.BSE_IDX,01/07/2025,12:06:04,4385.91,0,0,0,0,0,0
BBGEFS.BSE_IDX,01/07/2025,12:06:12,4385.78,0,0,0,0,0,0
BBGEFS.BSE_IDX,01/07/2025,12:06:20,4385.69,0,0,0,0,0,0
BBGEFS.BSE_IDX,01/07/2025,12:06:28,4385.49,0,0,0,0,0,0
BBGEFS.BSE_IDX,01/07/2025,12:06:36,4385.26,0,0,0,0,0,0
BBGEFS.BSE_IDX,01/07/2025,12:06:44,4385.42,0,0,0,0,0,0
BBGEFS.BSE_IDX,01/07/2025,12:06:53,4385.17,0,0,0,0,0,0
BBGEFS.BSE_IDX,01/07/2025,12:07:00,4385.38,0,0,0,0,0,0
BBGEFS.BSE_IDX,01/07/2025,12:07:08,4385.49,0,0,0,0,0,0
BBGEFS.BSE_IDX,01/07/2025,12:07:17,4385.81,0,0,0,0,0,0
BBGEFS.BSE_IDX,01/07/2025,12:07:24,4385.71,0,0,0,0,0,0
BBGEFS.BSE_IDX,01/07/2025,12:07:33,4385.32,0,0,0,0,0,0
BBGEFS.BSE_IDX,01/07/2025,12:07:40,4385.24,0,0,0,0,0,0
BBGEFS.BSE_IDX,01/07/2025,12:07:49,4386.05,0,0,0,0,0,0
BBGEFS.BSE_IDX,01/07/2025,12:07:57,4385.49,0,0,0,0,0,0
BBGEFS.BSE_IDX,01/07/2025,12:08:05,4385.53,0,0,0,0,0,0
BBGEFS.BSE_IDX,01/07/2025,12:08:13,4385.73,0,0,0,0,0,0
BBGEFS.BSE_IDX,01/07/2025,12:08:21,4385.77,0,0,0,0,0,0
BBGEFS.BSE_IDX,01/07/2025,12:08:28,4385.39,0,0,0,0,0,0
BBGEFS.BSE_IDX,01/07/2025,12:08:36,4385.82,0,0,0,0,0,0
BBGEFS.BSE_IDX,01/07/2025,12:08:45,4386.71,0,0,0,0,0,0
BBGEFS.BSE_IDX,01/07/2025,12:08:52,4387.39,0,0,0,0,0,0
BBGEFS.BSE_IDX,01/07/2025,12:09:00,4387.31,0,0,0,0,0,0
BBGEFS.BSE_IDX,01/07/2025,12:09:08,4387.53,0,0,0,0,0,0
BBGEFS.BSE_IDX,01/07/2025,12:09:16,4388.05,0,0,0,0,0,0
BBGEFS.BSE_IDX,01/07/2025,12:09:25,4388.01,0,0,0,0,0,0
BBGEFS.BSE_IDX,01/07/2025,12:09:32,4388.29,0,0,0,0,0,0
BBGEFS.BSE_IDX,01/07/2025,12:09:40,4389.14,0,0,0,0,0,0
BBGEFS.BSE_IDX,01/07/2025,12:09:48,4388.92,0,0,0,0,0,0
BBGEFS.BSE_IDX,01/07/2025,12:09:57,4389,0,0,0,0,0,0
BBGEFS.BSE_IDX,01/07/2025,12:10:05,4388.8,0,0,0,0,0,0
BBGEFS.BSE_IDX,01/07/2025,12:10:13,4388.4,0,0,0,0,0,0
BBGEFS.BSE_IDX,01/07/2025,12:10:22,4389.48,0,0,0,0,0,0
BBGEFS.BSE_IDX,01/07/2025,12:10:28,4389.78,0,0,0,0,0,0
BBGEFS.BSE_IDX,01/07/2025,12:10:36,4389.27,0,0,0,0,0,0
BBGEFS.BSE_IDX,01/07/2025,12:10:45,4389.22,0,0,0,0,0,0
BBGEFS.BSE_IDX,01/07/2025,12:10:52,4389.2,0,0,0,0,0,0
BBGEFS.BSE_IDX,01/07/2025,12:11:00,4389.2,0,0,0,0,0,0
BBGEFS.BSE_IDX,01/07/2025,12:11:08,4389.29,0,0,0,0,0,0
BBGEFS.BSE_IDX,01/07/2025,12:11:17,4389.38,0,0,0,0,0,0
BBGEFS.BSE_IDX,01/07/2025,12:11:24,4389.72,0,0,0,0,0,0
BBGEFS.BSE_IDX,01/07/2025,12:11:32,4389.91,0,0,0,0,0,0
BBGEFS.BSE_IDX,01/07/2025,12:11:41,4389.87,0,0,0,0,0,0
BBGEFS.BSE_IDX,01/07/2025,12:11:49,4390.48,0,0,0,0,0,0
BBGEFS.BSE_IDX,01/07/2025,12:11:57,4390.27,0,0,0,0,0,0
BBGEFS.BSE_IDX,01/07/2025,12:12:05,4390.52,0,0,0,0,0,0
BBGEFS.BSE_IDX,01/07/2025,12:12:13,4390.57,0,0,0,0,0,0
BBGEFS.BSE_IDX,01/07/2025,12:12:21,4390.77,0,0,0,0,0,0
BBGEFS.BSE_IDX,01/07/2025,12:12:29,4390.49,0,0,0,0,0,0
BBGEFS.BSE_IDX,01/07/2025,12:12:37,4390.95,0,0,0,0,0,0
BBGEFS.BSE_IDX,01/07/2025,12:12:45,4390.81,0,0,0,0,0,0
BBGEFS.BSE_IDX,01/07/2025,12:12:53,4390.27,0,0,0,0,0,0
BBGEFS.BSE_IDX,01/07/2025,12:13:01,4390.66,0,0,0,0,0,0
BBGEFS.BSE_IDX,01/07/2025,12:13:09,4390.66,0,0,0,0,0,0
BBGEFS.BSE_IDX,01/07/2025,12:13:17,4390.65,0,0,0,0,0,0
BBGEFS.BSE_IDX,01/07/2025,12:13:25,4390.76,0,0,0,0,0,0
BBGEFS.BSE_IDX,01/07/2025,12:13:33,4391.24,0,0,0,0,0,0
BBGEFS.BSE_IDX,01/07/2025,12:13:41,4391.87,0,0,0,0,0,0
BBGEFS.BSE_IDX,01/07/2025,12:13:49,4391.06,0,0,0,0,0,0
BBGEFS.BSE_IDX,01/07/2025,12:13:57,4390.81,0,0,0,0,0,0
BBGEFS.BSE_IDX,01/07/2025,12:14:05,4390.95,0,0,0,0,0,0
BBGEFS.BSE_IDX,01/07/2025,12:14:13,4391.24,0,0,0,0,0,0
BBGEFS.BSE_IDX,01/07/2025,12:14:21,4391.49,0,0,0,0,0,0
BBGEFS.BSE_IDX,01/07/2025,12:14:29,4391.36,0,0,0,0,0,0
BBGEFS.BSE_IDX,01/07/2025,12:14:37,4391.26,0,0,0,0,0,0
BBGEFS.BSE_IDX,01/07/2025,12:14:46,4391.42,0,0,0,0,0,0
BBGEFS.BSE_IDX,01/07/2025,12:14:54,4391.2,0,0,0,0,0,0
BBGEFS.BSE_IDX,01/07/2025,12:15:01,4391.35,0,0,0,0,0,0
BBGEFS.BSE_IDX,01/07/2025,12:15:09,4391.39,0,0,0,0,0,0
BBGEFS.BSE_IDX,01/07/2025,12:15:17,4391.52,0,0,0,0,0,0
BBGEFS.BSE_IDX,01/07/2025,12:15:25,4391.7,0,0,0,0,0,0
BBGEFS.BSE_IDX,01/07/2025,12:15:33,4391.53,0,0,0,0,0,0
BBGEFS.BSE_IDX,01/07/2025,12:15:41,4391.62,0,0,0,0,0,0
BBGEFS.BSE_IDX,01/07/2025,12:15:49,4391.22,0,0,0,0,0,0
BBGEFS.BSE_IDX,01/07/2025,12:15:57,4391.29,0,0,0,0,0,0
BBGEFS.BSE_IDX,01/07/2025,12:16:05,4391.47,0,0,0,0,0,0
BBGEFS.BSE_IDX,01/07/2025,12:16:13,4391.7,0,0,0,0,0,0
BBGEFS.BSE_IDX,01/07/2025,12:16:21,4392.37,0,0,0,0,0,0
BBGEFS.BSE_IDX,01/07/2025,12:16:29,4392.48,0,0,0,0,0,0
BBGEFS.BSE_IDX,01/07/2025,12:16:37,4392.31,0,0,0,0,0,0
BBGEFS.BSE_IDX,01/07/2025,12:16:45,4392.2,0,0,0,0,0,0
BBGEFS.BSE_IDX,01/07/2025,12:16:53,4391.69,0,0,0,0,0,0
BBGEFS.BSE_IDX,01/07/2025,12:17:01,4391.55,0,0,0,0,0,0
BBGEFS.BSE_IDX,01/07/2025,12:17:09,4392.37,0,0,0,0,0,0
BBGEFS.BSE_IDX,01/07/2025,12:17:17,4392.68,0,0,0,0,0,0
BBGEFS.BSE_IDX,01/07/2025,12:17:25,4392.15,0,0,0,0,0,0
BBGEFS.BSE_IDX,01/07/2025,12:17:33,4392.73,0,0,0,0,0,0
BBGEFS.BSE_IDX,01/07/2025,12:17:41,4392.23,0,0,0,0,0,0
BBGEFS.BSE_IDX,01/07/2025,12:17:49,4392.33,0,0,0,0,0,0
BBGEFS.BSE_IDX,01/07/2025,12:17:57,4392.65,0,0,0,0,0,0
BBGEFS.BSE_IDX,01/07/2025,12:18:05,4392.83,0,0,0,0,0,0
BBGEFS.BSE_IDX,01/07/2025,12:18:13,4392.8,0,0,0,0,0,0
BBGEFS.BSE_IDX,01/07/2025,12:18:21,4392.66,0,0,0,0,0,0
BBGEFS.BSE_IDX,01/07/2025,12:18:29,4393.35,0,0,0,0,0,0
BBGEFS.BSE_IDX,01/07/2025,12:18:37,4393.58,0,0,0,0,0,0
BBGEFS.BSE_IDX,01/07/2025,12:18:45,4394.13,0,0,0,0,0,0
BBGEFS.BSE_IDX,01/07/2025,12:18:53,4394.1,0,0,0,0,0,0
BBGEFS.BSE_IDX,01/07/2025,12:19:01,4394.39,0,0,0,0,0,0
BBGEFS.BSE_IDX,01/07/2025,12:19:09,4394.54,0,0,0,0,0,0
BBGEFS.BSE_IDX,01/07/2025,12:19:17,4394.46,0,0,0,0,0,0
BBGEFS.BSE_IDX,01/07/2025,12:19:25,4394.57,0,0,0,0,0,0
BBGEFS.BSE_IDX,01/07/2025,12:19:33,4395.01,0,0,0,0,0,0
BBGEFS.BSE_IDX,01/07/2025,12:19:41,4395.22,0,0,0,0,0,0
BBGEFS.BSE_IDX,01/07/2025,12:19:49,4395.11,0,0,0,0,0,0
BBGEFS.BSE_IDX,01/07/2025,12:19:57,4395.48,0,0,0,0,0,0
BBGEFS.BSE_IDX,01/07/2025,12:20:05,4396.33,0,0,0,0,0,0
BBGEFS.BSE_IDX,01/07/2025,12:20:13,4395.74,0,0,0,0,0,0
BBGEFS.BSE_IDX,01/07/2025,12:20:21,4395.99,0,0,0,0,0,0
BBGEFS.BSE_IDX,01/07/2025,12:20:29,4396.41,0,0,0,0,0,0
BBGEFS.BSE_IDX,01/07/2025,12:20:37,4396.54,0,0,0,0,0,0
BBGEFS.BSE_IDX,01/07/2025,12:20:45,4396.19,0,0,0,0,0,0
BBGEFS.BSE_IDX,01/07/2025,12:20:53,4396.85,0,0,0,0,0,0
BBGEFS.BSE_IDX,01/07/2025,12:21:01,4396.47,0,0,0,0,0,0
BBGEFS.BSE_IDX,01/07/2025,12:21:09,4396.45,0,0,0,0,0,0
BBGEFS.BSE_IDX,01/07/2025,12:21:17,4395.7,0,0,0,0,0,0
BBGEFS.BSE_IDX,01/07/2025,12:21:25,4396.25,0,0,0,0,0,0
BBGEFS.BSE_IDX,01/07/2025,12:21:33,4396.44,0,0,0,0,0,0
BBGEFS.BSE_IDX,01/07/2025,12:21:41,4396.78,0,0,0,0,0,0
BBGEFS.BSE_IDX,01/07/2025,12:21:49,4396.62,0,0,0,0,0,0
BBGEFS.BSE_IDX,01/07/2025,12:21:57,4396.93,0,0,0,0,0,0
BBGEFS.BSE_IDX,01/07/2025,12:22:05,4397.06,0,0,0,0,0,0
BBGEFS.BSE_IDX,01/07/2025,12:22:13,4396.44,0,0,0,0,0,0
BBGEFS.BSE_IDX,01/07/2025,12:22:21,4396.65,0,0,0,0,0,0
BBGEFS.BSE_IDX,01/07/2025,12:22:29,4396.97,0,0,0,0,0,0
BBGEFS.BSE_IDX,01/07/2025,12:22:37,4396.26,0,0,0,0,0,0
BBGEFS.BSE_IDX,01/07/2025,12:22:45,4395.4,0,0,0,0,0,0
BBGEFS.BSE_IDX,01/07/2025,12:22:53,4395.41,0,0,0,0,0,0
BBGEFS.BSE_IDX,01/07/2025,12:23:02,4395.51,0,0,0,0,0,0
BBGEFS.BSE_IDX,01/07/2025,12:23:09,4395.98,0,0,0,0,0,0
BBGEFS.BSE_IDX,01/07/2025,12:23:17,4395.94,0,0,0,0,0,0
BBGEFS.BSE_IDX,01/07/2025,12:23:25,4395.91,0,0,0,0,0,0
BBGEFS.BSE_IDX,01/07/2025,12:23:33,4395.3,0,0,0,0,0,0
BBGEFS.BSE_IDX,01/07/2025,12:23:41,4395.76,0,0,0,0,0,0
BBGEFS.BSE_IDX,01/07/2025,12:23:49,4395.81,0,0,0,0,0,0
BBGEFS.BSE_IDX,01/07/2025,12:23:57,4395.84,0,0,0,0,0,0
BBGEFS.BSE_IDX,01/07/2025,12:24:05,4395.54,0,0,0,0,0,0
BBGEFS.BSE_IDX,01/07/2025,12:24:13,4396.49,0,0,0,0,0,0
BBGEFS.BSE_IDX,01/07/2025,12:24:21,4397.15,0,0,0,0,0,0
BBGEFS.BSE_IDX,01/07/2025,12:24:29,4396.83,0,0,0,0,0,0
BBGEFS.BSE_IDX,01/07/2025,12:24:37,4396.85,0,0,0,0,0,0
BBGEFS.BSE_IDX,01/07/2025,12:24:45,4397.02,0,0,0,0,0,0
BBGEFS.BSE_IDX,01/07/2025,12:24:53,4396.62,0,0,0,0,0,0
BBGEFS.BSE_IDX,01/07/2025,12:25:01,4397.03,0,0,0,0,0,0
BBGEFS.BSE_IDX,01/07/2025,12:25:09,4397.29,0,0,0,0,0,0
BBGEFS.BSE_IDX,01/07/2025,12:25:17,4397,0,0,0,0,0,0
BBGEFS.BSE_IDX,01/07/2025,12:25:25,4396.93,0,0,0,0,0,0
BBGEFS.BSE_IDX,01/07/2025,12:25:33,4397.57,0,0,0,0,0,0
BBGEFS.BSE_IDX,01/07/2025,12:25:41,4397.61,0,0,0,0,0,0
BBGEFS.BSE_IDX,01/07/2025,12:25:49,4397.14,0,0,0,0,0,0
BBGEFS.BSE_IDX,01/07/2025,12:25:57,4397.24,0,0,0,0,0,0
BBGEFS.BSE_IDX,01/07/2025,12:26:05,4397.28,0,0,0,0,0,0
BBGEFS.BSE_IDX,01/07/2025,12:26:13,4397.62,0,0,0,0,0,0
BBGEFS.BSE_IDX,01/07/2025,12:26:21,4397.02,0,0,0,0,0,0
BBGEFS.BSE_IDX,01/07/2025,12:26:31,4397.03,0,0,0,0,0,0
BBGEFS.BSE_IDX,01/07/2025,12:26:37,4397.26,0,0,0,0,0,0
BBGEFS.BSE_IDX,01/07/2025,12:26:45,4397.49,0,0,0,0,0,0
BBGEFS.BSE_IDX,01/07/2025,12:26:53,4398.04,0,0,0,0,0,0
BBGEFS.BSE_IDX,01/07/2025,12:27:01,4398.28,0,0,0,0,0,0
BBGEFS.BSE_IDX,01/07/2025,12:27:09,4397.88,0,0,0,0,0,0
BBGEFS.BSE_IDX,01/07/2025,12:27:17,4398.11,0,0,0,0,0,0
BBGEFS.BSE_IDX,01/07/2025,12:27:25,4398.4,0,0,0,0,0,0
BBGEFS.BSE_IDX,01/07/2025,12:27:33,4398.47,0,0,0,0,0,0
BBGEFS.BSE_IDX,01/07/2025,12:27:41,4398.8,0,0,0,0,0,0
BBGEFS.BSE_IDX,01/07/2025,12:27:49,4398.27,0,0,0,0,0,0
BBGEFS.BSE_IDX,01/07/2025,12:27:57,4398.22,0,0,0,0,0,0
BBGEFS.BSE_IDX,01/07/2025,12:28:05,4398.33,0,0,0,0,0,0
BBGEFS.BSE_IDX,01/07/2025,12:28:13,4398.68,0,0,0,0,0,0
BBGEFS.BSE_IDX,01/07/2025,12:28:21,4398.49,0,0,0,0,0,0
BBGEFS.BSE_IDX,01/07/2025,12:28:29,4397.92,0,0,0,0,0,0
BBGEFS.BSE_IDX,01/07/2025,12:28:37,4398.19,0,0,0,0,0,0
BBGEFS.BSE_IDX,01/07/2025,12:28:45,4397.4,0,0,0,0,0,0
BBGEFS.BSE_IDX,01/07/2025,12:28:53,4396.86,0,0,0,0,0,0
BBGEFS.BSE_IDX,01/07/2025,12:29:01,4396.65,0,0,0,0,0,0
BBGEFS.BSE_IDX,01/07/2025,12:29:10,4396.25,0,0,0,0,0,0
BBGEFS.BSE_IDX,01/07/2025,12:29:18,4396.71,0,0,0,0,0,0
BBGEFS.BSE_IDX,01/07/2025,12:29:25,4397.12,0,0,0,0,0,0
BBGEFS.BSE_IDX,01/07/2025,12:29:33,4396.42,0,0,0,0,0,0
BBGEFS.BSE_IDX,01/07/2025,12:29:41,4396.42,0,0,0,0,0,0
BBGEFS.BSE_IDX,01/07/2025,12:29:49,4396.12,0,0,0,0,0,0
BBGEFS.BSE_IDX,01/07/2025,12:29:57,4397.02,0,0,0,0,0,0
BBGEFS.BSE_IDX,01/07/2025,12:30:05,4397.77,0,0,0,0,0,0
BBGEFS.BSE_IDX,01/07/2025,12:30:13,4397.82,0,0,0,0,0,0
BBGEFS.BSE_IDX,01/07/2025,12:30:22,4397.13,0,0,0,0,0,0
BBGEFS.BSE_IDX,01/07/2025,12:30:29,4397.37,0,0,0,0,0,0
BBGEFS.BSE_IDX,01/07/2025,12:30:37,4397.21,0,0,0,0,0,0
BBGEFS.BSE_IDX,01/07/2025,12:30:45,4397.19,0,0,0,0,0,0
BBGEFS.BSE_IDX,01/07/2025,12:30:53,4397.65,0,0,0,0,0,0
BBGEFS.BSE_IDX,01/07/2025,12:31:01,4398.14,0,0,0,0,0,0
BBGEFS.BSE_IDX,01/07/2025,12:31:09,4397.63,0,0,0,0,0,0
BBGEFS.BSE_IDX,01/07/2025,12:31:17,4397.36,0,0,0,0,0,0
BBGEFS.BSE_IDX,01/07/2025,12:31:25,4396.52,0,0,0,0,0,0
BBGEFS.BSE_IDX,01/07/2025,12:31:34,4396.63,0,0,0,0,0,0
BBGEFS.BSE_IDX,01/07/2025,12:31:41,4395.63,0,0,0,0,0,0
BBGEFS.BSE_IDX,01/07/2025,12:31:49,4395.54,0,0,0,0,0,0
BBGEFS.BSE_IDX,01/07/2025,12:31:57,4395.55,0,0,0,0,0,0
BBGEFS.BSE_IDX,01/07/2025,12:32:05,4395.73,0,0,0,0,0,0
BBGEFS.BSE_IDX,01/07/2025,12:32:13,4395.75,0,0,0,0,0,0
BBGEFS.BSE_IDX,01/07/2025,12:32:21,4396.01,0,0,0,0,0,0
BBGEFS.BSE_IDX,01/07/2025,12:32:29,4396.02,0,0,0,0,0,0
BBGEFS.BSE_IDX,01/07/2025,12:32:37,4395.67,0,0,0,0,0,0
BBGEFS.BSE_IDX,01/07/2025,12:32:45,4395.58,0,0,0,0,0,0
BBGEFS.BSE_IDX,01/07/2025,12:32:53,4395.7,0,0,0,0,0,0
BBGEFS.BSE_IDX,01/07/2025,12:33:01,4395.61,0,0,0,0,0,0
BBGEFS.BSE_IDX,01/07/2025,12:33:09,4395.58,0,0,0,0,0,0
BBGEFS.BSE_IDX,01/07/2025,12:33:17,4395.85,0,0,0,0,0,0
BBGEFS.BSE_IDX,01/07/2025,12:33:26,4395.82,0,0,0,0,0,0
BBGEFS.BSE_IDX,01/07/2025,12:33:33,4395.69,0,0,0,0,0,0
BBGEFS.BSE_IDX,01/07/2025,12:33:41,4395.66,0,0,0,0,0,0
BBGEFS.BSE_IDX,01/07/2025,12:33:49,4395.81,0,0,0,0,0,0
BBGEFS.BSE_IDX,01/07/2025,12:33:57,4395.39,0,0,0,0,0,0
BBGEFS.BSE_IDX,01/07/2025,12:34:05,4396.23,0,0,0,0,0,0
BBGEFS.BSE_IDX,01/07/2025,12:34:13,4396.71,0,0,0,0,0,0
BBGEFS.BSE_IDX,01/07/2025,12:34:21,4396.94,0,0,0,0,0,0
BBGEFS.BSE_IDX,01/07/2025,12:34:29,4397.17,0,0,0,0,0,0
BBGEFS.BSE_IDX,01/07/2025,12:34:37,4397.27,0,0,0,0,0,0
BBGEFS.BSE_IDX,01/07/2025,12:34:45,4397.34,0,0,0,0,0,0
BBGEFS.BSE_IDX,01/07/2025,12:34:53,4397.82,0,0,0,0,0,0
BBGEFS.BSE_IDX,01/07/2025,12:35:01,4397.73,0,0,0,0,0,0
BBGEFS.BSE_IDX,01/07/2025,12:35:09,4397.38,0,0,0,0,0,0
BBGEFS.BSE_IDX,01/07/2025,12:35:17,4397.68,0,0,0,0,0,0
BBGEFS.BSE_IDX,01/07/2025,12:35:25,4398.01,0,0,0,0,0,0
BBGEFS.BSE_IDX,01/07/2025,12:35:33,4397.8,0,0,0,0,0,0
BBGEFS.BSE_IDX,01/07/2025,12:35:41,4397.5,0,0,0,0,0,0
BBGEFS.BSE_IDX,01/07/2025,12:35:49,4398.18,0,0,0,0,0,0
BBGEFS.BSE_IDX,01/07/2025,12:35:57,4397.93,0,0,0,0,0,0
BBGEFS.BSE_IDX,01/07/2025,12:36:05,4399.1,0,0,0,0,0,0
BBGEFS.BSE_IDX,01/07/2025,12:36:13,4399.18,0,0,0,0,0,0
BBGEFS.BSE_IDX,01/07/2025,12:36:21,4399.06,0,0,0,0,0,0
BBGEFS.BSE_IDX,01/07/2025,12:36:29,4399.37,0,0,0,0,0,0
BBGEFS.BSE_IDX,01/07/2025,12:36:37,4399.37,0,0,0,0,0,0
BBGEFS.BSE_IDX,01/07/2025,12:36:45,4399.59,0,0,0,0,0,0
BBGEFS.BSE_IDX,01/07/2025,12:36:53,4399.82,0,0,0,0,0,0
BBGEFS.BSE_IDX,01/07/2025,12:37:01,4399.5,0,0,0,0,0,0
BBGEFS.BSE_IDX,01/07/2025,12:37:09,4399.57,0,0,0,0,0,0
BBGEFS.BSE_IDX,01/07/2025,12:37:17,4399.91,0,0,0,0,0,0
BBGEFS.BSE_IDX,01/07/2025,12:37:25,4399.42,0,0,0,0,0,0
BBGEFS.BSE_IDX,01/07/2025,12:37:33,4400.08,0,0,0,0,0,0
BBGEFS.BSE_IDX,01/07/2025,12:37:41,4399.97,0,0,0,0,0,0
BBGEFS.BSE_IDX,01/07/2025,12:37:49,4399.62,0,0,0,0,0,0
BBGEFS.BSE_IDX,01/07/2025,12:37:57,4399.31,0,0,0,0,0,0
BBGEFS.BSE_IDX,01/07/2025,12:38:05,4399.69,0,0,0,0,0,0
BBGEFS.BSE_IDX,01/07/2025,12:38:13,4399.5,0,0,0,0,0,0
BBGEFS.BSE_IDX,01/07/2025,12:38:22,4399.48,0,0,0,0,0,0
BBGEFS.BSE_IDX,01/07/2025,12:38:29,4398.99,0,0,0,0,0,0
BBGEFS.BSE_IDX,01/07/2025,12:38:39,4399.22,0,0,0,0,0,0
BBGEFS.BSE_IDX,01/07/2025,12:38:45,4398.79,0,0,0,0,0,0
BBGEFS.BSE_IDX,01/07/2025,12:38:53,4399.37,0,0,0,0,0,0
BBGEFS.BSE_IDX,01/07/2025,12:39:01,4399.45,0,0,0,0,0,0
BBGEFS.BSE_IDX,01/07/2025,12:39:10,4398.99,0,0,0,0,0,0
BBGEFS.BSE_IDX,01/07/2025,12:39:18,4399.4,0,0,0,0,0,0
BBGEFS.BSE_IDX,01/07/2025,12:39:25,4399.29,0,0,0,0,0,0
BBGEFS.BSE_IDX,01/07/2025,12:39:34,4399.3,0,0,0,0,0,0
BBGEFS.BSE_IDX,01/07/2025,12:39:42,4399.75,0,0,0,0,0,0
BBGEFS.BSE_IDX,01/07/2025,12:39:49,4399.97,0,0,0,0,0,0
BBGEFS.BSE_IDX,01/07/2025,12:39:57,4400.02,0,0,0,0,0,0
BBGEFS.BSE_IDX,01/07/2025,12:40:05,4400.51,0,0,0,0,0,0
BBGEFS.BSE_IDX,01/07/2025,12:40:14,4399.99,0,0,0,0,0,0
BBGEFS.BSE_IDX,01/07/2025,12:40:21,4400,0,0,0,0,0,0
BBGEFS.BSE_IDX,01/07/2025,12:40:29,4400.15,0,0,0,0,0,0
BBGEFS.BSE_IDX,01/07/2025,12:40:37,4400.15,0,0,0,0,0,0
BBGEFS.BSE_IDX,01/07/2025,12:40:45,4399.73,0,0,0,0,0,0
BBGEFS.BSE_IDX,01/07/2025,12:40:54,4399.95,0,0,0,0,0,0
BBGEFS.BSE_IDX,01/07/2025,12:41:01,4400.39,0,0,0,0,0,0
BBGEFS.BSE_IDX,01/07/2025,12:41:09,4400.29,0,0,0,0,0,0
BBGEFS.BSE_IDX,01/07/2025,12:41:17,4400.19,0,0,0,0,0,0
BBGEFS.BSE_IDX,01/07/2025,12:41:25,4400.23,0,0,0,0,0,0
BBGEFS.BSE_IDX,01/07/2025,12:41:33,4399.65,0,0,0,0,0,0
BBGEFS.BSE_IDX,01/07/2025,12:41:50,4400.77,0,0,0,0,0,0
BBGEFS.BSE_IDX,01/07/2025,12:41:58,4400.61,0,0,0,0,0,0
BBGEFS.BSE_IDX,01/07/2025,12:42:05,4400.26,0,0,0,0,0,0
BBGEFS.BSE_IDX,01/07/2025,12:42:13,4400.27,0,0,0,0,0,0
BBGEFS.BSE_IDX,01/07/2025,12:42:21,4400.17,0,0,0,0,0,0
BBGEFS.BSE_IDX,01/07/2025,12:42:29,4400.17,0,0,0,0,0,0
BBGEFS.BSE_IDX,01/07/2025,12:42:37,4399.94,0,0,0,0,0,0
BBGEFS.BSE_IDX,01/07/2025,12:42:46,4400.19,0,0,0,0,0,0
BBGEFS.BSE_IDX,01/07/2025,12:42:53,4400.15,0,0,0,0,0,0
BBGEFS.BSE_IDX,01/07/2025,12:43:01,4400.19,0,0,0,0,0,0
BBGEFS.BSE_IDX,01/07/2025,12:43:10,4400.43,0,0,0,0,0,0
BBGEFS.BSE_IDX,01/07/2025,12:43:17,4400.39,0,0,0,0,0,0
BBGEFS.BSE_IDX,01/07/2025,12:43:26,4400.84,0,0,0,0,0,0
BBGEFS.BSE_IDX,01/07/2025,12:43:34,4400.49,0,0,0,0,0,0
BBGEFS.BSE_IDX,01/07/2025,12:43:42,4400.23,0,0,0,0,0,0
BBGEFS.BSE_IDX,01/07/2025,12:43:49,4400.12,0,0,0,0,0,0
BBGEFS.BSE_IDX,01/07/2025,12:43:58,4400.42,0,0,0,0,0,0
BBGEFS.BSE_IDX,01/07/2025,12:44:05,4400.33,0,0,0,0,0,0
BBGEFS.BSE_IDX,01/07/2025,12:44:14,4400.09,0,0,0,0,0,0
BBGEFS.BSE_IDX,01/07/2025,12:44:22,4399.11,0,0,0,0,0,0
BBGEFS.BSE_IDX,01/07/2025,12:44:29,4398.91,0,0,0,0,0,0
BBGEFS.BSE_IDX,01/07/2025,12:44:38,4399.07,0,0,0,0,0,0
BBGEFS.BSE_IDX,01/07/2025,12:44:46,4399.29,0,0,0,0,0,0
BBGEFS.BSE_IDX,01/07/2025,12:44:53,4398.41,0,0,0,0,0,0
BBGEFS.BSE_IDX,01/07/2025,12:45:01,4398.4,0,0,0,0,0,0
BBGEFS.BSE_IDX,01/07/2025,12:45:11,4398.65,0,0,0,0,0,0
BBGEFS.BSE_IDX,01/07/2025,12:45:18,4398.57,0,0,0,0,0,0
BBGEFS.BSE_IDX,01/07/2025,12:45:26,4398.88,0,0,0,0,0,0
BBGEFS.BSE_IDX,01/07/2025,12:45:34,4398.83,0,0,0,0,0,0
BBGEFS.BSE_IDX,01/07/2025,12:45:42,4398.78,0,0,0,0,0,0
BBGEFS.BSE_IDX,01/07/2025,12:45:50,4398.35,0,0,0,0,0,0
BBGEFS.BSE_IDX,01/07/2025,12:45:58,4398.39,0,0,0,0,0,0
BBGEFS.BSE_IDX,01/07/2025,12:46:06,4398.68,0,0,0,0,0,0
BBGEFS.BSE_IDX,01/07/2025,12:46:14,4397.94,0,0,0,0,0,0
BBGEFS.BSE_IDX,01/07/2025,12:46:22,4398.61,0,0,0,0,0,0
BBGEFS.BSE_IDX,01/07/2025,12:46:30,4398.39,0,0,0,0,0,0
BBGEFS.BSE_IDX,01/07/2025,12:46:38,4397.85,0,0,0,0,0,0
BBGEFS.BSE_IDX,01/07/2025,12:46:46,4398.22,0,0,0,0,0,0
BBGEFS.BSE_IDX,01/07/2025,12:46:54,4397.75,0,0,0,0,0,0
BBGEFS.BSE_IDX,01/07/2025,12:47:02,4397.86,0,0,0,0,0,0
BBGEFS.BSE_IDX,01/07/2025,12:47:10,4397.76,0,0,0,0,0,0
BBGEFS.BSE_IDX,01/07/2025,12:47:18,4397.84,0,0,0,0,0,0
BBGEFS.BSE_IDX,01/07/2025,12:47:26,4398.21,0,0,0,0,0,0
BBGEFS.BSE_IDX,01/07/2025,12:47:34,4398.18,0,0,0,0,0,0
BBGEFS.BSE_IDX,01/07/2025,12:47:42,4397.93,0,0,0,0,0,0
BBGEFS.BSE_IDX,01/07/2025,12:47:50,4398.39,0,0,0,0,0,0
BBGEFS.BSE_IDX,01/07/2025,12:47:58,4398.35,0,0,0,0,0,0
BBGEFS.BSE_IDX,01/07/2025,12:48:06,4398.09,0,0,0,0,0,0
BBGEFS.BSE_IDX,01/07/2025,12:48:14,4398.39,0,0,0,0,0,0
BBGEFS.BSE_IDX,01/07/2025,12:48:22,4398.16,0,0,0,0,0,0
BBGEFS.BSE_IDX,01/07/2025,12:48:30,4398.91,0,0,0,0,0,0
BBGEFS.BSE_IDX,01/07/2025,12:48:38,4398.65,0,0,0,0,0,0
BBGEFS.BSE_IDX,01/07/2025,12:48:46,4398.78,0,0,0,0,0,0
BBGEFS.BSE_IDX,01/07/2025,12:48:54,4399.22,0,0,0,0,0,0
BBGEFS.BSE_IDX,01/07/2025,12:49:02,4399.3,0,0,0,0,0,0
BBGEFS.BSE_IDX,01/07/2025,12:49:10,4399.08,0,0,0,0,0,0
BBGEFS.BSE_IDX,01/07/2025,12:49:18,4398.88,0,0,0,0,0,0
BBGEFS.BSE_IDX,01/07/2025,12:49:26,4399.08,0,0,0,0,0,0
BBGEFS.BSE_IDX,01/07/2025,12:49:34,4398.96,0,0,0,0,0,0
BBGEFS.BSE_IDX,01/07/2025,12:49:42,4398.94,0,0,0,0,0,0
BBGEFS.BSE_IDX,01/07/2025,12:49:50,4399.3,0,0,0,0,0,0
BBGEFS.BSE_IDX,01/07/2025,12:49:58,4398.85,0,0,0,0,0,0
BBGEFS.BSE_IDX,01/07/2025,12:50:06,4398.66,0,0,0,0,0,0
BBGEFS.BSE_IDX,01/07/2025,12:50:14,4398.6,0,0,0,0,0,0
BBGEFS.BSE_IDX,01/07/2025,12:50:22,4398.85,0,0,0,0,0,0
BBGEFS.BSE_IDX,01/07/2025,12:50:30,4399.16,0,0,0,0,0,0
BBGEFS.BSE_IDX,01/07/2025,12:50:38,4398.76,0,0,0,0,0,0
BBGEFS.BSE_IDX,01/07/2025,12:50:47,4399.2,0,0,0,0,0,0
BBGEFS.BSE_IDX,01/07/2025,12:50:54,4398.67,0,0,0,0,0,0
BBGEFS.BSE_IDX,01/07/2025,12:51:02,4398.69,0,0,0,0,0,0
BBGEFS.BSE_IDX,01/07/2025,12:51:10,4399.07,0,0,0,0,0,0
BBGEFS.BSE_IDX,01/07/2025,12:51:19,4398.97,0,0,0,0,0,0
BBGEFS.BSE_IDX,01/07/2025,12:51:26,4398.64,0,0,0,0,0,0
BBGEFS.BSE_IDX,01/07/2025,12:51:34,4398.72,0,0,0,0,0,0
BBGEFS.BSE_IDX,01/07/2025,12:51:42,4398.4,0,0,0,0,0,0
BBGEFS.BSE_IDX,01/07/2025,12:51:50,4398.38,0,0,0,0,0,0
BBGEFS.BSE_IDX,01/07/2025,12:51:58,4398.61,0,0,0,0,0,0
BBGEFS.BSE_IDX,01/07/2025,12:52:06,4398.6,0,0,0,0,0,0
BBGEFS.BSE_IDX,01/07/2025,12:52:14,4398.52,0,0,0,0,0,0
BBGEFS.BSE_IDX,01/07/2025,12:52:22,4398.47,0,0,0,0,0,0
BBGEFS.BSE_IDX,01/07/2025,12:52:30,4398.87,0,0,0,0,0,0
BBGEFS.BSE_IDX,01/07/2025,12:52:38,4398.48,0,0,0,0,0,0
BBGEFS.BSE_IDX,01/07/2025,12:52:46,4398.52,0,0,0,0,0,0
BBGEFS.BSE_IDX,01/07/2025,12:52:54,4398.26,0,0,0,0,0,0
BBGEFS.BSE_IDX,01/07/2025,12:53:02,4398.54,0,0,0,0,0,0
BBGEFS.BSE_IDX,01/07/2025,12:53:10,4398.37,0,0,0,0,0,0
BBGEFS.BSE_IDX,01/07/2025,12:53:18,4398.37,0,0,0,0,0,0
BBGEFS.BSE_IDX,01/07/2025,12:53:26,4398.06,0,0,0,0,0,0
BBGEFS.BSE_IDX,01/07/2025,12:53:34,4398.17,0,0,0,0,0,0
BBGEFS.BSE_IDX,01/07/2025,12:53:42,4397.65,0,0,0,0,0,0
BBGEFS.BSE_IDX,01/07/2025,12:53:50,4397.74,0,0,0,0,0,0
BBGEFS.BSE_IDX,01/07/2025,12:53:58,4397.5,0,0,0,0,0,0
BBGEFS.BSE_IDX,01/07/2025,12:54:06,4397.68,0,0,0,0,0,0
BBGEFS.BSE_IDX,01/07/2025,12:54:14,4397.7,0,0,0,0,0,0
BBGEFS.BSE_IDX,01/07/2025,12:54:22,4397.69,0,0,0,0,0,0
BBGEFS.BSE_IDX,01/07/2025,12:54:30,4397.56,0,0,0,0,0,0
BBGEFS.BSE_IDX,01/07/2025,12:54:38,4397.55,0,0,0,0,0,0
BBGEFS.BSE_IDX,01/07/2025,12:54:46,4397.51,0,0,0,0,0,0
BBGEFS.BSE_IDX,01/07/2025,12:54:54,4397.61,0,0,0,0,0,0
BBGEFS.BSE_IDX,01/07/2025,12:55:02,4397.43,0,0,0,0,0,0
BBGEFS.BSE_IDX,01/07/2025,12:55:10,4397.1,0,0,0,0,0,0
BBGEFS.BSE_IDX,01/07/2025,12:55:18,4397.28,0,0,0,0,0,0
BBGEFS.BSE_IDX,01/07/2025,12:55:26,4397.25,0,0,0,0,0,0
BBGEFS.BSE_IDX,01/07/2025,12:55:34,4397.21,0,0,0,0,0,0
BBGEFS.BSE_IDX,01/07/2025,12:55:42,4397.61,0,0,0,0,0,0
BBGEFS.BSE_IDX,01/07/2025,12:55:50,4397.64,0,0,0,0,0,0
BBGEFS.BSE_IDX,01/07/2025,12:55:58,4398.19,0,0,0,0,0,0
BBGEFS.BSE_IDX,01/07/2025,12:56:06,4397.68,0,0,0,0,0,0
BBGEFS.BSE_IDX,01/07/2025,12:56:15,4397.88,0,0,0,0,0,0
BBGEFS.BSE_IDX,01/07/2025,12:56:22,4398.47,0,0,0,0,0,0
BBGEFS.BSE_IDX,01/07/2025,12:56:30,4397.6,0,0,0,0,0,0
BBGEFS.BSE_IDX,01/07/2025,12:56:38,4397.02,0,0,0,0,0,0
BBGEFS.BSE_IDX,01/07/2025,12:56:46,4397.27,0,0,0,0,0,0
BBGEFS.BSE_IDX,01/07/2025,12:56:54,4397.77,0,0,0,0,0,0
BBGEFS.BSE_IDX,01/07/2025,12:57:02,4397.48,0,0,0,0,0,0
BBGEFS.BSE_IDX,01/07/2025,12:57:10,4397.6,0,0,0,0,0,0
BBGEFS.BSE_IDX,01/07/2025,12:57:18,4397.45,0,0,0,0,0,0
BBGEFS.BSE_IDX,01/07/2025,12:57:26,4396.76,0,0,0,0,0,0
BBGEFS.BSE_IDX,01/07/2025,12:57:34,4397.36,0,0,0,0,0,0
BBGEFS.BSE_IDX,01/07/2025,12:57:42,4397.29,0,0,0,0,0,0
BBGEFS.BSE_IDX,01/07/2025,12:57:51,4396.77,0,0,0,0,0,0
BBGEFS.BSE_IDX,01/07/2025,12:57:58,4397.19,0,0,0,0,0,0
BBGEFS.BSE_IDX,01/07/2025,12:58:06,4397.11,0,0,0,0,0,0
BBGEFS.BSE_IDX,01/07/2025,12:58:14,4397.03,0,0,0,0,0,0
BBGEFS.BSE_IDX,01/07/2025,12:58:22,4396.74,0,0,0,0,0,0
BBGEFS.BSE_IDX,01/07/2025,12:58:30,4396.79,0,0,0,0,0,0
