Ticker,Date,Time,LTP,BuyPrice,BuyQty,SellPrice,SellQty,LTQ,OpenInterest
BHRT22.BSE_IDX,01/07/2025,09:00:07,8676.79,0,0,0,0,0,0
BHRT22.BSE_IDX,01/07/2025,09:00:15,8692.56,0,0,0,0,0,0
BHRT22.BSE_IDX,01/07/2025,09:00:23,8671.11,0,0,0,0,0,0
BHRT22.BSE_IDX,01/07/2025,09:00:31,8670.65,0,0,0,0,0,0
BHRT22.BSE_IDX,01/07/2025,09:00:39,8671.84,0,0,0,0,0,0
BHRT22.BSE_IDX,01/07/2025,09:00:47,8667.82,0,0,0,0,0,0
BHRT22.BSE_IDX,01/07/2025,09:00:55,8676.9,0,0,0,0,0,0
BHRT22.BSE_IDX,01/07/2025,09:01:03,8677.62,0,0,0,0,0,0
BHRT22.BSE_IDX,01/07/2025,09:01:11,8678.98,0,0,0,0,0,0
BHRT22.BSE_IDX,01/07/2025,09:01:19,8677.79,0,0,0,0,0,0
BHRT22.BSE_IDX,01/07/2025,09:01:27,8676.74,0,0,0,0,0,0
BHRT22.BSE_IDX,01/07/2025,09:01:35,8675.92,0,0,0,0,0,0
BHRT22.BSE_IDX,01/07/2025,09:01:43,8679.27,0,0,0,0,0,0
BHRT22.BSE_IDX,01/07/2025,09:01:51,8679.27,0,0,0,0,0,0
BHRT22.BSE_IDX,01/07/2025,09:01:59,8678.91,0,0,0,0,0,0
BHRT22.BSE_IDX,01/07/2025,09:02:07,8679.27,0,0,0,0,0,0
BHRT22.BSE_IDX,01/07/2025,09:02:15,8679.76,0,0,0,0,0,0
BHRT22.BSE_IDX,01/07/2025,09:02:23,8679.03,0,0,0,0,0,0
BHRT22.BSE_IDX,01/07/2025,09:02:31,8679.11,0,0,0,0,0,0
BHRT22.BSE_IDX,01/07/2025,09:02:39,8679.86,0,0,0,0,0,0
BHRT22.BSE_IDX,01/07/2025,09:02:47,8679.86,0,0,0,0,0,0
BHRT22.BSE_IDX,01/07/2025,09:02:55,8677.04,0,0,0,0,0,0
BHRT22.BSE_IDX,01/07/2025,09:03:03,8680.55,0,0,0,0,0,0
BHRT22.BSE_IDX,01/07/2025,09:03:11,8678.08,0,0,0,0,0,0
BHRT22.BSE_IDX,01/07/2025,09:03:19,8682.01,0,0,0,0,0,0
BHRT22.BSE_IDX,01/07/2025,09:03:27,8674.57,0,0,0,0,0,0
BHRT22.BSE_IDX,01/07/2025,09:03:35,8674.37,0,0,0,0,0,0
BHRT22.BSE_IDX,01/07/2025,09:03:43,8673.44,0,0,0,0,0,0
BHRT22.BSE_IDX,01/07/2025,09:03:51,8673.02,0,0,0,0,0,0
BHRT22.BSE_IDX,01/07/2025,09:03:59,8675.56,0,0,0,0,0,0
BHRT22.BSE_IDX,01/07/2025,09:04:07,8674.38,0,0,0,0,0,0
BHRT22.BSE_IDX,01/07/2025,09:04:15,8673.06,0,0,0,0,0,0
BHRT22.BSE_IDX,01/07/2025,09:04:23,8676.31,0,0,0,0,0,0
BHRT22.BSE_IDX,01/07/2025,09:04:31,8677.3,0,0,0,0,0,0
BHRT22.BSE_IDX,01/07/2025,09:04:39,8679.37,0,0,0,0,0,0
BHRT22.BSE_IDX,01/07/2025,09:04:47,8673.07,0,0,0,0,0,0
BHRT22.BSE_IDX,01/07/2025,09:04:55,8668.38,0,0,0,0,0,0
BHRT22.BSE_IDX,01/07/2025,09:05:03,8668.33,0,0,0,0,0,0
BHRT22.BSE_IDX,01/07/2025,09:05:11,8668.14,0,0,0,0,0,0
BHRT22.BSE_IDX,01/07/2025,09:05:19,8668.14,0,0,0,0,0,0
BHRT22.BSE_IDX,01/07/2025,09:05:27,8666.83,0,0,0,0,0,0
BHRT22.BSE_IDX,01/07/2025,09:05:35,8666.72,0,0,0,0,0,0
BHRT22.BSE_IDX,01/07/2025,09:05:43,8666.95,0,0,0,0,0,0
BHRT22.BSE_IDX,01/07/2025,09:05:51,8665.29,0,0,0,0,0,0
BHRT22.BSE_IDX,01/07/2025,09:05:59,8664.83,0,0,0,0,0,0
BHRT22.BSE_IDX,01/07/2025,09:06:07,8664.83,0,0,0,0,0,0
BHRT22.BSE_IDX,01/07/2025,09:06:15,8664.9,0,0,0,0,0,0
BHRT22.BSE_IDX,01/07/2025,09:06:23,8665.4,0,0,0,0,0,0
BHRT22.BSE_IDX,01/07/2025,09:06:31,8670.26,0,0,0,0,0,0
BHRT22.BSE_IDX,01/07/2025,09:06:39,8674.4,0,0,0,0,0,0
BHRT22.BSE_IDX,01/07/2025,09:06:47,8673.63,0,0,0,0,0,0
BHRT22.BSE_IDX,01/07/2025,09:06:55,8673.79,0,0,0,0,0,0
BHRT22.BSE_IDX,01/07/2025,09:07:04,8675.87,0,0,0,0,0,0
BHRT22.BSE_IDX,01/07/2025,09:07:11,8675.87,0,0,0,0,0,0
BHRT22.BSE_IDX,01/07/2025,09:07:19,8675.87,0,0,0,0,0,0
BHRT22.BSE_IDX,01/07/2025,09:07:27,8675.87,0,0,0,0,0,0
BHRT22.BSE_IDX,01/07/2025,09:07:35,8675.87,0,0,0,0,0,0
BHRT22.BSE_IDX,01/07/2025,09:07:43,8675.87,0,0,0,0,0,0
BHRT22.BSE_IDX,01/07/2025,09:07:51,8675.87,0,0,0,0,0,0
BHRT22.BSE_IDX,01/07/2025,09:07:59,8675.87,0,0,0,0,0,0
BHRT22.BSE_IDX,01/07/2025,09:08:07,8675.87,0,0,0,0,0,0
BHRT22.BSE_IDX,01/07/2025,09:08:15,8675.87,0,0,0,0,0,0
BHRT22.BSE_IDX,01/07/2025,09:08:23,8675.87,0,0,0,0,0,0
BHRT22.BSE_IDX,01/07/2025,09:08:31,8675.87,0,0,0,0,0,0
BHRT22.BSE_IDX,01/07/2025,09:08:39,8675.87,0,0,0,0,0,0
BHRT22.BSE_IDX,01/07/2025,09:08:47,8675.87,0,0,0,0,0,0
BHRT22.BSE_IDX,01/07/2025,09:08:55,8675.87,0,0,0,0,0,0
BHRT22.BSE_IDX,01/07/2025,09:09:03,8675.72,0,0,0,0,0,0
BHRT22.BSE_IDX,01/07/2025,09:09:11,8675.72,0,0,0,0,0,0
BHRT22.BSE_IDX,01/07/2025,09:09:19,8675.72,0,0,0,0,0,0
BHRT22.BSE_IDX,01/07/2025,09:09:27,8675.72,0,0,0,0,0,0
BHRT22.BSE_IDX,01/07/2025,09:09:35,8675.72,0,0,0,0,0,0
BHRT22.BSE_IDX,01/07/2025,09:09:43,8675.72,0,0,0,0,0,0
BHRT22.BSE_IDX,01/07/2025,09:09:51,8675.72,0,0,0,0,0,0
BHRT22.BSE_IDX,01/07/2025,09:09:59,8675.72,0,0,0,0,0,0
BHRT22.BSE_IDX,01/07/2025,09:10:07,8675.72,0,0,0,0,0,0
BHRT22.BSE_IDX,01/07/2025,09:10:15,8675.72,0,0,0,0,0,0
BHRT22.BSE_IDX,01/07/2025,09:10:23,8675.72,0,0,0,0,0,0
BHRT22.BSE_IDX,01/07/2025,09:10:31,8675.72,0,0,0,0,0,0
BHRT22.BSE_IDX,01/07/2025,09:10:39,8675.72,0,0,0,0,0,0
BHRT22.BSE_IDX,01/07/2025,09:10:47,8675.72,0,0,0,0,0,0
BHRT22.BSE_IDX,01/07/2025,09:10:55,8675.72,0,0,0,0,0,0
BHRT22.BSE_IDX,01/07/2025,09:11:03,8675.72,0,0,0,0,0,0
BHRT22.BSE_IDX,01/07/2025,09:11:11,8675.72,0,0,0,0,0,0
BHRT22.BSE_IDX,01/07/2025,09:11:19,8675.72,0,0,0,0,0,0
BHRT22.BSE_IDX,01/07/2025,09:11:27,8675.72,0,0,0,0,0,0
BHRT22.BSE_IDX,01/07/2025,09:11:35,8675.72,0,0,0,0,0,0
BHRT22.BSE_IDX,01/07/2025,09:11:43,8675.72,0,0,0,0,0,0
BHRT22.BSE_IDX,01/07/2025,09:11:51,8675.72,0,0,0,0,0,0
BHRT22.BSE_IDX,01/07/2025,09:11:59,8675.72,0,0,0,0,0,0
BHRT22.BSE_IDX,01/07/2025,09:12:07,8675.72,0,0,0,0,0,0
BHRT22.BSE_IDX,01/07/2025,09:12:16,8675.72,0,0,0,0,0,0
BHRT22.BSE_IDX,01/07/2025,09:12:23,8675.72,0,0,0,0,0,0
BHRT22.BSE_IDX,01/07/2025,09:12:31,8675.72,0,0,0,0,0,0
BHRT22.BSE_IDX,01/07/2025,09:12:39,8675.72,0,0,0,0,0,0
BHRT22.BSE_IDX,01/07/2025,09:12:47,8675.72,0,0,0,0,0,0
BHRT22.BSE_IDX,01/07/2025,09:12:55,8675.72,0,0,0,0,0,0
BHRT22.BSE_IDX,01/07/2025,09:13:03,8675.72,0,0,0,0,0,0
BHRT22.BSE_IDX,01/07/2025,09:13:11,8675.72,0,0,0,0,0,0
BHRT22.BSE_IDX,01/07/2025,09:13:19,8675.72,0,0,0,0,0,0
BHRT22.BSE_IDX,01/07/2025,09:13:27,8675.72,0,0,0,0,0,0
BHRT22.BSE_IDX,01/07/2025,09:13:35,8675.72,0,0,0,0,0,0
BHRT22.BSE_IDX,01/07/2025,09:13:43,8675.72,0,0,0,0,0,0
BHRT22.BSE_IDX,01/07/2025,09:13:51,8675.72,0,0,0,0,0,0
BHRT22.BSE_IDX,01/07/2025,09:13:59,8675.72,0,0,0,0,0,0
BHRT22.BSE_IDX,01/07/2025,09:14:07,8675.72,0,0,0,0,0,0
BHRT22.BSE_IDX,01/07/2025,09:14:15,8675.72,0,0,0,0,0,0
BHRT22.BSE_IDX,01/07/2025,09:14:23,8675.72,0,0,0,0,0,0
BHRT22.BSE_IDX,01/07/2025,09:14:31,8675.72,0,0,0,0,0,0
BHRT22.BSE_IDX,01/07/2025,09:14:39,8675.72,0,0,0,0,0,0
BHRT22.BSE_IDX,01/07/2025,09:14:47,8675.72,0,0,0,0,0,0
BHRT22.BSE_IDX,01/07/2025,09:14:55,8675.72,0,0,0,0,0,0
BHRT22.BSE_IDX,01/07/2025,09:15:04,8680.01,0,0,0,0,0,0
BHRT22.BSE_IDX,01/07/2025,09:15:11,8675.71,0,0,0,0,0,0
BHRT22.BSE_IDX,01/07/2025,09:15:19,8672.94,0,0,0,0,0,0
BHRT22.BSE_IDX,01/07/2025,09:15:27,8665.25,0,0,0,0,0,0
BHRT22.BSE_IDX,01/07/2025,09:15:35,8661.41,0,0,0,0,0,0
BHRT22.BSE_IDX,01/07/2025,09:15:43,8662.53,0,0,0,0,0,0
BHRT22.BSE_IDX,01/07/2025,09:15:51,8662.32,0,0,0,0,0,0
BHRT22.BSE_IDX,01/07/2025,09:15:59,8662.41,0,0,0,0,0,0
BHRT22.BSE_IDX,01/07/2025,09:16:07,8662.04,0,0,0,0,0,0
BHRT22.BSE_IDX,01/07/2025,09:16:15,8663.36,0,0,0,0,0,0
BHRT22.BSE_IDX,01/07/2025,09:16:24,8662.67,0,0,0,0,0,0
BHRT22.BSE_IDX,01/07/2025,09:16:31,8660.39,0,0,0,0,0,0
BHRT22.BSE_IDX,01/07/2025,09:16:39,8661.37,0,0,0,0,0,0
BHRT22.BSE_IDX,01/07/2025,09:16:48,8658.86,0,0,0,0,0,0
BHRT22.BSE_IDX,01/07/2025,09:16:55,8658.81,0,0,0,0,0,0
BHRT22.BSE_IDX,01/07/2025,09:17:03,8658.89,0,0,0,0,0,0
BHRT22.BSE_IDX,01/07/2025,09:17:12,8660.3,0,0,0,0,0,0
BHRT22.BSE_IDX,01/07/2025,09:17:19,8660.32,0,0,0,0,0,0
BHRT22.BSE_IDX,01/07/2025,09:17:27,8661.21,0,0,0,0,0,0
BHRT22.BSE_IDX,01/07/2025,09:17:35,8662,0,0,0,0,0,0
BHRT22.BSE_IDX,01/07/2025,09:17:44,8663.03,0,0,0,0,0,0
BHRT22.BSE_IDX,01/07/2025,09:17:51,8665.8,0,0,0,0,0,0
BHRT22.BSE_IDX,01/07/2025,09:17:59,8664.61,0,0,0,0,0,0
BHRT22.BSE_IDX,01/07/2025,09:18:07,8665.26,0,0,0,0,0,0
BHRT22.BSE_IDX,01/07/2025,09:18:15,8665.87,0,0,0,0,0,0
BHRT22.BSE_IDX,01/07/2025,09:18:23,8665.12,0,0,0,0,0,0
BHRT22.BSE_IDX,01/07/2025,09:18:31,8664.58,0,0,0,0,0,0
BHRT22.BSE_IDX,01/07/2025,09:18:39,8664.66,0,0,0,0,0,0
BHRT22.BSE_IDX,01/07/2025,09:18:47,8664.38,0,0,0,0,0,0
BHRT22.BSE_IDX,01/07/2025,09:18:56,8665.2,0,0,0,0,0,0
BHRT22.BSE_IDX,01/07/2025,09:19:03,8664.17,0,0,0,0,0,0
BHRT22.BSE_IDX,01/07/2025,09:19:11,8662.37,0,0,0,0,0,0
BHRT22.BSE_IDX,01/07/2025,09:19:19,8664.1,0,0,0,0,0,0
BHRT22.BSE_IDX,01/07/2025,09:19:28,8664.19,0,0,0,0,0,0
BHRT22.BSE_IDX,01/07/2025,09:19:35,8665.4,0,0,0,0,0,0
BHRT22.BSE_IDX,01/07/2025,09:19:43,8664.24,0,0,0,0,0,0
BHRT22.BSE_IDX,01/07/2025,09:19:52,8664.17,0,0,0,0,0,0
BHRT22.BSE_IDX,01/07/2025,09:19:59,8663.56,0,0,0,0,0,0
BHRT22.BSE_IDX,01/07/2025,09:20:07,8663.97,0,0,0,0,0,0
BHRT22.BSE_IDX,01/07/2025,09:20:15,8665.18,0,0,0,0,0,0
BHRT22.BSE_IDX,01/07/2025,09:20:24,8663.51,0,0,0,0,0,0
BHRT22.BSE_IDX,01/07/2025,09:20:31,8662.98,0,0,0,0,0,0
BHRT22.BSE_IDX,01/07/2025,09:20:39,8663.9,0,0,0,0,0,0
BHRT22.BSE_IDX,01/07/2025,09:20:47,8662.63,0,0,0,0,0,0
BHRT22.BSE_IDX,01/07/2025,09:20:55,8663.57,0,0,0,0,0,0
BHRT22.BSE_IDX,01/07/2025,09:21:03,8662.67,0,0,0,0,0,0
BHRT22.BSE_IDX,01/07/2025,09:21:11,8663.13,0,0,0,0,0,0
BHRT22.BSE_IDX,01/07/2025,09:21:19,8664.43,0,0,0,0,0,0
BHRT22.BSE_IDX,01/07/2025,09:21:27,8662.96,0,0,0,0,0,0
BHRT22.BSE_IDX,01/07/2025,09:21:36,8662.46,0,0,0,0,0,0
BHRT22.BSE_IDX,01/07/2025,09:21:43,8663.86,0,0,0,0,0,0
BHRT22.BSE_IDX,01/07/2025,09:21:51,8664.14,0,0,0,0,0,0
BHRT22.BSE_IDX,01/07/2025,09:21:59,8664.32,0,0,0,0,0,0
BHRT22.BSE_IDX,01/07/2025,09:22:07,8663.95,0,0,0,0,0,0
BHRT22.BSE_IDX,01/07/2025,09:22:15,8664.87,0,0,0,0,0,0
BHRT22.BSE_IDX,01/07/2025,09:22:23,8665.3,0,0,0,0,0,0
BHRT22.BSE_IDX,01/07/2025,09:22:31,8668.07,0,0,0,0,0,0
BHRT22.BSE_IDX,01/07/2025,09:22:39,8669.36,0,0,0,0,0,0
BHRT22.BSE_IDX,01/07/2025,09:22:47,8669.83,0,0,0,0,0,0
BHRT22.BSE_IDX,01/07/2025,09:22:55,8670.3,0,0,0,0,0,0
BHRT22.BSE_IDX,01/07/2025,09:23:03,8670.62,0,0,0,0,0,0
BHRT22.BSE_IDX,01/07/2025,09:23:11,8670.99,0,0,0,0,0,0
BHRT22.BSE_IDX,01/07/2025,09:23:19,8670.13,0,0,0,0,0,0
BHRT22.BSE_IDX,01/07/2025,09:23:27,8668.86,0,0,0,0,0,0
BHRT22.BSE_IDX,01/07/2025,09:23:35,8669.92,0,0,0,0,0,0
BHRT22.BSE_IDX,01/07/2025,09:23:44,8668.7,0,0,0,0,0,0
BHRT22.BSE_IDX,01/07/2025,09:23:51,8668.07,0,0,0,0,0,0
BHRT22.BSE_IDX,01/07/2025,09:23:59,8668.28,0,0,0,0,0,0
BHRT22.BSE_IDX,01/07/2025,09:24:08,8668.9,0,0,0,0,0,0
BHRT22.BSE_IDX,01/07/2025,09:24:15,8668.74,0,0,0,0,0,0
BHRT22.BSE_IDX,01/07/2025,09:24:23,8667.63,0,0,0,0,0,0
BHRT22.BSE_IDX,01/07/2025,09:24:32,8667.36,0,0,0,0,0,0
BHRT22.BSE_IDX,01/07/2025,09:24:39,8668.67,0,0,0,0,0,0
BHRT22.BSE_IDX,01/07/2025,09:24:48,8667.94,0,0,0,0,0,0
BHRT22.BSE_IDX,01/07/2025,09:24:57,8669.24,0,0,0,0,0,0
BHRT22.BSE_IDX,01/07/2025,09:25:03,8668.6,0,0,0,0,0,0
BHRT22.BSE_IDX,01/07/2025,09:25:12,8669.43,0,0,0,0,0,0
BHRT22.BSE_IDX,01/07/2025,09:25:19,8670.95,0,0,0,0,0,0
BHRT22.BSE_IDX,01/07/2025,09:25:29,8671.57,0,0,0,0,0,0
BHRT22.BSE_IDX,01/07/2025,09:25:35,8672.45,0,0,0,0,0,0
BHRT22.BSE_IDX,01/07/2025,09:25:43,8673.47,0,0,0,0,0,0
BHRT22.BSE_IDX,01/07/2025,09:25:51,8671.42,0,0,0,0,0,0
BHRT22.BSE_IDX,01/07/2025,09:25:59,8672.03,0,0,0,0,0,0
BHRT22.BSE_IDX,01/07/2025,09:26:08,8671.05,0,0,0,0,0,0
BHRT22.BSE_IDX,01/07/2025,09:26:15,8670.14,0,0,0,0,0,0
BHRT22.BSE_IDX,01/07/2025,09:26:24,8671.33,0,0,0,0,0,0
BHRT22.BSE_IDX,01/07/2025,09:26:31,8671.02,0,0,0,0,0,0
BHRT22.BSE_IDX,01/07/2025,09:26:39,8669.55,0,0,0,0,0,0
BHRT22.BSE_IDX,01/07/2025,09:26:48,8668.87,0,0,0,0,0,0
BHRT22.BSE_IDX,01/07/2025,09:26:55,8669.55,0,0,0,0,0,0
BHRT22.BSE_IDX,01/07/2025,09:27:04,8671.88,0,0,0,0,0,0
BHRT22.BSE_IDX,01/07/2025,09:27:12,8670.75,0,0,0,0,0,0
BHRT22.BSE_IDX,01/07/2025,09:27:19,8669.83,0,0,0,0,0,0
BHRT22.BSE_IDX,01/07/2025,09:27:28,8669.4,0,0,0,0,0,0
BHRT22.BSE_IDX,01/07/2025,09:27:36,8669.22,0,0,0,0,0,0
BHRT22.BSE_IDX,01/07/2025,09:27:44,8668.43,0,0,0,0,0,0
BHRT22.BSE_IDX,01/07/2025,09:27:51,8668.27,0,0,0,0,0,0
BHRT22.BSE_IDX,01/07/2025,09:28:00,8669.8,0,0,0,0,0,0
BHRT22.BSE_IDX,01/07/2025,09:28:08,8667.22,0,0,0,0,0,0
BHRT22.BSE_IDX,01/07/2025,09:28:16,8666.73,0,0,0,0,0,0
BHRT22.BSE_IDX,01/07/2025,09:28:24,8665.62,0,0,0,0,0,0
BHRT22.BSE_IDX,01/07/2025,09:28:32,8662.75,0,0,0,0,0,0
BHRT22.BSE_IDX,01/07/2025,09:28:40,8662.63,0,0,0,0,0,0
BHRT22.BSE_IDX,01/07/2025,09:28:48,8660.67,0,0,0,0,0,0
BHRT22.BSE_IDX,01/07/2025,09:28:56,8660.86,0,0,0,0,0,0
BHRT22.BSE_IDX,01/07/2025,09:29:04,8660.99,0,0,0,0,0,0
BHRT22.BSE_IDX,01/07/2025,09:29:12,8660.87,0,0,0,0,0,0
BHRT22.BSE_IDX,01/07/2025,09:29:20,8660.31,0,0,0,0,0,0
BHRT22.BSE_IDX,01/07/2025,09:29:28,8660.35,0,0,0,0,0,0
BHRT22.BSE_IDX,01/07/2025,09:29:36,8661.6,0,0,0,0,0,0
BHRT22.BSE_IDX,01/07/2025,09:29:44,8660.08,0,0,0,0,0,0
BHRT22.BSE_IDX,01/07/2025,09:29:52,8661.35,0,0,0,0,0,0
BHRT22.BSE_IDX,01/07/2025,09:30:00,8661.52,0,0,0,0,0,0
BHRT22.BSE_IDX,01/07/2025,09:30:08,8661.2,0,0,0,0,0,0
BHRT22.BSE_IDX,01/07/2025,09:30:16,8667.36,0,0,0,0,0,0
BHRT22.BSE_IDX,01/07/2025,09:30:24,8668.25,0,0,0,0,0,0
BHRT22.BSE_IDX,01/07/2025,09:30:32,8668.7,0,0,0,0,0,0
BHRT22.BSE_IDX,01/07/2025,09:30:40,8669.33,0,0,0,0,0,0
BHRT22.BSE_IDX,01/07/2025,09:30:48,8668.32,0,0,0,0,0,0
BHRT22.BSE_IDX,01/07/2025,09:30:56,8666.09,0,0,0,0,0,0
BHRT22.BSE_IDX,01/07/2025,09:31:04,8666.06,0,0,0,0,0,0
BHRT22.BSE_IDX,01/07/2025,09:31:12,8665.06,0,0,0,0,0,0
BHRT22.BSE_IDX,01/07/2025,09:31:20,8664.65,0,0,0,0,0,0
BHRT22.BSE_IDX,01/07/2025,09:31:28,8664.16,0,0,0,0,0,0
BHRT22.BSE_IDX,01/07/2025,09:31:36,8663.18,0,0,0,0,0,0
BHRT22.BSE_IDX,01/07/2025,09:31:44,8663.35,0,0,0,0,0,0
BHRT22.BSE_IDX,01/07/2025,09:31:52,8663.59,0,0,0,0,0,0
BHRT22.BSE_IDX,01/07/2025,09:32:00,8663.97,0,0,0,0,0,0
BHRT22.BSE_IDX,01/07/2025,09:32:08,8661.04,0,0,0,0,0,0
BHRT22.BSE_IDX,01/07/2025,09:32:16,8661.14,0,0,0,0,0,0
BHRT22.BSE_IDX,01/07/2025,09:32:24,8659.96,0,0,0,0,0,0
BHRT22.BSE_IDX,01/07/2025,09:32:32,8660.38,0,0,0,0,0,0
BHRT22.BSE_IDX,01/07/2025,09:32:40,8660.8,0,0,0,0,0,0
BHRT22.BSE_IDX,01/07/2025,09:32:48,8661.21,0,0,0,0,0,0
BHRT22.BSE_IDX,01/07/2025,09:32:56,8662.93,0,0,0,0,0,0
BHRT22.BSE_IDX,01/07/2025,09:33:04,8664.4,0,0,0,0,0,0
BHRT22.BSE_IDX,01/07/2025,09:33:12,8664.68,0,0,0,0,0,0
BHRT22.BSE_IDX,01/07/2025,09:33:20,8665.03,0,0,0,0,0,0
BHRT22.BSE_IDX,01/07/2025,09:33:28,8664.47,0,0,0,0,0,0
BHRT22.BSE_IDX,01/07/2025,09:33:36,8664.61,0,0,0,0,0,0
BHRT22.BSE_IDX,01/07/2025,09:33:44,8664.44,0,0,0,0,0,0
BHRT22.BSE_IDX,01/07/2025,09:33:52,8663.9,0,0,0,0,0,0
BHRT22.BSE_IDX,01/07/2025,09:34:00,8664.29,0,0,0,0,0,0
BHRT22.BSE_IDX,01/07/2025,09:34:08,8664.21,0,0,0,0,0,0
BHRT22.BSE_IDX,01/07/2025,09:34:16,8663.08,0,0,0,0,0,0
BHRT22.BSE_IDX,01/07/2025,09:34:24,8663.84,0,0,0,0,0,0
BHRT22.BSE_IDX,01/07/2025,09:34:32,8664.13,0,0,0,0,0,0
BHRT22.BSE_IDX,01/07/2025,09:34:40,8663.8,0,0,0,0,0,0
BHRT22.BSE_IDX,01/07/2025,09:34:48,8664.84,0,0,0,0,0,0
BHRT22.BSE_IDX,01/07/2025,09:34:56,8664.1,0,0,0,0,0,0
BHRT22.BSE_IDX,01/07/2025,09:35:05,8661.82,0,0,0,0,0,0
BHRT22.BSE_IDX,01/07/2025,09:35:12,8662.23,0,0,0,0,0,0
BHRT22.BSE_IDX,01/07/2025,09:35:20,8662.59,0,0,0,0,0,0
BHRT22.BSE_IDX,01/07/2025,09:35:28,8661.43,0,0,0,0,0,0
BHRT22.BSE_IDX,01/07/2025,09:35:36,8661.64,0,0,0,0,0,0
BHRT22.BSE_IDX,01/07/2025,09:35:44,8662.43,0,0,0,0,0,0
BHRT22.BSE_IDX,01/07/2025,09:35:52,8662.28,0,0,0,0,0,0
BHRT22.BSE_IDX,01/07/2025,09:36:00,8662.56,0,0,0,0,0,0
BHRT22.BSE_IDX,01/07/2025,09:36:08,8661.47,0,0,0,0,0,0
BHRT22.BSE_IDX,01/07/2025,09:36:16,8662.22,0,0,0,0,0,0
BHRT22.BSE_IDX,01/07/2025,09:36:24,8660.52,0,0,0,0,0,0
BHRT22.BSE_IDX,01/07/2025,09:36:33,8658.55,0,0,0,0,0,0
BHRT22.BSE_IDX,01/07/2025,09:36:40,8658.61,0,0,0,0,0,0
BHRT22.BSE_IDX,01/07/2025,09:36:48,8659.81,0,0,0,0,0,0
BHRT22.BSE_IDX,01/07/2025,09:36:56,8660.53,0,0,0,0,0,0
BHRT22.BSE_IDX,01/07/2025,09:37:04,8660.5,0,0,0,0,0,0
BHRT22.BSE_IDX,01/07/2025,09:37:12,8661.06,0,0,0,0,0,0
BHRT22.BSE_IDX,01/07/2025,09:37:20,8662.08,0,0,0,0,0,0
BHRT22.BSE_IDX,01/07/2025,09:37:28,8662.95,0,0,0,0,0,0
BHRT22.BSE_IDX,01/07/2025,09:37:36,8662.73,0,0,0,0,0,0
BHRT22.BSE_IDX,01/07/2025,09:37:44,8663.31,0,0,0,0,0,0
BHRT22.BSE_IDX,01/07/2025,09:37:52,8662.88,0,0,0,0,0,0
BHRT22.BSE_IDX,01/07/2025,09:38:00,8663.04,0,0,0,0,0,0
BHRT22.BSE_IDX,01/07/2025,09:38:08,8662.04,0,0,0,0,0,0
BHRT22.BSE_IDX,01/07/2025,09:38:16,8661.69,0,0,0,0,0,0
BHRT22.BSE_IDX,01/07/2025,09:38:24,8661.97,0,0,0,0,0,0
BHRT22.BSE_IDX,01/07/2025,09:38:32,8661.95,0,0,0,0,0,0
BHRT22.BSE_IDX,01/07/2025,09:38:40,8659.8,0,0,0,0,0,0
BHRT22.BSE_IDX,01/07/2025,09:38:48,8659.68,0,0,0,0,0,0
BHRT22.BSE_IDX,01/07/2025,09:38:56,8660.81,0,0,0,0,0,0
BHRT22.BSE_IDX,01/07/2025,09:39:04,8659.19,0,0,0,0,0,0
BHRT22.BSE_IDX,01/07/2025,09:39:12,8660.22,0,0,0,0,0,0
BHRT22.BSE_IDX,01/07/2025,09:39:20,8660.13,0,0,0,0,0,0
BHRT22.BSE_IDX,01/07/2025,09:39:28,8661.27,0,0,0,0,0,0
BHRT22.BSE_IDX,01/07/2025,09:39:36,8662.9,0,0,0,0,0,0
BHRT22.BSE_IDX,01/07/2025,09:39:44,8662.34,0,0,0,0,0,0
BHRT22.BSE_IDX,01/07/2025,09:39:52,8663.4,0,0,0,0,0,0
BHRT22.BSE_IDX,01/07/2025,09:40:00,8663.9,0,0,0,0,0,0
BHRT22.BSE_IDX,01/07/2025,09:40:08,8662.48,0,0,0,0,0,0
BHRT22.BSE_IDX,01/07/2025,09:40:16,8664.82,0,0,0,0,0,0
BHRT22.BSE_IDX,01/07/2025,09:40:24,8664.69,0,0,0,0,0,0
BHRT22.BSE_IDX,01/07/2025,09:40:32,8662.83,0,0,0,0,0,0
BHRT22.BSE_IDX,01/07/2025,09:40:40,8663.39,0,0,0,0,0,0
BHRT22.BSE_IDX,01/07/2025,09:40:48,8664.64,0,0,0,0,0,0
BHRT22.BSE_IDX,01/07/2025,09:40:56,8664.57,0,0,0,0,0,0
BHRT22.BSE_IDX,01/07/2025,09:41:04,8664.26,0,0,0,0,0,0
BHRT22.BSE_IDX,01/07/2025,09:41:12,8664.32,0,0,0,0,0,0
BHRT22.BSE_IDX,01/07/2025,09:41:20,8663.16,0,0,0,0,0,0
BHRT22.BSE_IDX,01/07/2025,09:41:28,8664.97,0,0,0,0,0,0
BHRT22.BSE_IDX,01/07/2025,09:41:36,8664.61,0,0,0,0,0,0
BHRT22.BSE_IDX,01/07/2025,09:41:44,8663.65,0,0,0,0,0,0
BHRT22.BSE_IDX,01/07/2025,09:41:52,8663.29,0,0,0,0,0,0
BHRT22.BSE_IDX,01/07/2025,09:42:00,8663.73,0,0,0,0,0,0
BHRT22.BSE_IDX,01/07/2025,09:42:08,8664.1,0,0,0,0,0,0
BHRT22.BSE_IDX,01/07/2025,09:42:16,8661.15,0,0,0,0,0,0
BHRT22.BSE_IDX,01/07/2025,09:42:24,8660.91,0,0,0,0,0,0
BHRT22.BSE_IDX,01/07/2025,09:42:32,8659.24,0,0,0,0,0,0
BHRT22.BSE_IDX,01/07/2025,09:42:40,8658.8,0,0,0,0,0,0
BHRT22.BSE_IDX,01/07/2025,09:42:48,8658.8,0,0,0,0,0,0
BHRT22.BSE_IDX,01/07/2025,09:42:56,8659.99,0,0,0,0,0,0
BHRT22.BSE_IDX,01/07/2025,09:43:04,8657.84,0,0,0,0,0,0
BHRT22.BSE_IDX,01/07/2025,09:43:12,8657.39,0,0,0,0,0,0
BHRT22.BSE_IDX,01/07/2025,09:43:20,8656.9,0,0,0,0,0,0
BHRT22.BSE_IDX,01/07/2025,09:43:28,8657.33,0,0,0,0,0,0
BHRT22.BSE_IDX,01/07/2025,09:43:36,8658.19,0,0,0,0,0,0
BHRT22.BSE_IDX,01/07/2025,09:43:44,8657.84,0,0,0,0,0,0
BHRT22.BSE_IDX,01/07/2025,09:43:53,8657.52,0,0,0,0,0,0
BHRT22.BSE_IDX,01/07/2025,09:44:00,8657.08,0,0,0,0,0,0
BHRT22.BSE_IDX,01/07/2025,09:44:08,8657.61,0,0,0,0,0,0
BHRT22.BSE_IDX,01/07/2025,09:44:16,8656.63,0,0,0,0,0,0
BHRT22.BSE_IDX,01/07/2025,09:44:24,8657.75,0,0,0,0,0,0
BHRT22.BSE_IDX,01/07/2025,09:44:32,8657.9,0,0,0,0,0,0
BHRT22.BSE_IDX,01/07/2025,09:44:40,8657.94,0,0,0,0,0,0
BHRT22.BSE_IDX,01/07/2025,09:44:48,8658.18,0,0,0,0,0,0
BHRT22.BSE_IDX,01/07/2025,09:44:56,8656.96,0,0,0,0,0,0
BHRT22.BSE_IDX,01/07/2025,09:45:05,8654.56,0,0,0,0,0,0
BHRT22.BSE_IDX,01/07/2025,09:45:12,8652.5,0,0,0,0,0,0
BHRT22.BSE_IDX,01/07/2025,09:45:20,8652.06,0,0,0,0,0,0
BHRT22.BSE_IDX,01/07/2025,09:45:28,8653.99,0,0,0,0,0,0
BHRT22.BSE_IDX,01/07/2025,09:45:36,8651.59,0,0,0,0,0,0
BHRT22.BSE_IDX,01/07/2025,09:45:44,8650.64,0,0,0,0,0,0
BHRT22.BSE_IDX,01/07/2025,09:45:52,8651.03,0,0,0,0,0,0
BHRT22.BSE_IDX,01/07/2025,09:46:01,8650.19,0,0,0,0,0,0
BHRT22.BSE_IDX,01/07/2025,09:46:08,8650.31,0,0,0,0,0,0
BHRT22.BSE_IDX,01/07/2025,09:46:16,8650.82,0,0,0,0,0,0
BHRT22.BSE_IDX,01/07/2025,09:46:24,8653.67,0,0,0,0,0,0
BHRT22.BSE_IDX,01/07/2025,09:46:32,8653.04,0,0,0,0,0,0
BHRT22.BSE_IDX,01/07/2025,09:46:40,8652.56,0,0,0,0,0,0
BHRT22.BSE_IDX,01/07/2025,09:46:48,8651.18,0,0,0,0,0,0
BHRT22.BSE_IDX,01/07/2025,09:46:56,8652,0,0,0,0,0,0
BHRT22.BSE_IDX,01/07/2025,09:47:04,8651.72,0,0,0,0,0,0
BHRT22.BSE_IDX,01/07/2025,09:47:12,8652.31,0,0,0,0,0,0
BHRT22.BSE_IDX,01/07/2025,09:47:20,8651.95,0,0,0,0,0,0
BHRT22.BSE_IDX,01/07/2025,09:47:28,8650.9,0,0,0,0,0,0
BHRT22.BSE_IDX,01/07/2025,09:47:36,8651.49,0,0,0,0,0,0
BHRT22.BSE_IDX,01/07/2025,09:47:44,8651.64,0,0,0,0,0,0
BHRT22.BSE_IDX,01/07/2025,09:47:52,8651.22,0,0,0,0,0,0
BHRT22.BSE_IDX,01/07/2025,09:48:00,8651.86,0,0,0,0,0,0
BHRT22.BSE_IDX,01/07/2025,09:48:08,8652.75,0,0,0,0,0,0
BHRT22.BSE_IDX,01/07/2025,09:48:16,8651.67,0,0,0,0,0,0
BHRT22.BSE_IDX,01/07/2025,09:48:24,8654.52,0,0,0,0,0,0
BHRT22.BSE_IDX,01/07/2025,09:48:32,8653.83,0,0,0,0,0,0
BHRT22.BSE_IDX,01/07/2025,09:48:40,8652.63,0,0,0,0,0,0
BHRT22.BSE_IDX,01/07/2025,09:48:48,8652.05,0,0,0,0,0,0
BHRT22.BSE_IDX,01/07/2025,09:48:56,8653.09,0,0,0,0,0,0
BHRT22.BSE_IDX,01/07/2025,09:49:04,8653.34,0,0,0,0,0,0
BHRT22.BSE_IDX,01/07/2025,09:49:12,8655.34,0,0,0,0,0,0
BHRT22.BSE_IDX,01/07/2025,09:49:20,8656.19,0,0,0,0,0,0
BHRT22.BSE_IDX,01/07/2025,09:49:28,8655.81,0,0,0,0,0,0
BHRT22.BSE_IDX,01/07/2025,09:49:36,8655.77,0,0,0,0,0,0
BHRT22.BSE_IDX,01/07/2025,09:49:44,8655.47,0,0,0,0,0,0
BHRT22.BSE_IDX,01/07/2025,09:49:52,8656.42,0,0,0,0,0,0
BHRT22.BSE_IDX,01/07/2025,09:50:00,8656.28,0,0,0,0,0,0
BHRT22.BSE_IDX,01/07/2025,09:50:08,8657.59,0,0,0,0,0,0
BHRT22.BSE_IDX,01/07/2025,09:50:16,8658.09,0,0,0,0,0,0
BHRT22.BSE_IDX,01/07/2025,09:50:24,8657.17,0,0,0,0,0,0
BHRT22.BSE_IDX,01/07/2025,09:50:32,8657.33,0,0,0,0,0,0
BHRT22.BSE_IDX,01/07/2025,09:50:40,8655.65,0,0,0,0,0,0
BHRT22.BSE_IDX,01/07/2025,09:50:48,8656.41,0,0,0,0,0,0
BHRT22.BSE_IDX,01/07/2025,09:50:57,8656.47,0,0,0,0,0,0
BHRT22.BSE_IDX,01/07/2025,09:51:04,8655.62,0,0,0,0,0,0
BHRT22.BSE_IDX,01/07/2025,09:51:12,8658.95,0,0,0,0,0,0
BHRT22.BSE_IDX,01/07/2025,09:51:20,8660.2,0,0,0,0,0,0
BHRT22.BSE_IDX,01/07/2025,09:51:28,8658.25,0,0,0,0,0,0
BHRT22.BSE_IDX,01/07/2025,09:51:37,8657.36,0,0,0,0,0,0
BHRT22.BSE_IDX,01/07/2025,09:51:44,8657.83,0,0,0,0,0,0
BHRT22.BSE_IDX,01/07/2025,09:51:52,8657.32,0,0,0,0,0,0
BHRT22.BSE_IDX,01/07/2025,09:52:01,8657.11,0,0,0,0,0,0
BHRT22.BSE_IDX,01/07/2025,09:52:08,8656.44,0,0,0,0,0,0
BHRT22.BSE_IDX,01/07/2025,09:52:17,8654.24,0,0,0,0,0,0
BHRT22.BSE_IDX,01/07/2025,09:52:24,8653.63,0,0,0,0,0,0
BHRT22.BSE_IDX,01/07/2025,09:52:32,8654.57,0,0,0,0,0,0
BHRT22.BSE_IDX,01/07/2025,09:52:40,8656.38,0,0,0,0,0,0
BHRT22.BSE_IDX,01/07/2025,09:52:48,8656.82,0,0,0,0,0,0
BHRT22.BSE_IDX,01/07/2025,09:52:57,8657.31,0,0,0,0,0,0
BHRT22.BSE_IDX,01/07/2025,09:53:04,8657.58,0,0,0,0,0,0
BHRT22.BSE_IDX,01/07/2025,09:53:13,8657.78,0,0,0,0,0,0
BHRT22.BSE_IDX,01/07/2025,09:53:20,8659.08,0,0,0,0,0,0
BHRT22.BSE_IDX,01/07/2025,09:53:28,8660.21,0,0,0,0,0,0
BHRT22.BSE_IDX,01/07/2025,09:53:36,8659.41,0,0,0,0,0,0
BHRT22.BSE_IDX,01/07/2025,09:53:44,8659.49,0,0,0,0,0,0
BHRT22.BSE_IDX,01/07/2025,09:53:52,8659.14,0,0,0,0,0,0
BHRT22.BSE_IDX,01/07/2025,09:54:00,8657.79,0,0,0,0,0,0
BHRT22.BSE_IDX,01/07/2025,09:54:08,8657.33,0,0,0,0,0,0
BHRT22.BSE_IDX,01/07/2025,09:54:16,8656.47,0,0,0,0,0,0
BHRT22.BSE_IDX,01/07/2025,09:54:24,8656.28,0,0,0,0,0,0
BHRT22.BSE_IDX,01/07/2025,09:54:32,8655.9,0,0,0,0,0,0
BHRT22.BSE_IDX,01/07/2025,09:54:40,8655.23,0,0,0,0,0,0
BHRT22.BSE_IDX,01/07/2025,09:54:48,8655.34,0,0,0,0,0,0
BHRT22.BSE_IDX,01/07/2025,09:54:56,8654.37,0,0,0,0,0,0
BHRT22.BSE_IDX,01/07/2025,09:55:04,8654.49,0,0,0,0,0,0
BHRT22.BSE_IDX,01/07/2025,09:55:12,8653.2,0,0,0,0,0,0
BHRT22.BSE_IDX,01/07/2025,09:55:20,8653.38,0,0,0,0,0,0
BHRT22.BSE_IDX,01/07/2025,09:55:28,8653.44,0,0,0,0,0,0
BHRT22.BSE_IDX,01/07/2025,09:55:36,8653.4,0,0,0,0,0,0
BHRT22.BSE_IDX,01/07/2025,09:55:44,8653.92,0,0,0,0,0,0
BHRT22.BSE_IDX,01/07/2025,09:55:52,8653.41,0,0,0,0,0,0
BHRT22.BSE_IDX,01/07/2025,09:56:00,8653.95,0,0,0,0,0,0
BHRT22.BSE_IDX,01/07/2025,09:56:08,8654.23,0,0,0,0,0,0
BHRT22.BSE_IDX,01/07/2025,09:56:16,8654.95,0,0,0,0,0,0
BHRT22.BSE_IDX,01/07/2025,09:56:25,8655.52,0,0,0,0,0,0
BHRT22.BSE_IDX,01/07/2025,09:56:32,8654.61,0,0,0,0,0,0
BHRT22.BSE_IDX,01/07/2025,09:56:41,8654.94,0,0,0,0,0,0
BHRT22.BSE_IDX,01/07/2025,09:56:48,8655.65,0,0,0,0,0,0
BHRT22.BSE_IDX,01/07/2025,09:56:57,8655.61,0,0,0,0,0,0
BHRT22.BSE_IDX,01/07/2025,09:57:04,8655.17,0,0,0,0,0,0
BHRT22.BSE_IDX,01/07/2025,09:57:12,8656.71,0,0,0,0,0,0
BHRT22.BSE_IDX,01/07/2025,09:57:20,8656.9,0,0,0,0,0,0
BHRT22.BSE_IDX,01/07/2025,09:57:28,8657.25,0,0,0,0,0,0
BHRT22.BSE_IDX,01/07/2025,09:57:36,8657.2,0,0,0,0,0,0
BHRT22.BSE_IDX,01/07/2025,09:57:44,8657.45,0,0,0,0,0,0
BHRT22.BSE_IDX,01/07/2025,09:57:52,8656.76,0,0,0,0,0,0
BHRT22.BSE_IDX,01/07/2025,09:58:00,8656.58,0,0,0,0,0,0
BHRT22.BSE_IDX,01/07/2025,09:58:08,8656.38,0,0,0,0,0,0
BHRT22.BSE_IDX,01/07/2025,09:58:16,8656.33,0,0,0,0,0,0
BHRT22.BSE_IDX,01/07/2025,09:58:24,8657.03,0,0,0,0,0,0
BHRT22.BSE_IDX,01/07/2025,09:58:32,8656.54,0,0,0,0,0,0
BHRT22.BSE_IDX,01/07/2025,09:58:40,8656.96,0,0,0,0,0,0
BHRT22.BSE_IDX,01/07/2025,09:58:48,8658,0,0,0,0,0,0
BHRT22.BSE_IDX,01/07/2025,09:58:56,8658.77,0,0,0,0,0,0
BHRT22.BSE_IDX,01/07/2025,09:59:05,8659.83,0,0,0,0,0,0
BHRT22.BSE_IDX,01/07/2025,09:59:12,8659.1,0,0,0,0,0,0
BHRT22.BSE_IDX,01/07/2025,09:59:20,8659.49,0,0,0,0,0,0
BHRT22.BSE_IDX,01/07/2025,09:59:28,8660.49,0,0,0,0,0,0
BHRT22.BSE_IDX,01/07/2025,09:59:36,8660.31,0,0,0,0,0,0
BHRT22.BSE_IDX,01/07/2025,09:59:45,8659.69,0,0,0,0,0,0
BHRT22.BSE_IDX,01/07/2025,09:59:52,8660.96,0,0,0,0,0,0
BHRT22.BSE_IDX,01/07/2025,10:00:00,8659.53,0,0,0,0,0,0
BHRT22.BSE_IDX,01/07/2025,10:00:08,8659.69,0,0,0,0,0,0
BHRT22.BSE_IDX,01/07/2025,10:00:16,8660.03,0,0,0,0,0,0
BHRT22.BSE_IDX,01/07/2025,10:00:24,8658.88,0,0,0,0,0,0
BHRT22.BSE_IDX,01/07/2025,10:00:32,8659.05,0,0,0,0,0,0
BHRT22.BSE_IDX,01/07/2025,10:00:40,8657.94,0,0,0,0,0,0
BHRT22.BSE_IDX,01/07/2025,10:00:48,8658.04,0,0,0,0,0,0
BHRT22.BSE_IDX,01/07/2025,10:00:56,8657.62,0,0,0,0,0,0
BHRT22.BSE_IDX,01/07/2025,10:01:04,8655.45,0,0,0,0,0,0
BHRT22.BSE_IDX,01/07/2025,10:01:12,8652.76,0,0,0,0,0,0
BHRT22.BSE_IDX,01/07/2025,10:01:21,8652.86,0,0,0,0,0,0
BHRT22.BSE_IDX,01/07/2025,10:01:28,8653.63,0,0,0,0,0,0
BHRT22.BSE_IDX,01/07/2025,10:01:36,8652.91,0,0,0,0,0,0
BHRT22.BSE_IDX,01/07/2025,10:01:44,8654.5,0,0,0,0,0,0
BHRT22.BSE_IDX,01/07/2025,10:01:52,8653.32,0,0,0,0,0,0
BHRT22.BSE_IDX,01/07/2025,10:02:00,8653.23,0,0,0,0,0,0
BHRT22.BSE_IDX,01/07/2025,10:02:08,8653.33,0,0,0,0,0,0
BHRT22.BSE_IDX,01/07/2025,10:02:17,8652.55,0,0,0,0,0,0
BHRT22.BSE_IDX,01/07/2025,10:02:24,8651.47,0,0,0,0,0,0
BHRT22.BSE_IDX,01/07/2025,10:02:32,8649.92,0,0,0,0,0,0
BHRT22.BSE_IDX,01/07/2025,10:02:41,8650.59,0,0,0,0,0,0
BHRT22.BSE_IDX,01/07/2025,10:02:49,8651.45,0,0,0,0,0,0
BHRT22.BSE_IDX,01/07/2025,10:02:56,8650.64,0,0,0,0,0,0
BHRT22.BSE_IDX,01/07/2025,10:03:04,8650.34,0,0,0,0,0,0
BHRT22.BSE_IDX,01/07/2025,10:03:13,8649.76,0,0,0,0,0,0
BHRT22.BSE_IDX,01/07/2025,10:03:20,8647.66,0,0,0,0,0,0
BHRT22.BSE_IDX,01/07/2025,10:03:29,8646.04,0,0,0,0,0,0
BHRT22.BSE_IDX,01/07/2025,10:03:37,8646.01,0,0,0,0,0,0
BHRT22.BSE_IDX,01/07/2025,10:03:45,8647.12,0,0,0,0,0,0
BHRT22.BSE_IDX,01/07/2025,10:03:53,8645.91,0,0,0,0,0,0
BHRT22.BSE_IDX,01/07/2025,10:04:01,8646.97,0,0,0,0,0,0
BHRT22.BSE_IDX,01/07/2025,10:04:09,8646.56,0,0,0,0,0,0
BHRT22.BSE_IDX,01/07/2025,10:04:17,8646.23,0,0,0,0,0,0
BHRT22.BSE_IDX,01/07/2025,10:04:25,8646.22,0,0,0,0,0,0
BHRT22.BSE_IDX,01/07/2025,10:04:33,8647.25,0,0,0,0,0,0
BHRT22.BSE_IDX,01/07/2025,10:04:41,8648.45,0,0,0,0,0,0
BHRT22.BSE_IDX,01/07/2025,10:04:50,8650.94,0,0,0,0,0,0
BHRT22.BSE_IDX,01/07/2025,10:04:57,8650.13,0,0,0,0,0,0
BHRT22.BSE_IDX,01/07/2025,10:05:05,8648.24,0,0,0,0,0,0
BHRT22.BSE_IDX,01/07/2025,10:05:14,8648.54,0,0,0,0,0,0
BHRT22.BSE_IDX,01/07/2025,10:05:21,8645.32,0,0,0,0,0,0
BHRT22.BSE_IDX,01/07/2025,10:05:29,8643.73,0,0,0,0,0,0
BHRT22.BSE_IDX,01/07/2025,10:05:37,8642.35,0,0,0,0,0,0
BHRT22.BSE_IDX,01/07/2025,10:05:45,8644.92,0,0,0,0,0,0
BHRT22.BSE_IDX,01/07/2025,10:05:53,8646.13,0,0,0,0,0,0
BHRT22.BSE_IDX,01/07/2025,10:06:01,8646.3,0,0,0,0,0,0
BHRT22.BSE_IDX,01/07/2025,10:06:09,8647.04,0,0,0,0,0,0
BHRT22.BSE_IDX,01/07/2025,10:06:17,8645.82,0,0,0,0,0,0
BHRT22.BSE_IDX,01/07/2025,10:06:25,8647.03,0,0,0,0,0,0
BHRT22.BSE_IDX,01/07/2025,10:06:33,8647.88,0,0,0,0,0,0
BHRT22.BSE_IDX,01/07/2025,10:06:41,8647.61,0,0,0,0,0,0
BHRT22.BSE_IDX,01/07/2025,10:06:49,8646.98,0,0,0,0,0,0
BHRT22.BSE_IDX,01/07/2025,10:06:57,8646.73,0,0,0,0,0,0
BHRT22.BSE_IDX,01/07/2025,10:07:05,8647.67,0,0,0,0,0,0
BHRT22.BSE_IDX,01/07/2025,10:07:13,8648.6,0,0,0,0,0,0
BHRT22.BSE_IDX,01/07/2025,10:07:21,8648.72,0,0,0,0,0,0
BHRT22.BSE_IDX,01/07/2025,10:07:29,8648.68,0,0,0,0,0,0
BHRT22.BSE_IDX,01/07/2025,10:07:37,8650.97,0,0,0,0,0,0
BHRT22.BSE_IDX,01/07/2025,10:07:45,8651.9,0,0,0,0,0,0
BHRT22.BSE_IDX,01/07/2025,10:07:53,8651.02,0,0,0,0,0,0
BHRT22.BSE_IDX,01/07/2025,10:08:01,8650.96,0,0,0,0,0,0
BHRT22.BSE_IDX,01/07/2025,10:08:09,8650.4,0,0,0,0,0,0
BHRT22.BSE_IDX,01/07/2025,10:08:17,8650.94,0,0,0,0,0,0
BHRT22.BSE_IDX,01/07/2025,10:08:25,8650.21,0,0,0,0,0,0
BHRT22.BSE_IDX,01/07/2025,10:08:33,8649.6,0,0,0,0,0,0
BHRT22.BSE_IDX,01/07/2025,10:08:41,8649.58,0,0,0,0,0,0
BHRT22.BSE_IDX,01/07/2025,10:08:49,8649.51,0,0,0,0,0,0
BHRT22.BSE_IDX,01/07/2025,10:08:57,8647.86,0,0,0,0,0,0
BHRT22.BSE_IDX,01/07/2025,10:09:05,8647.84,0,0,0,0,0,0
BHRT22.BSE_IDX,01/07/2025,10:09:13,8647.75,0,0,0,0,0,0
BHRT22.BSE_IDX,01/07/2025,10:09:21,8648.27,0,0,0,0,0,0
BHRT22.BSE_IDX,01/07/2025,10:09:29,8648.24,0,0,0,0,0,0
BHRT22.BSE_IDX,01/07/2025,10:09:37,8648.27,0,0,0,0,0,0
BHRT22.BSE_IDX,01/07/2025,10:09:45,8648.8,0,0,0,0,0,0
BHRT22.BSE_IDX,01/07/2025,10:09:53,8649.21,0,0,0,0,0,0
BHRT22.BSE_IDX,01/07/2025,10:10:01,8650.02,0,0,0,0,0,0
BHRT22.BSE_IDX,01/07/2025,10:10:09,8650.64,0,0,0,0,0,0
BHRT22.BSE_IDX,01/07/2025,10:10:17,8651.29,0,0,0,0,0,0
BHRT22.BSE_IDX,01/07/2025,10:10:25,8651.46,0,0,0,0,0,0
BHRT22.BSE_IDX,01/07/2025,10:10:33,8652.27,0,0,0,0,0,0
BHRT22.BSE_IDX,01/07/2025,10:10:41,8651.78,0,0,0,0,0,0
BHRT22.BSE_IDX,01/07/2025,10:10:49,8651.5,0,0,0,0,0,0
BHRT22.BSE_IDX,01/07/2025,10:10:57,8650.55,0,0,0,0,0,0
BHRT22.BSE_IDX,01/07/2025,10:11:05,8650.68,0,0,0,0,0,0
BHRT22.BSE_IDX,01/07/2025,10:11:13,8650.69,0,0,0,0,0,0
BHRT22.BSE_IDX,01/07/2025,10:11:22,8649.63,0,0,0,0,0,0
BHRT22.BSE_IDX,01/07/2025,10:11:29,8646.93,0,0,0,0,0,0
BHRT22.BSE_IDX,01/07/2025,10:11:37,8647.69,0,0,0,0,0,0
BHRT22.BSE_IDX,01/07/2025,10:11:45,8646.7,0,0,0,0,0,0
BHRT22.BSE_IDX,01/07/2025,10:11:53,8645.44,0,0,0,0,0,0
BHRT22.BSE_IDX,01/07/2025,10:12:01,8647.37,0,0,0,0,0,0
BHRT22.BSE_IDX,01/07/2025,10:12:09,8648.09,0,0,0,0,0,0
BHRT22.BSE_IDX,01/07/2025,10:12:17,8645.89,0,0,0,0,0,0
BHRT22.BSE_IDX,01/07/2025,10:12:25,8646.2,0,0,0,0,0,0
BHRT22.BSE_IDX,01/07/2025,10:12:33,8645.36,0,0,0,0,0,0
BHRT22.BSE_IDX,01/07/2025,10:12:41,8645.36,0,0,0,0,0,0
BHRT22.BSE_IDX,01/07/2025,10:12:49,8643.09,0,0,0,0,0,0
BHRT22.BSE_IDX,01/07/2025,10:12:57,8639.81,0,0,0,0,0,0
BHRT22.BSE_IDX,01/07/2025,10:13:05,8639.61,0,0,0,0,0,0
BHRT22.BSE_IDX,01/07/2025,10:13:13,8638.87,0,0,0,0,0,0
BHRT22.BSE_IDX,01/07/2025,10:13:21,8641.61,0,0,0,0,0,0
BHRT22.BSE_IDX,01/07/2025,10:13:29,8641.75,0,0,0,0,0,0
BHRT22.BSE_IDX,01/07/2025,10:13:37,8641.18,0,0,0,0,0,0
BHRT22.BSE_IDX,01/07/2025,10:13:45,8641.28,0,0,0,0,0,0
BHRT22.BSE_IDX,01/07/2025,10:13:53,8640.13,0,0,0,0,0,0
BHRT22.BSE_IDX,01/07/2025,10:14:01,8638.66,0,0,0,0,0,0
BHRT22.BSE_IDX,01/07/2025,10:14:09,8638.94,0,0,0,0,0,0
BHRT22.BSE_IDX,01/07/2025,10:14:17,8639.95,0,0,0,0,0,0
BHRT22.BSE_IDX,01/07/2025,10:14:25,8639.77,0,0,0,0,0,0
BHRT22.BSE_IDX,01/07/2025,10:14:33,8640.2,0,0,0,0,0,0
BHRT22.BSE_IDX,01/07/2025,10:14:41,8638.86,0,0,0,0,0,0
BHRT22.BSE_IDX,01/07/2025,10:14:49,8639.23,0,0,0,0,0,0
BHRT22.BSE_IDX,01/07/2025,10:14:57,8639.91,0,0,0,0,0,0
BHRT22.BSE_IDX,01/07/2025,10:15:05,8639.47,0,0,0,0,0,0
BHRT22.BSE_IDX,01/07/2025,10:15:13,8638.47,0,0,0,0,0,0
BHRT22.BSE_IDX,01/07/2025,10:15:21,8638.52,0,0,0,0,0,0
BHRT22.BSE_IDX,01/07/2025,10:15:29,8637.45,0,0,0,0,0,0
BHRT22.BSE_IDX,01/07/2025,10:15:37,8638.59,0,0,0,0,0,0
BHRT22.BSE_IDX,01/07/2025,10:15:45,8637.37,0,0,0,0,0,0
BHRT22.BSE_IDX,01/07/2025,10:15:53,8637.48,0,0,0,0,0,0
BHRT22.BSE_IDX,01/07/2025,10:16:01,8637.46,0,0,0,0,0,0
BHRT22.BSE_IDX,01/07/2025,10:16:09,8638.63,0,0,0,0,0,0
BHRT22.BSE_IDX,01/07/2025,10:16:17,8638.25,0,0,0,0,0,0
BHRT22.BSE_IDX,01/07/2025,10:16:25,8637.99,0,0,0,0,0,0
BHRT22.BSE_IDX,01/07/2025,10:16:33,8638.19,0,0,0,0,0,0
BHRT22.BSE_IDX,01/07/2025,10:16:41,8638.08,0,0,0,0,0,0
BHRT22.BSE_IDX,01/07/2025,10:16:49,8638.08,0,0,0,0,0,0
BHRT22.BSE_IDX,01/07/2025,10:16:57,8637.73,0,0,0,0,0,0
BHRT22.BSE_IDX,01/07/2025,10:17:05,8638.13,0,0,0,0,0,0
BHRT22.BSE_IDX,01/07/2025,10:17:13,8636.56,0,0,0,0,0,0
BHRT22.BSE_IDX,01/07/2025,10:17:21,8637.27,0,0,0,0,0,0
BHRT22.BSE_IDX,01/07/2025,10:17:29,8637.41,0,0,0,0,0,0
BHRT22.BSE_IDX,01/07/2025,10:17:37,8638.6,0,0,0,0,0,0
BHRT22.BSE_IDX,01/07/2025,10:17:45,8638.77,0,0,0,0,0,0
BHRT22.BSE_IDX,01/07/2025,10:17:53,8639.43,0,0,0,0,0,0
BHRT22.BSE_IDX,01/07/2025,10:18:01,8640.21,0,0,0,0,0,0
BHRT22.BSE_IDX,01/07/2025,10:18:09,8640.39,0,0,0,0,0,0
BHRT22.BSE_IDX,01/07/2025,10:18:17,8641.28,0,0,0,0,0,0
BHRT22.BSE_IDX,01/07/2025,10:18:25,8642.1,0,0,0,0,0,0
BHRT22.BSE_IDX,01/07/2025,10:18:33,8640.89,0,0,0,0,0,0
BHRT22.BSE_IDX,01/07/2025,10:18:41,8641.29,0,0,0,0,0,0
BHRT22.BSE_IDX,01/07/2025,10:18:49,8641.4,0,0,0,0,0,0
BHRT22.BSE_IDX,01/07/2025,10:18:57,8641.19,0,0,0,0,0,0
BHRT22.BSE_IDX,01/07/2025,10:19:05,8640.19,0,0,0,0,0,0
BHRT22.BSE_IDX,01/07/2025,10:19:13,8640.44,0,0,0,0,0,0
BHRT22.BSE_IDX,01/07/2025,10:19:21,8640.69,0,0,0,0,0,0
BHRT22.BSE_IDX,01/07/2025,10:19:29,8640.52,0,0,0,0,0,0
BHRT22.BSE_IDX,01/07/2025,10:19:37,8641.11,0,0,0,0,0,0
BHRT22.BSE_IDX,01/07/2025,10:19:45,8641.14,0,0,0,0,0,0
BHRT22.BSE_IDX,01/07/2025,10:19:53,8641.22,0,0,0,0,0,0
BHRT22.BSE_IDX,01/07/2025,10:20:01,8641.05,0,0,0,0,0,0
BHRT22.BSE_IDX,01/07/2025,10:20:09,8641.71,0,0,0,0,0,0
BHRT22.BSE_IDX,01/07/2025,10:20:17,8641.71,0,0,0,0,0,0
BHRT22.BSE_IDX,01/07/2025,10:20:25,8641.29,0,0,0,0,0,0
BHRT22.BSE_IDX,01/07/2025,10:20:33,8640.38,0,0,0,0,0,0
BHRT22.BSE_IDX,01/07/2025,10:20:41,8641.06,0,0,0,0,0,0
BHRT22.BSE_IDX,01/07/2025,10:20:49,8640.12,0,0,0,0,0,0
BHRT22.BSE_IDX,01/07/2025,10:20:57,8639.55,0,0,0,0,0,0
BHRT22.BSE_IDX,01/07/2025,10:21:05,8638.69,0,0,0,0,0,0
BHRT22.BSE_IDX,01/07/2025,10:21:13,8637.64,0,0,0,0,0,0
BHRT22.BSE_IDX,01/07/2025,10:21:21,8639.07,0,0,0,0,0,0
BHRT22.BSE_IDX,01/07/2025,10:21:29,8637.96,0,0,0,0,0,0
BHRT22.BSE_IDX,01/07/2025,10:21:37,8638.02,0,0,0,0,0,0
BHRT22.BSE_IDX,01/07/2025,10:21:45,8637.05,0,0,0,0,0,0
BHRT22.BSE_IDX,01/07/2025,10:21:53,8637.87,0,0,0,0,0,0
BHRT22.BSE_IDX,01/07/2025,10:22:01,8638.31,0,0,0,0,0,0
BHRT22.BSE_IDX,01/07/2025,10:22:09,8638.99,0,0,0,0,0,0
BHRT22.BSE_IDX,01/07/2025,10:22:17,8638.37,0,0,0,0,0,0
BHRT22.BSE_IDX,01/07/2025,10:22:25,8637.42,0,0,0,0,0,0
BHRT22.BSE_IDX,01/07/2025,10:22:33,8637.31,0,0,0,0,0,0
BHRT22.BSE_IDX,01/07/2025,10:22:41,8637.36,0,0,0,0,0,0
BHRT22.BSE_IDX,01/07/2025,10:22:49,8637.45,0,0,0,0,0,0
BHRT22.BSE_IDX,01/07/2025,10:22:57,8637.68,0,0,0,0,0,0
BHRT22.BSE_IDX,01/07/2025,10:23:05,8637.88,0,0,0,0,0,0
BHRT22.BSE_IDX,01/07/2025,10:23:13,8637.91,0,0,0,0,0,0
BHRT22.BSE_IDX,01/07/2025,10:23:21,8637.83,0,0,0,0,0,0
BHRT22.BSE_IDX,01/07/2025,10:23:29,8638.26,0,0,0,0,0,0
BHRT22.BSE_IDX,01/07/2025,10:23:37,8638.51,0,0,0,0,0,0
BHRT22.BSE_IDX,01/07/2025,10:23:45,8639.15,0,0,0,0,0,0
BHRT22.BSE_IDX,01/07/2025,10:23:53,8638.36,0,0,0,0,0,0
BHRT22.BSE_IDX,01/07/2025,10:24:01,8638.3,0,0,0,0,0,0
BHRT22.BSE_IDX,01/07/2025,10:24:09,8637.61,0,0,0,0,0,0
BHRT22.BSE_IDX,01/07/2025,10:24:17,8635.73,0,0,0,0,0,0
BHRT22.BSE_IDX,01/07/2025,10:24:25,8636.39,0,0,0,0,0,0
BHRT22.BSE_IDX,01/07/2025,10:24:33,8634.86,0,0,0,0,0,0
BHRT22.BSE_IDX,01/07/2025,10:24:41,8635.16,0,0,0,0,0,0
BHRT22.BSE_IDX,01/07/2025,10:24:49,8635.36,0,0,0,0,0,0
BHRT22.BSE_IDX,01/07/2025,10:24:57,8635.24,0,0,0,0,0,0
BHRT22.BSE_IDX,01/07/2025,10:25:05,8634.85,0,0,0,0,0,0
BHRT22.BSE_IDX,01/07/2025,10:25:13,8635.03,0,0,0,0,0,0
BHRT22.BSE_IDX,01/07/2025,10:25:21,8635.05,0,0,0,0,0,0
BHRT22.BSE_IDX,01/07/2025,10:25:29,8634.98,0,0,0,0,0,0
BHRT22.BSE_IDX,01/07/2025,10:25:37,8635.22,0,0,0,0,0,0
BHRT22.BSE_IDX,01/07/2025,10:25:45,8634.96,0,0,0,0,0,0
BHRT22.BSE_IDX,01/07/2025,10:25:53,8634.49,0,0,0,0,0,0
BHRT22.BSE_IDX,01/07/2025,10:26:01,8635.71,0,0,0,0,0,0
BHRT22.BSE_IDX,01/07/2025,10:26:09,8636.39,0,0,0,0,0,0
BHRT22.BSE_IDX,01/07/2025,10:26:17,8636.29,0,0,0,0,0,0
BHRT22.BSE_IDX,01/07/2025,10:26:25,8634.47,0,0,0,0,0,0
BHRT22.BSE_IDX,01/07/2025,10:26:33,8633.63,0,0,0,0,0,0
BHRT22.BSE_IDX,01/07/2025,10:26:41,8634.68,0,0,0,0,0,0
BHRT22.BSE_IDX,01/07/2025,10:26:49,8634.16,0,0,0,0,0,0
BHRT22.BSE_IDX,01/07/2025,10:26:57,8634.2,0,0,0,0,0,0
BHRT22.BSE_IDX,01/07/2025,10:27:05,8634.63,0,0,0,0,0,0
BHRT22.BSE_IDX,01/07/2025,10:27:13,8635.22,0,0,0,0,0,0
BHRT22.BSE_IDX,01/07/2025,10:27:21,8636.35,0,0,0,0,0,0
BHRT22.BSE_IDX,01/07/2025,10:27:29,8636.43,0,0,0,0,0,0
BHRT22.BSE_IDX,01/07/2025,10:27:37,8636.05,0,0,0,0,0,0
BHRT22.BSE_IDX,01/07/2025,10:27:45,8636.06,0,0,0,0,0,0
BHRT22.BSE_IDX,01/07/2025,10:27:53,8638.01,0,0,0,0,0,0
BHRT22.BSE_IDX,01/07/2025,10:28:01,8637.9,0,0,0,0,0,0
BHRT22.BSE_IDX,01/07/2025,10:28:09,8638.14,0,0,0,0,0,0
BHRT22.BSE_IDX,01/07/2025,10:28:17,8637.17,0,0,0,0,0,0
BHRT22.BSE_IDX,01/07/2025,10:28:25,8637.4,0,0,0,0,0,0
BHRT22.BSE_IDX,01/07/2025,10:28:33,8636.92,0,0,0,0,0,0
BHRT22.BSE_IDX,01/07/2025,10:28:41,8637.86,0,0,0,0,0,0
BHRT22.BSE_IDX,01/07/2025,10:28:49,8638.43,0,0,0,0,0,0
BHRT22.BSE_IDX,01/07/2025,10:28:57,8637.86,0,0,0,0,0,0
BHRT22.BSE_IDX,01/07/2025,10:29:05,8638.41,0,0,0,0,0,0
BHRT22.BSE_IDX,01/07/2025,10:29:13,8638.68,0,0,0,0,0,0
BHRT22.BSE_IDX,01/07/2025,10:29:21,8639.52,0,0,0,0,0,0
BHRT22.BSE_IDX,01/07/2025,10:29:29,8640,0,0,0,0,0,0
BHRT22.BSE_IDX,01/07/2025,10:29:37,8640.06,0,0,0,0,0,0
BHRT22.BSE_IDX,01/07/2025,10:29:46,8640.01,0,0,0,0,0,0
BHRT22.BSE_IDX,01/07/2025,10:29:54,8640.03,0,0,0,0,0,0
BHRT22.BSE_IDX,01/07/2025,10:30:01,8640.01,0,0,0,0,0,0
BHRT22.BSE_IDX,01/07/2025,10:30:09,8641.05,0,0,0,0,0,0
BHRT22.BSE_IDX,01/07/2025,10:30:17,8641.56,0,0,0,0,0,0
BHRT22.BSE_IDX,01/07/2025,10:30:25,8642.37,0,0,0,0,0,0
BHRT22.BSE_IDX,01/07/2025,10:30:33,8641.71,0,0,0,0,0,0
BHRT22.BSE_IDX,01/07/2025,10:30:41,8641.71,0,0,0,0,0,0
BHRT22.BSE_IDX,01/07/2025,10:30:49,8641.71,0,0,0,0,0,0
BHRT22.BSE_IDX,01/07/2025,10:30:57,8639.91,0,0,0,0,0,0
BHRT22.BSE_IDX,01/07/2025,10:31:05,8639.89,0,0,0,0,0,0
BHRT22.BSE_IDX,01/07/2025,10:31:13,8639.99,0,0,0,0,0,0
BHRT22.BSE_IDX,01/07/2025,10:31:21,8638.88,0,0,0,0,0,0
BHRT22.BSE_IDX,01/07/2025,10:31:29,8639.1,0,0,0,0,0,0
BHRT22.BSE_IDX,01/07/2025,10:31:37,8639.53,0,0,0,0,0,0
BHRT22.BSE_IDX,01/07/2025,10:31:45,8639.2,0,0,0,0,0,0
BHRT22.BSE_IDX,01/07/2025,10:31:53,8638.7,0,0,0,0,0,0
BHRT22.BSE_IDX,01/07/2025,10:32:01,8639.43,0,0,0,0,0,0
BHRT22.BSE_IDX,01/07/2025,10:32:09,8639.2,0,0,0,0,0,0
BHRT22.BSE_IDX,01/07/2025,10:32:17,8638.95,0,0,0,0,0,0
BHRT22.BSE_IDX,01/07/2025,10:32:25,8638.61,0,0,0,0,0,0
BHRT22.BSE_IDX,01/07/2025,10:32:33,8639.1,0,0,0,0,0,0
BHRT22.BSE_IDX,01/07/2025,10:32:41,8639.67,0,0,0,0,0,0
BHRT22.BSE_IDX,01/07/2025,10:32:49,8639.89,0,0,0,0,0,0
BHRT22.BSE_IDX,01/07/2025,10:32:57,8640.24,0,0,0,0,0,0
BHRT22.BSE_IDX,01/07/2025,10:33:05,8639.51,0,0,0,0,0,0
BHRT22.BSE_IDX,01/07/2025,10:33:13,8640.66,0,0,0,0,0,0
BHRT22.BSE_IDX,01/07/2025,10:33:21,8640.47,0,0,0,0,0,0
BHRT22.BSE_IDX,01/07/2025,10:33:29,8640.84,0,0,0,0,0,0
BHRT22.BSE_IDX,01/07/2025,10:33:37,8641.8,0,0,0,0,0,0
BHRT22.BSE_IDX,01/07/2025,10:33:45,8641.86,0,0,0,0,0,0
BHRT22.BSE_IDX,01/07/2025,10:33:53,8642.1,0,0,0,0,0,0
BHRT22.BSE_IDX,01/07/2025,10:34:01,8642.23,0,0,0,0,0,0
BHRT22.BSE_IDX,01/07/2025,10:34:09,8642.09,0,0,0,0,0,0
BHRT22.BSE_IDX,01/07/2025,10:34:17,8641.97,0,0,0,0,0,0
BHRT22.BSE_IDX,01/07/2025,10:34:25,8642.32,0,0,0,0,0,0
BHRT22.BSE_IDX,01/07/2025,10:34:33,8642.58,0,0,0,0,0,0
BHRT22.BSE_IDX,01/07/2025,10:34:41,8642.18,0,0,0,0,0,0
BHRT22.BSE_IDX,01/07/2025,10:34:49,8642.01,0,0,0,0,0,0
BHRT22.BSE_IDX,01/07/2025,10:34:58,8641.85,0,0,0,0,0,0
BHRT22.BSE_IDX,01/07/2025,10:35:06,8642.32,0,0,0,0,0,0
BHRT22.BSE_IDX,01/07/2025,10:35:14,8642.12,0,0,0,0,0,0
BHRT22.BSE_IDX,01/07/2025,10:35:21,8642.54,0,0,0,0,0,0
BHRT22.BSE_IDX,01/07/2025,10:35:29,8640.62,0,0,0,0,0,0
BHRT22.BSE_IDX,01/07/2025,10:35:37,8639.19,0,0,0,0,0,0
BHRT22.BSE_IDX,01/07/2025,10:35:45,8639.01,0,0,0,0,0,0
BHRT22.BSE_IDX,01/07/2025,10:35:54,8638.77,0,0,0,0,0,0
BHRT22.BSE_IDX,01/07/2025,10:36:02,8639.2,0,0,0,0,0,0
BHRT22.BSE_IDX,01/07/2025,10:36:10,8638.06,0,0,0,0,0,0
BHRT22.BSE_IDX,01/07/2025,10:36:17,8638.88,0,0,0,0,0,0
BHRT22.BSE_IDX,01/07/2025,10:36:25,8638.38,0,0,0,0,0,0
BHRT22.BSE_IDX,01/07/2025,10:36:34,8639.5,0,0,0,0,0,0
BHRT22.BSE_IDX,01/07/2025,10:36:42,8640.68,0,0,0,0,0,0
BHRT22.BSE_IDX,01/07/2025,10:36:49,8640.36,0,0,0,0,0,0
BHRT22.BSE_IDX,01/07/2025,10:36:58,8639.81,0,0,0,0,0,0
BHRT22.BSE_IDX,01/07/2025,10:37:05,8639.11,0,0,0,0,0,0
BHRT22.BSE_IDX,01/07/2025,10:37:14,8638.5,0,0,0,0,0,0
BHRT22.BSE_IDX,01/07/2025,10:37:21,8638.13,0,0,0,0,0,0
BHRT22.BSE_IDX,01/07/2025,10:37:30,8637.7,0,0,0,0,0,0
BHRT22.BSE_IDX,01/07/2025,10:37:38,8638.23,0,0,0,0,0,0
BHRT22.BSE_IDX,01/07/2025,10:37:46,8638.16,0,0,0,0,0,0
BHRT22.BSE_IDX,01/07/2025,10:37:54,8638.25,0,0,0,0,0,0
BHRT22.BSE_IDX,01/07/2025,10:38:02,8637.92,0,0,0,0,0,0
BHRT22.BSE_IDX,01/07/2025,10:38:10,8639.61,0,0,0,0,0,0
BHRT22.BSE_IDX,01/07/2025,10:38:18,8638.6,0,0,0,0,0,0
BHRT22.BSE_IDX,01/07/2025,10:38:26,8639.99,0,0,0,0,0,0
BHRT22.BSE_IDX,01/07/2025,10:38:34,8639.46,0,0,0,0,0,0
BHRT22.BSE_IDX,01/07/2025,10:38:42,8639.99,0,0,0,0,0,0
BHRT22.BSE_IDX,01/07/2025,10:38:50,8640.1,0,0,0,0,0,0
BHRT22.BSE_IDX,01/07/2025,10:38:58,8640.93,0,0,0,0,0,0
BHRT22.BSE_IDX,01/07/2025,10:39:06,8641.06,0,0,0,0,0,0
BHRT22.BSE_IDX,01/07/2025,10:39:14,8641.5,0,0,0,0,0,0
BHRT22.BSE_IDX,01/07/2025,10:39:22,8643.4,0,0,0,0,0,0
BHRT22.BSE_IDX,01/07/2025,10:39:30,8643.64,0,0,0,0,0,0
BHRT22.BSE_IDX,01/07/2025,10:39:38,8643.82,0,0,0,0,0,0
BHRT22.BSE_IDX,01/07/2025,10:39:46,8643.76,0,0,0,0,0,0
BHRT22.BSE_IDX,01/07/2025,10:39:54,8644.72,0,0,0,0,0,0
BHRT22.BSE_IDX,01/07/2025,10:40:02,8645.16,0,0,0,0,0,0
BHRT22.BSE_IDX,01/07/2025,10:40:10,8643.9,0,0,0,0,0,0
BHRT22.BSE_IDX,01/07/2025,10:40:18,8644.92,0,0,0,0,0,0
BHRT22.BSE_IDX,01/07/2025,10:40:26,8643.14,0,0,0,0,0,0
BHRT22.BSE_IDX,01/07/2025,10:40:34,8643.45,0,0,0,0,0,0
BHRT22.BSE_IDX,01/07/2025,10:40:42,8643.52,0,0,0,0,0,0
BHRT22.BSE_IDX,01/07/2025,10:40:50,8642.93,0,0,0,0,0,0
BHRT22.BSE_IDX,01/07/2025,10:40:58,8643.18,0,0,0,0,0,0
BHRT22.BSE_IDX,01/07/2025,10:41:06,8642.49,0,0,0,0,0,0
BHRT22.BSE_IDX,01/07/2025,10:41:14,8642.65,0,0,0,0,0,0
BHRT22.BSE_IDX,01/07/2025,10:41:22,8642.84,0,0,0,0,0,0
BHRT22.BSE_IDX,01/07/2025,10:41:30,8643.36,0,0,0,0,0,0
BHRT22.BSE_IDX,01/07/2025,10:41:38,8644.92,0,0,0,0,0,0
BHRT22.BSE_IDX,01/07/2025,10:41:46,8644.54,0,0,0,0,0,0
BHRT22.BSE_IDX,01/07/2025,10:41:54,8644.67,0,0,0,0,0,0
BHRT22.BSE_IDX,01/07/2025,10:42:02,8644.3,0,0,0,0,0,0
BHRT22.BSE_IDX,01/07/2025,10:42:10,8643.9,0,0,0,0,0,0
BHRT22.BSE_IDX,01/07/2025,10:42:18,8643.57,0,0,0,0,0,0
BHRT22.BSE_IDX,01/07/2025,10:42:26,8643.43,0,0,0,0,0,0
BHRT22.BSE_IDX,01/07/2025,10:42:34,8642.94,0,0,0,0,0,0
BHRT22.BSE_IDX,01/07/2025,10:42:42,8642.01,0,0,0,0,0,0
BHRT22.BSE_IDX,01/07/2025,10:42:50,8642.98,0,0,0,0,0,0
BHRT22.BSE_IDX,01/07/2025,10:42:58,8641.59,0,0,0,0,0,0
BHRT22.BSE_IDX,01/07/2025,10:43:06,8641.79,0,0,0,0,0,0
BHRT22.BSE_IDX,01/07/2025,10:43:14,8641.98,0,0,0,0,0,0
BHRT22.BSE_IDX,01/07/2025,10:43:22,8641.19,0,0,0,0,0,0
BHRT22.BSE_IDX,01/07/2025,10:43:30,8642.51,0,0,0,0,0,0
BHRT22.BSE_IDX,01/07/2025,10:43:38,8641.58,0,0,0,0,0,0
BHRT22.BSE_IDX,01/07/2025,10:43:46,8641.11,0,0,0,0,0,0
BHRT22.BSE_IDX,01/07/2025,10:43:54,8640.21,0,0,0,0,0,0
BHRT22.BSE_IDX,01/07/2025,10:44:02,8639.84,0,0,0,0,0,0
BHRT22.BSE_IDX,01/07/2025,10:44:10,8640.06,0,0,0,0,0,0
BHRT22.BSE_IDX,01/07/2025,10:44:18,8639.15,0,0,0,0,0,0
BHRT22.BSE_IDX,01/07/2025,10:44:26,8638.91,0,0,0,0,0,0
BHRT22.BSE_IDX,01/07/2025,10:44:34,8639.4,0,0,0,0,0,0
BHRT22.BSE_IDX,01/07/2025,10:44:42,8639.71,0,0,0,0,0,0
BHRT22.BSE_IDX,01/07/2025,10:44:50,8639.12,0,0,0,0,0,0
BHRT22.BSE_IDX,01/07/2025,10:44:58,8637.26,0,0,0,0,0,0
BHRT22.BSE_IDX,01/07/2025,10:45:07,8635.72,0,0,0,0,0,0
BHRT22.BSE_IDX,01/07/2025,10:45:14,8637.05,0,0,0,0,0,0
BHRT22.BSE_IDX,01/07/2025,10:45:22,8636.51,0,0,0,0,0,0
BHRT22.BSE_IDX,01/07/2025,10:45:30,8636.63,0,0,0,0,0,0
BHRT22.BSE_IDX,01/07/2025,10:45:38,8636.94,0,0,0,0,0,0
BHRT22.BSE_IDX,01/07/2025,10:45:46,8637.19,0,0,0,0,0,0
BHRT22.BSE_IDX,01/07/2025,10:45:54,8636.89,0,0,0,0,0,0
BHRT22.BSE_IDX,01/07/2025,10:46:02,8637.04,0,0,0,0,0,0
BHRT22.BSE_IDX,01/07/2025,10:46:10,8636.22,0,0,0,0,0,0
BHRT22.BSE_IDX,01/07/2025,10:46:18,8635.54,0,0,0,0,0,0
BHRT22.BSE_IDX,01/07/2025,10:46:26,8636.45,0,0,0,0,0,0
BHRT22.BSE_IDX,01/07/2025,10:46:34,8636.61,0,0,0,0,0,0
BHRT22.BSE_IDX,01/07/2025,10:46:42,8636.67,0,0,0,0,0,0
BHRT22.BSE_IDX,01/07/2025,10:46:50,8636.47,0,0,0,0,0,0
BHRT22.BSE_IDX,01/07/2025,10:46:58,8636.47,0,0,0,0,0,0
BHRT22.BSE_IDX,01/07/2025,10:47:06,8636.81,0,0,0,0,0,0
BHRT22.BSE_IDX,01/07/2025,10:47:14,8635.83,0,0,0,0,0,0
BHRT22.BSE_IDX,01/07/2025,10:47:22,8636.37,0,0,0,0,0,0
BHRT22.BSE_IDX,01/07/2025,10:47:30,8637.19,0,0,0,0,0,0
BHRT22.BSE_IDX,01/07/2025,10:47:38,8637.01,0,0,0,0,0,0
BHRT22.BSE_IDX,01/07/2025,10:47:46,8637.76,0,0,0,0,0,0
BHRT22.BSE_IDX,01/07/2025,10:47:54,8638.22,0,0,0,0,0,0
BHRT22.BSE_IDX,01/07/2025,10:48:02,8638.39,0,0,0,0,0,0
BHRT22.BSE_IDX,01/07/2025,10:48:10,8638.25,0,0,0,0,0,0
BHRT22.BSE_IDX,01/07/2025,10:48:18,8638.34,0,0,0,0,0,0
BHRT22.BSE_IDX,01/07/2025,10:48:26,8638.95,0,0,0,0,0,0
BHRT22.BSE_IDX,01/07/2025,10:48:34,8638.82,0,0,0,0,0,0
BHRT22.BSE_IDX,01/07/2025,10:48:42,8638.3,0,0,0,0,0,0
BHRT22.BSE_IDX,01/07/2025,10:48:50,8638.14,0,0,0,0,0,0
BHRT22.BSE_IDX,01/07/2025,10:48:58,8638.2,0,0,0,0,0,0
BHRT22.BSE_IDX,01/07/2025,10:49:06,8637.33,0,0,0,0,0,0
BHRT22.BSE_IDX,01/07/2025,10:49:14,8635.74,0,0,0,0,0,0
BHRT22.BSE_IDX,01/07/2025,10:49:22,8635.62,0,0,0,0,0,0
BHRT22.BSE_IDX,01/07/2025,10:49:30,8635.58,0,0,0,0,0,0
BHRT22.BSE_IDX,01/07/2025,10:49:38,8633.07,0,0,0,0,0,0
BHRT22.BSE_IDX,01/07/2025,10:49:46,8633.52,0,0,0,0,0,0
BHRT22.BSE_IDX,01/07/2025,10:49:54,8632.34,0,0,0,0,0,0
BHRT22.BSE_IDX,01/07/2025,10:50:02,8631.57,0,0,0,0,0,0
BHRT22.BSE_IDX,01/07/2025,10:50:10,8632.68,0,0,0,0,0,0
BHRT22.BSE_IDX,01/07/2025,10:50:18,8632.59,0,0,0,0,0,0
BHRT22.BSE_IDX,01/07/2025,10:50:26,8632.13,0,0,0,0,0,0
BHRT22.BSE_IDX,01/07/2025,10:50:34,8632.36,0,0,0,0,0,0
BHRT22.BSE_IDX,01/07/2025,10:50:42,8632.65,0,0,0,0,0,0
BHRT22.BSE_IDX,01/07/2025,10:50:50,8631.11,0,0,0,0,0,0
BHRT22.BSE_IDX,01/07/2025,10:50:58,8629.45,0,0,0,0,0,0
BHRT22.BSE_IDX,01/07/2025,10:51:06,8629.78,0,0,0,0,0,0
BHRT22.BSE_IDX,01/07/2025,10:51:14,8629.79,0,0,0,0,0,0
BHRT22.BSE_IDX,01/07/2025,10:51:22,8629.3,0,0,0,0,0,0
BHRT22.BSE_IDX,01/07/2025,10:51:30,8628.95,0,0,0,0,0,0
BHRT22.BSE_IDX,01/07/2025,10:51:38,8628.87,0,0,0,0,0,0
BHRT22.BSE_IDX,01/07/2025,10:51:46,8629.53,0,0,0,0,0,0
BHRT22.BSE_IDX,01/07/2025,10:51:54,8627.92,0,0,0,0,0,0
BHRT22.BSE_IDX,01/07/2025,10:52:02,8627.97,0,0,0,0,0,0
BHRT22.BSE_IDX,01/07/2025,10:52:10,8628.3,0,0,0,0,0,0
BHRT22.BSE_IDX,01/07/2025,10:52:18,8628.48,0,0,0,0,0,0
BHRT22.BSE_IDX,01/07/2025,10:52:26,8627.51,0,0,0,0,0,0
BHRT22.BSE_IDX,01/07/2025,10:52:34,8627.69,0,0,0,0,0,0
BHRT22.BSE_IDX,01/07/2025,10:52:43,8626.77,0,0,0,0,0,0
BHRT22.BSE_IDX,01/07/2025,10:52:50,8626.05,0,0,0,0,0,0
BHRT22.BSE_IDX,01/07/2025,10:52:58,8625.84,0,0,0,0,0,0
BHRT22.BSE_IDX,01/07/2025,10:53:06,8625.99,0,0,0,0,0,0
BHRT22.BSE_IDX,01/07/2025,10:53:14,8624.75,0,0,0,0,0,0
BHRT22.BSE_IDX,01/07/2025,10:53:22,8625.65,0,0,0,0,0,0
BHRT22.BSE_IDX,01/07/2025,10:53:30,8625.02,0,0,0,0,0,0
BHRT22.BSE_IDX,01/07/2025,10:53:38,8626.26,0,0,0,0,0,0
BHRT22.BSE_IDX,01/07/2025,10:53:46,8625.89,0,0,0,0,0,0
BHRT22.BSE_IDX,01/07/2025,10:53:54,8626.32,0,0,0,0,0,0
BHRT22.BSE_IDX,01/07/2025,10:54:02,8626.52,0,0,0,0,0,0
BHRT22.BSE_IDX,01/07/2025,10:54:10,8627,0,0,0,0,0,0
BHRT22.BSE_IDX,01/07/2025,10:54:18,8626.84,0,0,0,0,0,0
BHRT22.BSE_IDX,01/07/2025,10:54:26,8626.54,0,0,0,0,0,0
BHRT22.BSE_IDX,01/07/2025,10:54:34,8627.36,0,0,0,0,0,0
BHRT22.BSE_IDX,01/07/2025,10:54:42,8628.74,0,0,0,0,0,0
BHRT22.BSE_IDX,01/07/2025,10:54:51,8628.8,0,0,0,0,0,0
BHRT22.BSE_IDX,01/07/2025,10:54:58,8628.54,0,0,0,0,0,0
BHRT22.BSE_IDX,01/07/2025,10:55:06,8629.3,0,0,0,0,0,0
BHRT22.BSE_IDX,01/07/2025,10:55:14,8629.27,0,0,0,0,0,0
BHRT22.BSE_IDX,01/07/2025,10:55:22,8630.54,0,0,0,0,0,0
BHRT22.BSE_IDX,01/07/2025,10:55:30,8629.9,0,0,0,0,0,0
BHRT22.BSE_IDX,01/07/2025,10:55:38,8629.69,0,0,0,0,0,0
BHRT22.BSE_IDX,01/07/2025,10:55:46,8630.28,0,0,0,0,0,0
BHRT22.BSE_IDX,01/07/2025,10:55:54,8629.39,0,0,0,0,0,0
BHRT22.BSE_IDX,01/07/2025,10:56:02,8630.08,0,0,0,0,0,0
BHRT22.BSE_IDX,01/07/2025,10:56:10,8628.75,0,0,0,0,0,0
BHRT22.BSE_IDX,01/07/2025,10:56:18,8629.34,0,0,0,0,0,0
BHRT22.BSE_IDX,01/07/2025,10:56:26,8628.57,0,0,0,0,0,0
BHRT22.BSE_IDX,01/07/2025,10:56:34,8629.17,0,0,0,0,0,0
BHRT22.BSE_IDX,01/07/2025,10:56:42,8628.67,0,0,0,0,0,0
BHRT22.BSE_IDX,01/07/2025,10:56:50,8627.88,0,0,0,0,0,0
BHRT22.BSE_IDX,01/07/2025,10:56:58,8627.37,0,0,0,0,0,0
BHRT22.BSE_IDX,01/07/2025,10:57:06,8626.85,0,0,0,0,0,0
BHRT22.BSE_IDX,01/07/2025,10:57:14,8626.25,0,0,0,0,0,0
BHRT22.BSE_IDX,01/07/2025,10:57:22,8626.45,0,0,0,0,0,0
BHRT22.BSE_IDX,01/07/2025,10:57:30,8626.41,0,0,0,0,0,0
BHRT22.BSE_IDX,01/07/2025,10:57:39,8625.46,0,0,0,0,0,0
BHRT22.BSE_IDX,01/07/2025,10:57:46,8626.51,0,0,0,0,0,0
BHRT22.BSE_IDX,01/07/2025,10:57:54,8626.55,0,0,0,0,0,0
BHRT22.BSE_IDX,01/07/2025,10:58:02,8626.07,0,0,0,0,0,0
BHRT22.BSE_IDX,01/07/2025,10:58:10,8626.29,0,0,0,0,0,0
BHRT22.BSE_IDX,01/07/2025,10:58:18,8626.74,0,0,0,0,0,0
BHRT22.BSE_IDX,01/07/2025,10:58:26,8626.35,0,0,0,0,0,0
BHRT22.BSE_IDX,01/07/2025,10:58:34,8626.98,0,0,0,0,0,0
BHRT22.BSE_IDX,01/07/2025,10:58:42,8626.73,0,0,0,0,0,0
BHRT22.BSE_IDX,01/07/2025,10:58:50,8628.87,0,0,0,0,0,0
BHRT22.BSE_IDX,01/07/2025,10:58:58,8627.49,0,0,0,0,0,0
BHRT22.BSE_IDX,01/07/2025,10:59:06,8627.71,0,0,0,0,0,0
BHRT22.BSE_IDX,01/07/2025,10:59:14,8627.11,0,0,0,0,0,0
BHRT22.BSE_IDX,01/07/2025,10:59:22,8627.92,0,0,0,0,0,0
BHRT22.BSE_IDX,01/07/2025,10:59:30,8627.71,0,0,0,0,0,0
BHRT22.BSE_IDX,01/07/2025,10:59:38,8626.85,0,0,0,0,0,0
BHRT22.BSE_IDX,01/07/2025,10:59:47,8627.62,0,0,0,0,0,0
BHRT22.BSE_IDX,01/07/2025,10:59:55,8627.44,0,0,0,0,0,0
BHRT22.BSE_IDX,01/07/2025,11:00:03,8626.76,0,0,0,0,0,0
BHRT22.BSE_IDX,01/07/2025,11:00:11,8627.02,0,0,0,0,0,0
BHRT22.BSE_IDX,01/07/2025,11:00:18,8626.86,0,0,0,0,0,0
BHRT22.BSE_IDX,01/07/2025,11:00:26,8627.78,0,0,0,0,0,0
BHRT22.BSE_IDX,01/07/2025,11:00:34,8626.44,0,0,0,0,0,0
BHRT22.BSE_IDX,01/07/2025,11:00:42,8626.44,0,0,0,0,0,0
BHRT22.BSE_IDX,01/07/2025,11:00:50,8626.25,0,0,0,0,0,0
BHRT22.BSE_IDX,01/07/2025,11:00:58,8627.14,0,0,0,0,0,0
BHRT22.BSE_IDX,01/07/2025,11:01:06,8628.4,0,0,0,0,0,0
BHRT22.BSE_IDX,01/07/2025,11:01:15,8628.5,0,0,0,0,0,0
BHRT22.BSE_IDX,01/07/2025,11:01:22,8628.43,0,0,0,0,0,0
BHRT22.BSE_IDX,01/07/2025,11:01:30,8628.79,0,0,0,0,0,0
BHRT22.BSE_IDX,01/07/2025,11:01:38,8627.25,0,0,0,0,0,0
BHRT22.BSE_IDX,01/07/2025,11:01:46,8626.35,0,0,0,0,0,0
BHRT22.BSE_IDX,01/07/2025,11:01:54,8625.4,0,0,0,0,0,0
BHRT22.BSE_IDX,01/07/2025,11:02:02,8625.83,0,0,0,0,0,0
BHRT22.BSE_IDX,01/07/2025,11:02:10,8625.41,0,0,0,0,0,0
BHRT22.BSE_IDX,01/07/2025,11:02:18,8625.72,0,0,0,0,0,0
BHRT22.BSE_IDX,01/07/2025,11:02:27,8626.19,0,0,0,0,0,0
BHRT22.BSE_IDX,01/07/2025,11:02:34,8626.2,0,0,0,0,0,0
BHRT22.BSE_IDX,01/07/2025,11:02:42,8625.51,0,0,0,0,0,0
BHRT22.BSE_IDX,01/07/2025,11:02:51,8625.22,0,0,0,0,0,0
BHRT22.BSE_IDX,01/07/2025,11:02:58,8624.64,0,0,0,0,0,0
BHRT22.BSE_IDX,01/07/2025,11:03:06,8625.15,0,0,0,0,0,0
BHRT22.BSE_IDX,01/07/2025,11:03:14,8625.19,0,0,0,0,0,0
BHRT22.BSE_IDX,01/07/2025,11:03:22,8625.28,0,0,0,0,0,0
BHRT22.BSE_IDX,01/07/2025,11:03:31,8625.12,0,0,0,0,0,0
BHRT22.BSE_IDX,01/07/2025,11:03:38,8624.84,0,0,0,0,0,0
BHRT22.BSE_IDX,01/07/2025,11:03:46,8624.61,0,0,0,0,0,0
BHRT22.BSE_IDX,01/07/2025,11:03:54,8623.83,0,0,0,0,0,0
BHRT22.BSE_IDX,01/07/2025,11:04:02,8624.07,0,0,0,0,0,0
BHRT22.BSE_IDX,01/07/2025,11:04:10,8623.76,0,0,0,0,0,0
BHRT22.BSE_IDX,01/07/2025,11:04:18,8623.47,0,0,0,0,0,0
BHRT22.BSE_IDX,01/07/2025,11:04:27,8623.31,0,0,0,0,0,0
BHRT22.BSE_IDX,01/07/2025,11:04:34,8623.47,0,0,0,0,0,0
BHRT22.BSE_IDX,01/07/2025,11:04:42,8623.65,0,0,0,0,0,0
BHRT22.BSE_IDX,01/07/2025,11:04:51,8623.98,0,0,0,0,0,0
BHRT22.BSE_IDX,01/07/2025,11:04:58,8623.08,0,0,0,0,0,0
BHRT22.BSE_IDX,01/07/2025,11:05:06,8623.77,0,0,0,0,0,0
BHRT22.BSE_IDX,01/07/2025,11:05:14,8624.24,0,0,0,0,0,0
BHRT22.BSE_IDX,01/07/2025,11:05:22,8624.37,0,0,0,0,0,0
BHRT22.BSE_IDX,01/07/2025,11:05:30,8623.96,0,0,0,0,0,0
BHRT22.BSE_IDX,01/07/2025,11:05:38,8624.41,0,0,0,0,0,0
BHRT22.BSE_IDX,01/07/2025,11:05:46,8624.91,0,0,0,0,0,0
BHRT22.BSE_IDX,01/07/2025,11:05:54,8624.01,0,0,0,0,0,0
BHRT22.BSE_IDX,01/07/2025,11:06:02,8625.82,0,0,0,0,0,0
BHRT22.BSE_IDX,01/07/2025,11:06:11,8626.1,0,0,0,0,0,0
BHRT22.BSE_IDX,01/07/2025,11:06:19,8626.58,0,0,0,0,0,0
BHRT22.BSE_IDX,01/07/2025,11:06:26,8626.24,0,0,0,0,0,0
BHRT22.BSE_IDX,01/07/2025,11:06:34,8626.1,0,0,0,0,0,0
BHRT22.BSE_IDX,01/07/2025,11:06:42,8626.64,0,0,0,0,0,0
BHRT22.BSE_IDX,01/07/2025,11:06:50,8626.67,0,0,0,0,0,0
BHRT22.BSE_IDX,01/07/2025,11:06:58,8626.81,0,0,0,0,0,0
BHRT22.BSE_IDX,01/07/2025,11:07:06,8628.19,0,0,0,0,0,0
BHRT22.BSE_IDX,01/07/2025,11:07:15,8628.11,0,0,0,0,0,0
BHRT22.BSE_IDX,01/07/2025,11:07:22,8628.44,0,0,0,0,0,0
BHRT22.BSE_IDX,01/07/2025,11:07:30,8628.19,0,0,0,0,0,0
BHRT22.BSE_IDX,01/07/2025,11:07:38,8628.93,0,0,0,0,0,0
BHRT22.BSE_IDX,01/07/2025,11:07:46,8629.19,0,0,0,0,0,0
BHRT22.BSE_IDX,01/07/2025,11:07:54,8628.9,0,0,0,0,0,0
BHRT22.BSE_IDX,01/07/2025,11:08:02,8629.52,0,0,0,0,0,0
BHRT22.BSE_IDX,01/07/2025,11:08:11,8630.12,0,0,0,0,0,0
BHRT22.BSE_IDX,01/07/2025,11:08:18,8629.94,0,0,0,0,0,0
BHRT22.BSE_IDX,01/07/2025,11:08:27,8630.33,0,0,0,0,0,0
BHRT22.BSE_IDX,01/07/2025,11:08:35,8629.7,0,0,0,0,0,0
BHRT22.BSE_IDX,01/07/2025,11:08:43,8629.32,0,0,0,0,0,0
BHRT22.BSE_IDX,01/07/2025,11:08:51,8630.21,0,0,0,0,0,0
BHRT22.BSE_IDX,01/07/2025,11:08:58,8630.18,0,0,0,0,0,0
BHRT22.BSE_IDX,01/07/2025,11:09:07,8630.17,0,0,0,0,0,0
BHRT22.BSE_IDX,01/07/2025,11:09:15,8628.67,0,0,0,0,0,0
BHRT22.BSE_IDX,01/07/2025,11:09:23,8627.41,0,0,0,0,0,0
BHRT22.BSE_IDX,01/07/2025,11:09:31,8628.57,0,0,0,0,0,0
BHRT22.BSE_IDX,01/07/2025,11:09:39,8629.08,0,0,0,0,0,0
BHRT22.BSE_IDX,01/07/2025,11:09:46,8628.66,0,0,0,0,0,0
BHRT22.BSE_IDX,01/07/2025,11:09:55,8627.98,0,0,0,0,0,0
BHRT22.BSE_IDX,01/07/2025,11:10:03,8629.89,0,0,0,0,0,0
BHRT22.BSE_IDX,01/07/2025,11:10:11,8629.56,0,0,0,0,0,0
BHRT22.BSE_IDX,01/07/2025,11:10:19,8630.3,0,0,0,0,0,0
BHRT22.BSE_IDX,01/07/2025,11:10:27,8629,0,0,0,0,0,0
BHRT22.BSE_IDX,01/07/2025,11:10:35,8629.76,0,0,0,0,0,0
BHRT22.BSE_IDX,01/07/2025,11:10:43,8630.81,0,0,0,0,0,0
BHRT22.BSE_IDX,01/07/2025,11:10:51,8631.05,0,0,0,0,0,0
BHRT22.BSE_IDX,01/07/2025,11:10:59,8630.36,0,0,0,0,0,0
BHRT22.BSE_IDX,01/07/2025,11:11:07,8632.05,0,0,0,0,0,0
BHRT22.BSE_IDX,01/07/2025,11:11:15,8632.35,0,0,0,0,0,0
BHRT22.BSE_IDX,01/07/2025,11:11:23,8632.86,0,0,0,0,0,0
BHRT22.BSE_IDX,01/07/2025,11:11:31,8632.12,0,0,0,0,0,0
BHRT22.BSE_IDX,01/07/2025,11:11:39,8632,0,0,0,0,0,0
BHRT22.BSE_IDX,01/07/2025,11:11:47,8632,0,0,0,0,0,0
BHRT22.BSE_IDX,01/07/2025,11:11:55,8631.73,0,0,0,0,0,0
BHRT22.BSE_IDX,01/07/2025,11:12:03,8632.04,0,0,0,0,0,0
BHRT22.BSE_IDX,01/07/2025,11:12:11,8632.51,0,0,0,0,0,0
BHRT22.BSE_IDX,01/07/2025,11:12:19,8632.58,0,0,0,0,0,0
BHRT22.BSE_IDX,01/07/2025,11:12:27,8632.37,0,0,0,0,0,0
BHRT22.BSE_IDX,01/07/2025,11:12:35,8633.23,0,0,0,0,0,0
BHRT22.BSE_IDX,01/07/2025,11:12:43,8632.95,0,0,0,0,0,0
BHRT22.BSE_IDX,01/07/2025,11:12:51,8633.15,0,0,0,0,0,0
BHRT22.BSE_IDX,01/07/2025,11:12:59,8632.63,0,0,0,0,0,0
BHRT22.BSE_IDX,01/07/2025,11:13:07,8632.74,0,0,0,0,0,0
BHRT22.BSE_IDX,01/07/2025,11:13:16,8632.22,0,0,0,0,0,0
BHRT22.BSE_IDX,01/07/2025,11:13:23,8631.83,0,0,0,0,0,0
BHRT22.BSE_IDX,01/07/2025,11:13:31,8632.25,0,0,0,0,0,0
BHRT22.BSE_IDX,01/07/2025,11:13:39,8632.32,0,0,0,0,0,0
BHRT22.BSE_IDX,01/07/2025,11:13:47,8631.98,0,0,0,0,0,0
BHRT22.BSE_IDX,01/07/2025,11:13:55,8634.22,0,0,0,0,0,0
BHRT22.BSE_IDX,01/07/2025,11:14:03,8634.3,0,0,0,0,0,0
BHRT22.BSE_IDX,01/07/2025,11:14:11,8634.91,0,0,0,0,0,0
BHRT22.BSE_IDX,01/07/2025,11:14:19,8635.09,0,0,0,0,0,0
BHRT22.BSE_IDX,01/07/2025,11:14:27,8635.55,0,0,0,0,0,0
BHRT22.BSE_IDX,01/07/2025,11:14:35,8636.99,0,0,0,0,0,0
BHRT22.BSE_IDX,01/07/2025,11:14:43,8636.88,0,0,0,0,0,0
BHRT22.BSE_IDX,01/07/2025,11:14:51,8636.86,0,0,0,0,0,0
BHRT22.BSE_IDX,01/07/2025,11:14:59,8637.6,0,0,0,0,0,0
BHRT22.BSE_IDX,01/07/2025,11:15:07,8637.65,0,0,0,0,0,0
BHRT22.BSE_IDX,01/07/2025,11:15:15,8637.47,0,0,0,0,0,0
BHRT22.BSE_IDX,01/07/2025,11:15:23,8637.35,0,0,0,0,0,0
BHRT22.BSE_IDX,01/07/2025,11:15:31,8636.36,0,0,0,0,0,0
BHRT22.BSE_IDX,01/07/2025,11:15:39,8637,0,0,0,0,0,0
BHRT22.BSE_IDX,01/07/2025,11:15:47,8637.68,0,0,0,0,0,0
BHRT22.BSE_IDX,01/07/2025,11:15:56,8637.97,0,0,0,0,0,0
BHRT22.BSE_IDX,01/07/2025,11:16:03,8637.73,0,0,0,0,0,0
BHRT22.BSE_IDX,01/07/2025,11:16:11,8637.71,0,0,0,0,0,0
BHRT22.BSE_IDX,01/07/2025,11:16:19,8638.09,0,0,0,0,0,0
BHRT22.BSE_IDX,01/07/2025,11:16:27,8638.23,0,0,0,0,0,0
BHRT22.BSE_IDX,01/07/2025,11:16:35,8637.4,0,0,0,0,0,0
BHRT22.BSE_IDX,01/07/2025,11:16:43,8636.58,0,0,0,0,0,0
BHRT22.BSE_IDX,01/07/2025,11:16:51,8637.12,0,0,0,0,0,0
BHRT22.BSE_IDX,01/07/2025,11:16:59,8636.5,0,0,0,0,0,0
BHRT22.BSE_IDX,01/07/2025,11:17:07,8637.25,0,0,0,0,0,0
BHRT22.BSE_IDX,01/07/2025,11:17:15,8636.72,0,0,0,0,0,0
BHRT22.BSE_IDX,01/07/2025,11:17:23,8638.17,0,0,0,0,0,0
BHRT22.BSE_IDX,01/07/2025,11:17:31,8638.79,0,0,0,0,0,0
BHRT22.BSE_IDX,01/07/2025,11:17:39,8639.83,0,0,0,0,0,0
BHRT22.BSE_IDX,01/07/2025,11:17:47,8641.05,0,0,0,0,0,0
BHRT22.BSE_IDX,01/07/2025,11:17:57,8640.68,0,0,0,0,0,0
BHRT22.BSE_IDX,01/07/2025,11:18:03,8640.98,0,0,0,0,0,0
BHRT22.BSE_IDX,01/07/2025,11:18:11,8640.23,0,0,0,0,0,0
BHRT22.BSE_IDX,01/07/2025,11:18:19,8641.54,0,0,0,0,0,0
BHRT22.BSE_IDX,01/07/2025,11:18:27,8642.81,0,0,0,0,0,0
BHRT22.BSE_IDX,01/07/2025,11:18:35,8642.54,0,0,0,0,0,0
BHRT22.BSE_IDX,01/07/2025,11:18:44,8642.64,0,0,0,0,0,0
BHRT22.BSE_IDX,01/07/2025,11:18:51,8643.27,0,0,0,0,0,0
BHRT22.BSE_IDX,01/07/2025,11:18:59,8642.26,0,0,0,0,0,0
BHRT22.BSE_IDX,01/07/2025,11:19:08,8642,0,0,0,0,0,0
BHRT22.BSE_IDX,01/07/2025,11:19:15,8643.02,0,0,0,0,0,0
BHRT22.BSE_IDX,01/07/2025,11:19:23,8643.07,0,0,0,0,0,0
BHRT22.BSE_IDX,01/07/2025,11:19:31,8642.36,0,0,0,0,0,0
BHRT22.BSE_IDX,01/07/2025,11:19:39,8641.64,0,0,0,0,0,0
BHRT22.BSE_IDX,01/07/2025,11:19:47,8642.18,0,0,0,0,0,0
BHRT22.BSE_IDX,01/07/2025,11:19:55,8640.5,0,0,0,0,0,0
BHRT22.BSE_IDX,01/07/2025,11:20:03,8639.51,0,0,0,0,0,0
BHRT22.BSE_IDX,01/07/2025,11:20:11,8640.33,0,0,0,0,0,0
BHRT22.BSE_IDX,01/07/2025,11:20:19,8640.85,0,0,0,0,0,0
BHRT22.BSE_IDX,01/07/2025,11:20:27,8639.94,0,0,0,0,0,0
BHRT22.BSE_IDX,01/07/2025,11:20:35,8641.02,0,0,0,0,0,0
BHRT22.BSE_IDX,01/07/2025,11:20:43,8641.35,0,0,0,0,0,0
BHRT22.BSE_IDX,01/07/2025,11:20:51,8641.57,0,0,0,0,0,0
BHRT22.BSE_IDX,01/07/2025,11:20:59,8641.39,0,0,0,0,0,0
BHRT22.BSE_IDX,01/07/2025,11:21:07,8641.12,0,0,0,0,0,0
BHRT22.BSE_IDX,01/07/2025,11:21:15,8640.76,0,0,0,0,0,0
BHRT22.BSE_IDX,01/07/2025,11:21:24,8641.11,0,0,0,0,0,0
BHRT22.BSE_IDX,01/07/2025,11:21:31,8640.78,0,0,0,0,0,0
BHRT22.BSE_IDX,01/07/2025,11:21:39,8640.05,0,0,0,0,0,0
BHRT22.BSE_IDX,01/07/2025,11:21:47,8640.11,0,0,0,0,0,0
BHRT22.BSE_IDX,01/07/2025,11:21:56,8640.84,0,0,0,0,0,0
BHRT22.BSE_IDX,01/07/2025,11:22:03,8641.27,0,0,0,0,0,0
BHRT22.BSE_IDX,01/07/2025,11:22:11,8641,0,0,0,0,0,0
BHRT22.BSE_IDX,01/07/2025,11:22:19,8640.87,0,0,0,0,0,0
BHRT22.BSE_IDX,01/07/2025,11:22:28,8640.62,0,0,0,0,0,0
BHRT22.BSE_IDX,01/07/2025,11:22:35,8640.48,0,0,0,0,0,0
BHRT22.BSE_IDX,01/07/2025,11:22:43,8640.89,0,0,0,0,0,0
BHRT22.BSE_IDX,01/07/2025,11:22:51,8640.85,0,0,0,0,0,0
BHRT22.BSE_IDX,01/07/2025,11:22:59,8641.04,0,0,0,0,0,0
BHRT22.BSE_IDX,01/07/2025,11:23:07,8642.13,0,0,0,0,0,0
BHRT22.BSE_IDX,01/07/2025,11:23:15,8641.34,0,0,0,0,0,0
BHRT22.BSE_IDX,01/07/2025,11:23:23,8641.23,0,0,0,0,0,0
BHRT22.BSE_IDX,01/07/2025,11:23:31,8640.53,0,0,0,0,0,0
BHRT22.BSE_IDX,01/07/2025,11:23:39,8640.69,0,0,0,0,0,0
BHRT22.BSE_IDX,01/07/2025,11:23:47,8641.03,0,0,0,0,0,0
BHRT22.BSE_IDX,01/07/2025,11:23:55,8641.15,0,0,0,0,0,0
BHRT22.BSE_IDX,01/07/2025,11:24:04,8640.61,0,0,0,0,0,0
BHRT22.BSE_IDX,01/07/2025,11:24:11,8640.36,0,0,0,0,0,0
BHRT22.BSE_IDX,01/07/2025,11:24:19,8640.67,0,0,0,0,0,0
BHRT22.BSE_IDX,01/07/2025,11:24:27,8641.17,0,0,0,0,0,0
BHRT22.BSE_IDX,01/07/2025,11:24:35,8640.37,0,0,0,0,0,0
BHRT22.BSE_IDX,01/07/2025,11:24:43,8640.03,0,0,0,0,0,0
BHRT22.BSE_IDX,01/07/2025,11:24:52,8639.42,0,0,0,0,0,0
BHRT22.BSE_IDX,01/07/2025,11:25:00,8640.53,0,0,0,0,0,0
BHRT22.BSE_IDX,01/07/2025,11:25:07,8641.07,0,0,0,0,0,0
BHRT22.BSE_IDX,01/07/2025,11:25:15,8641.11,0,0,0,0,0,0
BHRT22.BSE_IDX,01/07/2025,11:25:23,8640.49,0,0,0,0,0,0
BHRT22.BSE_IDX,01/07/2025,11:25:31,8640.62,0,0,0,0,0,0
BHRT22.BSE_IDX,01/07/2025,11:25:41,8640.18,0,0,0,0,0,0
BHRT22.BSE_IDX,01/07/2025,11:25:47,8638.96,0,0,0,0,0,0
BHRT22.BSE_IDX,01/07/2025,11:25:55,8637.83,0,0,0,0,0,0
BHRT22.BSE_IDX,01/07/2025,11:26:03,8638.39,0,0,0,0,0,0
BHRT22.BSE_IDX,01/07/2025,11:26:11,8637.37,0,0,0,0,0,0
BHRT22.BSE_IDX,01/07/2025,11:26:19,8638,0,0,0,0,0,0
BHRT22.BSE_IDX,01/07/2025,11:26:27,8637.84,0,0,0,0,0,0
BHRT22.BSE_IDX,01/07/2025,11:26:35,8637.37,0,0,0,0,0,0
BHRT22.BSE_IDX,01/07/2025,11:26:43,8637.56,0,0,0,0,0,0
BHRT22.BSE_IDX,01/07/2025,11:26:51,8637.67,0,0,0,0,0,0
BHRT22.BSE_IDX,01/07/2025,11:26:59,8638.32,0,0,0,0,0,0
BHRT22.BSE_IDX,01/07/2025,11:27:07,8639.8,0,0,0,0,0,0
BHRT22.BSE_IDX,01/07/2025,11:27:15,8639.96,0,0,0,0,0,0
BHRT22.BSE_IDX,01/07/2025,11:27:23,8639.29,0,0,0,0,0,0
BHRT22.BSE_IDX,01/07/2025,11:27:31,8639.65,0,0,0,0,0,0
BHRT22.BSE_IDX,01/07/2025,11:27:39,8639.84,0,0,0,0,0,0
BHRT22.BSE_IDX,01/07/2025,11:27:47,8639.48,0,0,0,0,0,0
BHRT22.BSE_IDX,01/07/2025,11:27:55,8639.29,0,0,0,0,0,0
BHRT22.BSE_IDX,01/07/2025,11:28:03,8638.65,0,0,0,0,0,0
BHRT22.BSE_IDX,01/07/2025,11:28:11,8638.67,0,0,0,0,0,0
BHRT22.BSE_IDX,01/07/2025,11:28:19,8637.25,0,0,0,0,0,0
BHRT22.BSE_IDX,01/07/2025,11:28:27,8638,0,0,0,0,0,0
BHRT22.BSE_IDX,01/07/2025,11:28:36,8638.84,0,0,0,0,0,0
BHRT22.BSE_IDX,01/07/2025,11:28:43,8638.66,0,0,0,0,0,0
BHRT22.BSE_IDX,01/07/2025,11:28:51,8638.83,0,0,0,0,0,0
BHRT22.BSE_IDX,01/07/2025,11:28:59,8639.01,0,0,0,0,0,0
BHRT22.BSE_IDX,01/07/2025,11:29:07,8639,0,0,0,0,0,0
BHRT22.BSE_IDX,01/07/2025,11:29:16,8638.8,0,0,0,0,0,0
BHRT22.BSE_IDX,01/07/2025,11:29:24,8638.46,0,0,0,0,0,0
BHRT22.BSE_IDX,01/07/2025,11:29:31,8638.28,0,0,0,0,0,0
BHRT22.BSE_IDX,01/07/2025,11:29:39,8638.45,0,0,0,0,0,0
BHRT22.BSE_IDX,01/07/2025,11:29:47,8639.01,0,0,0,0,0,0
BHRT22.BSE_IDX,01/07/2025,11:29:55,8638.86,0,0,0,0,0,0
BHRT22.BSE_IDX,01/07/2025,11:30:03,8640.09,0,0,0,0,0,0
BHRT22.BSE_IDX,01/07/2025,11:30:11,8639.98,0,0,0,0,0,0
BHRT22.BSE_IDX,01/07/2025,11:30:19,8639.59,0,0,0,0,0,0
BHRT22.BSE_IDX,01/07/2025,11:30:27,8639.04,0,0,0,0,0,0
BHRT22.BSE_IDX,01/07/2025,11:30:35,8639.19,0,0,0,0,0,0
BHRT22.BSE_IDX,01/07/2025,11:30:43,8640.35,0,0,0,0,0,0
BHRT22.BSE_IDX,01/07/2025,11:30:51,8640.41,0,0,0,0,0,0
BHRT22.BSE_IDX,01/07/2025,11:30:59,8638.99,0,0,0,0,0,0
BHRT22.BSE_IDX,01/07/2025,11:31:07,8639.15,0,0,0,0,0,0
BHRT22.BSE_IDX,01/07/2025,11:31:15,8637.31,0,0,0,0,0,0
BHRT22.BSE_IDX,01/07/2025,11:31:23,8636.77,0,0,0,0,0,0
BHRT22.BSE_IDX,01/07/2025,11:31:31,8636.61,0,0,0,0,0,0
BHRT22.BSE_IDX,01/07/2025,11:31:39,8637,0,0,0,0,0,0
BHRT22.BSE_IDX,01/07/2025,11:31:47,8636.88,0,0,0,0,0,0
BHRT22.BSE_IDX,01/07/2025,11:31:55,8636.57,0,0,0,0,0,0
BHRT22.BSE_IDX,01/07/2025,11:32:04,8636.61,0,0,0,0,0,0
BHRT22.BSE_IDX,01/07/2025,11:32:11,8635.71,0,0,0,0,0,0
BHRT22.BSE_IDX,01/07/2025,11:32:19,8635.68,0,0,0,0,0,0
BHRT22.BSE_IDX,01/07/2025,11:32:27,8636.42,0,0,0,0,0,0
BHRT22.BSE_IDX,01/07/2025,11:32:35,8636.3,0,0,0,0,0,0
BHRT22.BSE_IDX,01/07/2025,11:32:43,8635.52,0,0,0,0,0,0
BHRT22.BSE_IDX,01/07/2025,11:32:51,8635.8,0,0,0,0,0,0
BHRT22.BSE_IDX,01/07/2025,11:32:59,8635.85,0,0,0,0,0,0
BHRT22.BSE_IDX,01/07/2025,11:33:07,8635.03,0,0,0,0,0,0
BHRT22.BSE_IDX,01/07/2025,11:33:15,8635.05,0,0,0,0,0,0
BHRT22.BSE_IDX,01/07/2025,11:33:23,8634.65,0,0,0,0,0,0
BHRT22.BSE_IDX,01/07/2025,11:33:31,8634.77,0,0,0,0,0,0
BHRT22.BSE_IDX,01/07/2025,11:33:39,8635.22,0,0,0,0,0,0
BHRT22.BSE_IDX,01/07/2025,11:33:47,8634.48,0,0,0,0,0,0
BHRT22.BSE_IDX,01/07/2025,11:33:55,8634.13,0,0,0,0,0,0
BHRT22.BSE_IDX,01/07/2025,11:34:03,8634.77,0,0,0,0,0,0
BHRT22.BSE_IDX,01/07/2025,11:34:12,8635.55,0,0,0,0,0,0
BHRT22.BSE_IDX,01/07/2025,11:34:19,8635.05,0,0,0,0,0,0
BHRT22.BSE_IDX,01/07/2025,11:34:27,8634.74,0,0,0,0,0,0
BHRT22.BSE_IDX,01/07/2025,11:34:35,8633.97,0,0,0,0,0,0
BHRT22.BSE_IDX,01/07/2025,11:34:43,8634.95,0,0,0,0,0,0
BHRT22.BSE_IDX,01/07/2025,11:34:51,8635.45,0,0,0,0,0,0
BHRT22.BSE_IDX,01/07/2025,11:34:59,8634.72,0,0,0,0,0,0
BHRT22.BSE_IDX,01/07/2025,11:35:07,8634.33,0,0,0,0,0,0
BHRT22.BSE_IDX,01/07/2025,11:35:16,8635.64,0,0,0,0,0,0
BHRT22.BSE_IDX,01/07/2025,11:35:23,8635.84,0,0,0,0,0,0
BHRT22.BSE_IDX,01/07/2025,11:35:32,8635.57,0,0,0,0,0,0
BHRT22.BSE_IDX,01/07/2025,11:35:39,8635.66,0,0,0,0,0,0
BHRT22.BSE_IDX,01/07/2025,11:35:47,8635.74,0,0,0,0,0,0
BHRT22.BSE_IDX,01/07/2025,11:35:55,8635.37,0,0,0,0,0,0
BHRT22.BSE_IDX,01/07/2025,11:36:04,8636.8,0,0,0,0,0,0
BHRT22.BSE_IDX,01/07/2025,11:36:11,8636.49,0,0,0,0,0,0
BHRT22.BSE_IDX,01/07/2025,11:36:19,8635.37,0,0,0,0,0,0
BHRT22.BSE_IDX,01/07/2025,11:36:28,8636.2,0,0,0,0,0,0
BHRT22.BSE_IDX,01/07/2025,11:36:35,8634.52,0,0,0,0,0,0
BHRT22.BSE_IDX,01/07/2025,11:36:43,8634.51,0,0,0,0,0,0
BHRT22.BSE_IDX,01/07/2025,11:36:54,8635.19,0,0,0,0,0,0
BHRT22.BSE_IDX,01/07/2025,11:36:59,8634.51,0,0,0,0,0,0
BHRT22.BSE_IDX,01/07/2025,11:37:07,8634.65,0,0,0,0,0,0
BHRT22.BSE_IDX,01/07/2025,11:37:15,8634.8,0,0,0,0,0,0
BHRT22.BSE_IDX,01/07/2025,11:37:23,8634.4,0,0,0,0,0,0
BHRT22.BSE_IDX,01/07/2025,11:37:31,8635.11,0,0,0,0,0,0
BHRT22.BSE_IDX,01/07/2025,11:37:41,8633.83,0,0,0,0,0,0
BHRT22.BSE_IDX,01/07/2025,11:37:47,8634.01,0,0,0,0,0,0
BHRT22.BSE_IDX,01/07/2025,11:37:55,8634.64,0,0,0,0,0,0
BHRT22.BSE_IDX,01/07/2025,11:38:03,8635.05,0,0,0,0,0,0
BHRT22.BSE_IDX,01/07/2025,11:38:11,8635.23,0,0,0,0,0,0
BHRT22.BSE_IDX,01/07/2025,11:38:20,8634.58,0,0,0,0,0,0
BHRT22.BSE_IDX,01/07/2025,11:38:27,8634.27,0,0,0,0,0,0
BHRT22.BSE_IDX,01/07/2025,11:38:35,8635.32,0,0,0,0,0,0
BHRT22.BSE_IDX,01/07/2025,11:38:43,8634.6,0,0,0,0,0,0
BHRT22.BSE_IDX,01/07/2025,11:38:51,8634.71,0,0,0,0,0,0
BHRT22.BSE_IDX,01/07/2025,11:38:59,8635.06,0,0,0,0,0,0
BHRT22.BSE_IDX,01/07/2025,11:39:07,8636.07,0,0,0,0,0,0
BHRT22.BSE_IDX,01/07/2025,11:39:16,8635.92,0,0,0,0,0,0
BHRT22.BSE_IDX,01/07/2025,11:39:23,8636.15,0,0,0,0,0,0
BHRT22.BSE_IDX,01/07/2025,11:39:31,8636.21,0,0,0,0,0,0
BHRT22.BSE_IDX,01/07/2025,11:39:39,8635.34,0,0,0,0,0,0
BHRT22.BSE_IDX,01/07/2025,11:39:47,8634.65,0,0,0,0,0,0
BHRT22.BSE_IDX,01/07/2025,11:39:55,8634.34,0,0,0,0,0,0
BHRT22.BSE_IDX,01/07/2025,11:40:03,8634.33,0,0,0,0,0,0
BHRT22.BSE_IDX,01/07/2025,11:40:11,8634.46,0,0,0,0,0,0
BHRT22.BSE_IDX,01/07/2025,11:40:19,8633.63,0,0,0,0,0,0
BHRT22.BSE_IDX,01/07/2025,11:40:27,8633.96,0,0,0,0,0,0
BHRT22.BSE_IDX,01/07/2025,11:40:35,8633.88,0,0,0,0,0,0
BHRT22.BSE_IDX,01/07/2025,11:40:43,8633.72,0,0,0,0,0,0
BHRT22.BSE_IDX,01/07/2025,11:40:51,8633.97,0,0,0,0,0,0
BHRT22.BSE_IDX,01/07/2025,11:41:00,8634.54,0,0,0,0,0,0
BHRT22.BSE_IDX,01/07/2025,11:41:07,8634.35,0,0,0,0,0,0
BHRT22.BSE_IDX,01/07/2025,11:41:15,8633.91,0,0,0,0,0,0
BHRT22.BSE_IDX,01/07/2025,11:41:24,8634.03,0,0,0,0,0,0
BHRT22.BSE_IDX,01/07/2025,11:41:32,8634.03,0,0,0,0,0,0
BHRT22.BSE_IDX,01/07/2025,11:41:39,8634.24,0,0,0,0,0,0
BHRT22.BSE_IDX,01/07/2025,11:41:48,8634.79,0,0,0,0,0,0
BHRT22.BSE_IDX,01/07/2025,11:41:56,8633.99,0,0,0,0,0,0
BHRT22.BSE_IDX,01/07/2025,11:42:04,8634.3,0,0,0,0,0,0
BHRT22.BSE_IDX,01/07/2025,11:42:12,8634.89,0,0,0,0,0,0
BHRT22.BSE_IDX,01/07/2025,11:42:20,8635.56,0,0,0,0,0,0
BHRT22.BSE_IDX,01/07/2025,11:42:28,8635.57,0,0,0,0,0,0
BHRT22.BSE_IDX,01/07/2025,11:42:36,8635.42,0,0,0,0,0,0
BHRT22.BSE_IDX,01/07/2025,11:42:44,8635.37,0,0,0,0,0,0
BHRT22.BSE_IDX,01/07/2025,11:42:52,8635.17,0,0,0,0,0,0
BHRT22.BSE_IDX,01/07/2025,11:43:00,8635.07,0,0,0,0,0,0
BHRT22.BSE_IDX,01/07/2025,11:43:08,8634.25,0,0,0,0,0,0
BHRT22.BSE_IDX,01/07/2025,11:43:16,8634.38,0,0,0,0,0,0
BHRT22.BSE_IDX,01/07/2025,11:43:24,8634.1,0,0,0,0,0,0
BHRT22.BSE_IDX,01/07/2025,11:43:32,8634.74,0,0,0,0,0,0
BHRT22.BSE_IDX,01/07/2025,11:43:40,8634.74,0,0,0,0,0,0
BHRT22.BSE_IDX,01/07/2025,11:43:48,8633.38,0,0,0,0,0,0
BHRT22.BSE_IDX,01/07/2025,11:43:56,8632.91,0,0,0,0,0,0
BHRT22.BSE_IDX,01/07/2025,11:44:04,8633.11,0,0,0,0,0,0
BHRT22.BSE_IDX,01/07/2025,11:44:12,8633.76,0,0,0,0,0,0
BHRT22.BSE_IDX,01/07/2025,11:44:20,8633.49,0,0,0,0,0,0
BHRT22.BSE_IDX,01/07/2025,11:44:28,8634.13,0,0,0,0,0,0
BHRT22.BSE_IDX,01/07/2025,11:44:36,8631.47,0,0,0,0,0,0
BHRT22.BSE_IDX,01/07/2025,11:44:44,8632.26,0,0,0,0,0,0
BHRT22.BSE_IDX,01/07/2025,11:44:52,8632.27,0,0,0,0,0,0
BHRT22.BSE_IDX,01/07/2025,11:45:00,8631.81,0,0,0,0,0,0
BHRT22.BSE_IDX,01/07/2025,11:45:08,8631.97,0,0,0,0,0,0
BHRT22.BSE_IDX,01/07/2025,11:45:16,8631.98,0,0,0,0,0,0
BHRT22.BSE_IDX,01/07/2025,11:45:24,8633.81,0,0,0,0,0,0
BHRT22.BSE_IDX,01/07/2025,11:45:32,8632.78,0,0,0,0,0,0
BHRT22.BSE_IDX,01/07/2025,11:45:40,8633.95,0,0,0,0,0,0
BHRT22.BSE_IDX,01/07/2025,11:45:48,8633.83,0,0,0,0,0,0
BHRT22.BSE_IDX,01/07/2025,11:45:56,8634.05,0,0,0,0,0,0
BHRT22.BSE_IDX,01/07/2025,11:46:04,8637.05,0,0,0,0,0,0
BHRT22.BSE_IDX,01/07/2025,11:46:12,8638.3,0,0,0,0,0,0
BHRT22.BSE_IDX,01/07/2025,11:46:20,8638.43,0,0,0,0,0,0
BHRT22.BSE_IDX,01/07/2025,11:46:28,8638.13,0,0,0,0,0,0
BHRT22.BSE_IDX,01/07/2025,11:46:36,8637.29,0,0,0,0,0,0
BHRT22.BSE_IDX,01/07/2025,11:46:44,8637.21,0,0,0,0,0,0
BHRT22.BSE_IDX,01/07/2025,11:46:52,8636.39,0,0,0,0,0,0
BHRT22.BSE_IDX,01/07/2025,11:47:00,8635.64,0,0,0,0,0,0
BHRT22.BSE_IDX,01/07/2025,11:47:08,8635.92,0,0,0,0,0,0
BHRT22.BSE_IDX,01/07/2025,11:47:16,8634.66,0,0,0,0,0,0
BHRT22.BSE_IDX,01/07/2025,11:47:24,8634.77,0,0,0,0,0,0
BHRT22.BSE_IDX,01/07/2025,11:47:32,8635.39,0,0,0,0,0,0
BHRT22.BSE_IDX,01/07/2025,11:47:40,8636.01,0,0,0,0,0,0
BHRT22.BSE_IDX,01/07/2025,11:47:48,8636.05,0,0,0,0,0,0
BHRT22.BSE_IDX,01/07/2025,11:47:56,8635.38,0,0,0,0,0,0
BHRT22.BSE_IDX,01/07/2025,11:48:04,8635.26,0,0,0,0,0,0
BHRT22.BSE_IDX,01/07/2025,11:48:12,8636.1,0,0,0,0,0,0
BHRT22.BSE_IDX,01/07/2025,11:48:20,8635.93,0,0,0,0,0,0
BHRT22.BSE_IDX,01/07/2025,11:48:28,8635.69,0,0,0,0,0,0
BHRT22.BSE_IDX,01/07/2025,11:48:36,8635.28,0,0,0,0,0,0
BHRT22.BSE_IDX,01/07/2025,11:48:44,8636.01,0,0,0,0,0,0
BHRT22.BSE_IDX,01/07/2025,11:48:52,8637.14,0,0,0,0,0,0
BHRT22.BSE_IDX,01/07/2025,11:49:01,8636.45,0,0,0,0,0,0
BHRT22.BSE_IDX,01/07/2025,11:49:09,8636.53,0,0,0,0,0,0
BHRT22.BSE_IDX,01/07/2025,11:49:16,8636.34,0,0,0,0,0,0
BHRT22.BSE_IDX,01/07/2025,11:49:24,8636.6,0,0,0,0,0,0
BHRT22.BSE_IDX,01/07/2025,11:49:32,8635.09,0,0,0,0,0,0
BHRT22.BSE_IDX,01/07/2025,11:49:40,8634.26,0,0,0,0,0,0
BHRT22.BSE_IDX,01/07/2025,11:49:49,8634.63,0,0,0,0,0,0
BHRT22.BSE_IDX,01/07/2025,11:49:56,8634.35,0,0,0,0,0,0
BHRT22.BSE_IDX,01/07/2025,11:50:04,8634.95,0,0,0,0,0,0
BHRT22.BSE_IDX,01/07/2025,11:50:12,8634.24,0,0,0,0,0,0
BHRT22.BSE_IDX,01/07/2025,11:50:20,8633.79,0,0,0,0,0,0
BHRT22.BSE_IDX,01/07/2025,11:50:28,8633.71,0,0,0,0,0,0
BHRT22.BSE_IDX,01/07/2025,11:50:36,8633.94,0,0,0,0,0,0
BHRT22.BSE_IDX,01/07/2025,11:50:44,8633.5,0,0,0,0,0,0
BHRT22.BSE_IDX,01/07/2025,11:50:52,8634.22,0,0,0,0,0,0
BHRT22.BSE_IDX,01/07/2025,11:51:00,8634.41,0,0,0,0,0,0
BHRT22.BSE_IDX,01/07/2025,11:51:08,8633.74,0,0,0,0,0,0
BHRT22.BSE_IDX,01/07/2025,11:51:16,8634.36,0,0,0,0,0,0
BHRT22.BSE_IDX,01/07/2025,11:51:24,8633.55,0,0,0,0,0,0
BHRT22.BSE_IDX,01/07/2025,11:51:32,8633.26,0,0,0,0,0,0
BHRT22.BSE_IDX,01/07/2025,11:51:40,8632.51,0,0,0,0,0,0
BHRT22.BSE_IDX,01/07/2025,11:51:48,8634.02,0,0,0,0,0,0
BHRT22.BSE_IDX,01/07/2025,11:51:56,8633.18,0,0,0,0,0,0
BHRT22.BSE_IDX,01/07/2025,11:52:04,8632.86,0,0,0,0,0,0
BHRT22.BSE_IDX,01/07/2025,11:52:12,8632.46,0,0,0,0,0,0
BHRT22.BSE_IDX,01/07/2025,11:52:20,8632.86,0,0,0,0,0,0
BHRT22.BSE_IDX,01/07/2025,11:52:28,8633.34,0,0,0,0,0,0
BHRT22.BSE_IDX,01/07/2025,11:52:36,8632.33,0,0,0,0,0,0
BHRT22.BSE_IDX,01/07/2025,11:52:44,8631.08,0,0,0,0,0,0
BHRT22.BSE_IDX,01/07/2025,11:52:52,8631.58,0,0,0,0,0,0
BHRT22.BSE_IDX,01/07/2025,11:53:00,8630.16,0,0,0,0,0,0
BHRT22.BSE_IDX,01/07/2025,11:53:08,8629.24,0,0,0,0,0,0
BHRT22.BSE_IDX,01/07/2025,11:53:16,8627.98,0,0,0,0,0,0
BHRT22.BSE_IDX,01/07/2025,11:53:24,8628.27,0,0,0,0,0,0
BHRT22.BSE_IDX,01/07/2025,11:53:32,8628.43,0,0,0,0,0,0
BHRT22.BSE_IDX,01/07/2025,11:53:40,8629.32,0,0,0,0,0,0
BHRT22.BSE_IDX,01/07/2025,11:53:48,8629.63,0,0,0,0,0,0
BHRT22.BSE_IDX,01/07/2025,11:53:56,8628.97,0,0,0,0,0,0
BHRT22.BSE_IDX,01/07/2025,11:54:04,8626.05,0,0,0,0,0,0
BHRT22.BSE_IDX,01/07/2025,11:54:12,8626.1,0,0,0,0,0,0
BHRT22.BSE_IDX,01/07/2025,11:54:20,8626.33,0,0,0,0,0,0
BHRT22.BSE_IDX,01/07/2025,11:54:28,8626.41,0,0,0,0,0,0
BHRT22.BSE_IDX,01/07/2025,11:54:36,8625.68,0,0,0,0,0,0
BHRT22.BSE_IDX,01/07/2025,11:54:44,8625.59,0,0,0,0,0,0
BHRT22.BSE_IDX,01/07/2025,11:54:52,8625.33,0,0,0,0,0,0
BHRT22.BSE_IDX,01/07/2025,11:55:00,8626.17,0,0,0,0,0,0
BHRT22.BSE_IDX,01/07/2025,11:55:08,8625.77,0,0,0,0,0,0
BHRT22.BSE_IDX,01/07/2025,11:55:17,8626.77,0,0,0,0,0,0
BHRT22.BSE_IDX,01/07/2025,11:55:24,8626.5,0,0,0,0,0,0
BHRT22.BSE_IDX,01/07/2025,11:55:32,8627.12,0,0,0,0,0,0
BHRT22.BSE_IDX,01/07/2025,11:55:40,8627.17,0,0,0,0,0,0
BHRT22.BSE_IDX,01/07/2025,11:55:48,8627.39,0,0,0,0,0,0
BHRT22.BSE_IDX,01/07/2025,11:55:56,8627.4,0,0,0,0,0,0
BHRT22.BSE_IDX,01/07/2025,11:56:05,8627.69,0,0,0,0,0,0
BHRT22.BSE_IDX,01/07/2025,11:56:12,8627.06,0,0,0,0,0,0
BHRT22.BSE_IDX,01/07/2025,11:56:20,8624.86,0,0,0,0,0,0
BHRT22.BSE_IDX,01/07/2025,11:56:28,8623.29,0,0,0,0,0,0
BHRT22.BSE_IDX,01/07/2025,11:56:36,8622.18,0,0,0,0,0,0
BHRT22.BSE_IDX,01/07/2025,11:56:44,8624.79,0,0,0,0,0,0
BHRT22.BSE_IDX,01/07/2025,11:56:52,8623.89,0,0,0,0,0,0
BHRT22.BSE_IDX,01/07/2025,11:57:00,8623.39,0,0,0,0,0,0
BHRT22.BSE_IDX,01/07/2025,11:57:08,8622.75,0,0,0,0,0,0
BHRT22.BSE_IDX,01/07/2025,11:57:16,8623.09,0,0,0,0,0,0
BHRT22.BSE_IDX,01/07/2025,11:57:24,8622.92,0,0,0,0,0,0
BHRT22.BSE_IDX,01/07/2025,11:57:32,8623.65,0,0,0,0,0,0
BHRT22.BSE_IDX,01/07/2025,11:57:40,8622.21,0,0,0,0,0,0
BHRT22.BSE_IDX,01/07/2025,11:57:48,8623.3,0,0,0,0,0,0
BHRT22.BSE_IDX,01/07/2025,11:57:56,8623.16,0,0,0,0,0,0
BHRT22.BSE_IDX,01/07/2025,11:58:04,8622.95,0,0,0,0,0,0
BHRT22.BSE_IDX,01/07/2025,11:58:12,8623.12,0,0,0,0,0,0
BHRT22.BSE_IDX,01/07/2025,11:58:20,8622.29,0,0,0,0,0,0
BHRT22.BSE_IDX,01/07/2025,11:58:28,8622.52,0,0,0,0,0,0
BHRT22.BSE_IDX,01/07/2025,11:58:36,8622.87,0,0,0,0,0,0
BHRT22.BSE_IDX,01/07/2025,11:58:44,8623.54,0,0,0,0,0,0
BHRT22.BSE_IDX,01/07/2025,11:58:52,8624.77,0,0,0,0,0,0
BHRT22.BSE_IDX,01/07/2025,11:59:00,8624.82,0,0,0,0,0,0
BHRT22.BSE_IDX,01/07/2025,11:59:08,8624.24,0,0,0,0,0,0
BHRT22.BSE_IDX,01/07/2025,11:59:16,8623.61,0,0,0,0,0,0
BHRT22.BSE_IDX,01/07/2025,11:59:24,8623.8,0,0,0,0,0,0
BHRT22.BSE_IDX,01/07/2025,11:59:32,8624.67,0,0,0,0,0,0
BHRT22.BSE_IDX,01/07/2025,11:59:40,8624.77,0,0,0,0,0,0
BHRT22.BSE_IDX,01/07/2025,11:59:48,8625.96,0,0,0,0,0,0
BHRT22.BSE_IDX,01/07/2025,11:59:56,8625.77,0,0,0,0,0,0
BHRT22.BSE_IDX,01/07/2025,12:00:05,8626.2,0,0,0,0,0,0
BHRT22.BSE_IDX,01/07/2025,12:00:12,8625.25,0,0,0,0,0,0
BHRT22.BSE_IDX,01/07/2025,12:00:20,8624.87,0,0,0,0,0,0
BHRT22.BSE_IDX,01/07/2025,12:00:28,8624.18,0,0,0,0,0,0
BHRT22.BSE_IDX,01/07/2025,12:00:37,8624.33,0,0,0,0,0,0
BHRT22.BSE_IDX,01/07/2025,12:00:44,8623.67,0,0,0,0,0,0
BHRT22.BSE_IDX,01/07/2025,12:00:52,8623.51,0,0,0,0,0,0
BHRT22.BSE_IDX,01/07/2025,12:01:00,8622.98,0,0,0,0,0,0
BHRT22.BSE_IDX,01/07/2025,12:01:08,8622.65,0,0,0,0,0,0
BHRT22.BSE_IDX,01/07/2025,12:01:16,8623.48,0,0,0,0,0,0
BHRT22.BSE_IDX,01/07/2025,12:01:24,8623.2,0,0,0,0,0,0
BHRT22.BSE_IDX,01/07/2025,12:01:32,8624.04,0,0,0,0,0,0
BHRT22.BSE_IDX,01/07/2025,12:01:40,8623.82,0,0,0,0,0,0
BHRT22.BSE_IDX,01/07/2025,12:01:48,8622.98,0,0,0,0,0,0
BHRT22.BSE_IDX,01/07/2025,12:01:57,8623.08,0,0,0,0,0,0
BHRT22.BSE_IDX,01/07/2025,12:02:04,8623.68,0,0,0,0,0,0
BHRT22.BSE_IDX,01/07/2025,12:02:12,8623.99,0,0,0,0,0,0
BHRT22.BSE_IDX,01/07/2025,12:02:20,8623.07,0,0,0,0,0,0
BHRT22.BSE_IDX,01/07/2025,12:02:28,8622.27,0,0,0,0,0,0
BHRT22.BSE_IDX,01/07/2025,12:02:36,8623.2,0,0,0,0,0,0
BHRT22.BSE_IDX,01/07/2025,12:02:44,8622.65,0,0,0,0,0,0
BHRT22.BSE_IDX,01/07/2025,12:02:52,8622.97,0,0,0,0,0,0
BHRT22.BSE_IDX,01/07/2025,12:03:00,8622.57,0,0,0,0,0,0
BHRT22.BSE_IDX,01/07/2025,12:03:08,8622.39,0,0,0,0,0,0
BHRT22.BSE_IDX,01/07/2025,12:03:17,8621.32,0,0,0,0,0,0
BHRT22.BSE_IDX,01/07/2025,12:03:24,8621.81,0,0,0,0,0,0
BHRT22.BSE_IDX,01/07/2025,12:03:32,8622.05,0,0,0,0,0,0
BHRT22.BSE_IDX,01/07/2025,12:03:40,8622.85,0,0,0,0,0,0
BHRT22.BSE_IDX,01/07/2025,12:03:48,8622.49,0,0,0,0,0,0
BHRT22.BSE_IDX,01/07/2025,12:03:56,8622.5,0,0,0,0,0,0
BHRT22.BSE_IDX,01/07/2025,12:04:04,8623.01,0,0,0,0,0,0
BHRT22.BSE_IDX,01/07/2025,12:04:12,8621.97,0,0,0,0,0,0
BHRT22.BSE_IDX,01/07/2025,12:04:20,8622.32,0,0,0,0,0,0
BHRT22.BSE_IDX,01/07/2025,12:04:28,8622.57,0,0,0,0,0,0
BHRT22.BSE_IDX,01/07/2025,12:04:36,8622.99,0,0,0,0,0,0
BHRT22.BSE_IDX,01/07/2025,12:04:44,8622.71,0,0,0,0,0,0
BHRT22.BSE_IDX,01/07/2025,12:04:52,8622.2,0,0,0,0,0,0
BHRT22.BSE_IDX,01/07/2025,12:05:01,8622.31,0,0,0,0,0,0
BHRT22.BSE_IDX,01/07/2025,12:05:08,8621.55,0,0,0,0,0,0
BHRT22.BSE_IDX,01/07/2025,12:05:16,8621.72,0,0,0,0,0,0
BHRT22.BSE_IDX,01/07/2025,12:05:24,8621.95,0,0,0,0,0,0
BHRT22.BSE_IDX,01/07/2025,12:05:32,8621.01,0,0,0,0,0,0
BHRT22.BSE_IDX,01/07/2025,12:05:40,8620.8,0,0,0,0,0,0
BHRT22.BSE_IDX,01/07/2025,12:05:48,8621.16,0,0,0,0,0,0
BHRT22.BSE_IDX,01/07/2025,12:05:56,8621.22,0,0,0,0,0,0
BHRT22.BSE_IDX,01/07/2025,12:06:04,8622.11,0,0,0,0,0,0
BHRT22.BSE_IDX,01/07/2025,12:06:12,8622.31,0,0,0,0,0,0
BHRT22.BSE_IDX,01/07/2025,12:06:20,8622.2,0,0,0,0,0,0
BHRT22.BSE_IDX,01/07/2025,12:06:28,8621.62,0,0,0,0,0,0
BHRT22.BSE_IDX,01/07/2025,12:06:36,8622.18,0,0,0,0,0,0
BHRT22.BSE_IDX,01/07/2025,12:06:44,8622.04,0,0,0,0,0,0
BHRT22.BSE_IDX,01/07/2025,12:06:53,8621.62,0,0,0,0,0,0
BHRT22.BSE_IDX,01/07/2025,12:07:00,8621.37,0,0,0,0,0,0
BHRT22.BSE_IDX,01/07/2025,12:07:08,8621.63,0,0,0,0,0,0
BHRT22.BSE_IDX,01/07/2025,12:07:16,8622.47,0,0,0,0,0,0
BHRT22.BSE_IDX,01/07/2025,12:07:24,8621.44,0,0,0,0,0,0
BHRT22.BSE_IDX,01/07/2025,12:07:32,8620.79,0,0,0,0,0,0
BHRT22.BSE_IDX,01/07/2025,12:07:40,8621.78,0,0,0,0,0,0
BHRT22.BSE_IDX,01/07/2025,12:07:48,8621.6,0,0,0,0,0,0
BHRT22.BSE_IDX,01/07/2025,12:07:56,8621.52,0,0,0,0,0,0
BHRT22.BSE_IDX,01/07/2025,12:08:04,8622.52,0,0,0,0,0,0
BHRT22.BSE_IDX,01/07/2025,12:08:12,8621.97,0,0,0,0,0,0
BHRT22.BSE_IDX,01/07/2025,12:08:20,8621.36,0,0,0,0,0,0
BHRT22.BSE_IDX,01/07/2025,12:08:28,8622.2,0,0,0,0,0,0
BHRT22.BSE_IDX,01/07/2025,12:08:36,8622.18,0,0,0,0,0,0
BHRT22.BSE_IDX,01/07/2025,12:08:44,8621.81,0,0,0,0,0,0
BHRT22.BSE_IDX,01/07/2025,12:08:52,8622.62,0,0,0,0,0,0
BHRT22.BSE_IDX,01/07/2025,12:09:00,8622.71,0,0,0,0,0,0
BHRT22.BSE_IDX,01/07/2025,12:09:08,8624.11,0,0,0,0,0,0
BHRT22.BSE_IDX,01/07/2025,12:09:16,8624.21,0,0,0,0,0,0
BHRT22.BSE_IDX,01/07/2025,12:09:25,8623.46,0,0,0,0,0,0
BHRT22.BSE_IDX,01/07/2025,12:09:32,8623.4,0,0,0,0,0,0
BHRT22.BSE_IDX,01/07/2025,12:09:40,8623.54,0,0,0,0,0,0
BHRT22.BSE_IDX,01/07/2025,12:09:48,8623.69,0,0,0,0,0,0
BHRT22.BSE_IDX,01/07/2025,12:09:57,8623.72,0,0,0,0,0,0
BHRT22.BSE_IDX,01/07/2025,12:10:05,8623.13,0,0,0,0,0,0
BHRT22.BSE_IDX,01/07/2025,12:10:13,8623.24,0,0,0,0,0,0
BHRT22.BSE_IDX,01/07/2025,12:10:22,8622.64,0,0,0,0,0,0
BHRT22.BSE_IDX,01/07/2025,12:10:28,8622.88,0,0,0,0,0,0
BHRT22.BSE_IDX,01/07/2025,12:10:36,8622.61,0,0,0,0,0,0
BHRT22.BSE_IDX,01/07/2025,12:10:45,8622.83,0,0,0,0,0,0
BHRT22.BSE_IDX,01/07/2025,12:10:52,8623.12,0,0,0,0,0,0
BHRT22.BSE_IDX,01/07/2025,12:11:00,8623.12,0,0,0,0,0,0
BHRT22.BSE_IDX,01/07/2025,12:11:08,8622.45,0,0,0,0,0,0
BHRT22.BSE_IDX,01/07/2025,12:11:17,8622.23,0,0,0,0,0,0
BHRT22.BSE_IDX,01/07/2025,12:11:24,8623.19,0,0,0,0,0,0
BHRT22.BSE_IDX,01/07/2025,12:11:32,8622.05,0,0,0,0,0,0
BHRT22.BSE_IDX,01/07/2025,12:11:40,8621.77,0,0,0,0,0,0
BHRT22.BSE_IDX,01/07/2025,12:11:49,8623.48,0,0,0,0,0,0
BHRT22.BSE_IDX,01/07/2025,12:11:57,8623.7,0,0,0,0,0,0
BHRT22.BSE_IDX,01/07/2025,12:12:05,8623.83,0,0,0,0,0,0
BHRT22.BSE_IDX,01/07/2025,12:12:13,8625.04,0,0,0,0,0,0
BHRT22.BSE_IDX,01/07/2025,12:12:21,8625.23,0,0,0,0,0,0
BHRT22.BSE_IDX,01/07/2025,12:12:29,8624.96,0,0,0,0,0,0
BHRT22.BSE_IDX,01/07/2025,12:12:37,8624.73,0,0,0,0,0,0
BHRT22.BSE_IDX,01/07/2025,12:12:45,8624.57,0,0,0,0,0,0
BHRT22.BSE_IDX,01/07/2025,12:12:53,8624.1,0,0,0,0,0,0
BHRT22.BSE_IDX,01/07/2025,12:13:01,8624,0,0,0,0,0,0
BHRT22.BSE_IDX,01/07/2025,12:13:09,8623.93,0,0,0,0,0,0
BHRT22.BSE_IDX,01/07/2025,12:13:17,8624.56,0,0,0,0,0,0
BHRT22.BSE_IDX,01/07/2025,12:13:25,8624.74,0,0,0,0,0,0
BHRT22.BSE_IDX,01/07/2025,12:13:33,8624.66,0,0,0,0,0,0
BHRT22.BSE_IDX,01/07/2025,12:13:41,8624.57,0,0,0,0,0,0
BHRT22.BSE_IDX,01/07/2025,12:13:49,8624.42,0,0,0,0,0,0
BHRT22.BSE_IDX,01/07/2025,12:13:57,8624.29,0,0,0,0,0,0
BHRT22.BSE_IDX,01/07/2025,12:14:05,8624.54,0,0,0,0,0,0
BHRT22.BSE_IDX,01/07/2025,12:14:13,8624.68,0,0,0,0,0,0
BHRT22.BSE_IDX,01/07/2025,12:14:21,8625.51,0,0,0,0,0,0
BHRT22.BSE_IDX,01/07/2025,12:14:29,8625.24,0,0,0,0,0,0
BHRT22.BSE_IDX,01/07/2025,12:14:37,8625.76,0,0,0,0,0,0
BHRT22.BSE_IDX,01/07/2025,12:14:46,8626.18,0,0,0,0,0,0
BHRT22.BSE_IDX,01/07/2025,12:14:54,8625.45,0,0,0,0,0,0
BHRT22.BSE_IDX,01/07/2025,12:15:01,8625.9,0,0,0,0,0,0
BHRT22.BSE_IDX,01/07/2025,12:15:09,8626.23,0,0,0,0,0,0
BHRT22.BSE_IDX,01/07/2025,12:15:17,8626.52,0,0,0,0,0,0
BHRT22.BSE_IDX,01/07/2025,12:15:25,8625.31,0,0,0,0,0,0
BHRT22.BSE_IDX,01/07/2025,12:15:33,8624.62,0,0,0,0,0,0
BHRT22.BSE_IDX,01/07/2025,12:15:41,8624.83,0,0,0,0,0,0
BHRT22.BSE_IDX,01/07/2025,12:15:49,8624.2,0,0,0,0,0,0
BHRT22.BSE_IDX,01/07/2025,12:15:57,8625.32,0,0,0,0,0,0
BHRT22.BSE_IDX,01/07/2025,12:16:05,8624.69,0,0,0,0,0,0
BHRT22.BSE_IDX,01/07/2025,12:16:13,8625.92,0,0,0,0,0,0
BHRT22.BSE_IDX,01/07/2025,12:16:21,8626.86,0,0,0,0,0,0
BHRT22.BSE_IDX,01/07/2025,12:16:29,8626.5,0,0,0,0,0,0
BHRT22.BSE_IDX,01/07/2025,12:16:37,8626.7,0,0,0,0,0,0
BHRT22.BSE_IDX,01/07/2025,12:16:45,8626.35,0,0,0,0,0,0
BHRT22.BSE_IDX,01/07/2025,12:16:53,8626.33,0,0,0,0,0,0
BHRT22.BSE_IDX,01/07/2025,12:17:01,8626.69,0,0,0,0,0,0
BHRT22.BSE_IDX,01/07/2025,12:17:09,8625.8,0,0,0,0,0,0
BHRT22.BSE_IDX,01/07/2025,12:17:17,8627.58,0,0,0,0,0,0
BHRT22.BSE_IDX,01/07/2025,12:17:25,8626.87,0,0,0,0,0,0
BHRT22.BSE_IDX,01/07/2025,12:17:33,8627.88,0,0,0,0,0,0
BHRT22.BSE_IDX,01/07/2025,12:17:41,8628.07,0,0,0,0,0,0
BHRT22.BSE_IDX,01/07/2025,12:17:49,8627.65,0,0,0,0,0,0
BHRT22.BSE_IDX,01/07/2025,12:17:57,8627.72,0,0,0,0,0,0
BHRT22.BSE_IDX,01/07/2025,12:18:05,8628.56,0,0,0,0,0,0
BHRT22.BSE_IDX,01/07/2025,12:18:13,8629.17,0,0,0,0,0,0
BHRT22.BSE_IDX,01/07/2025,12:18:21,8627.91,0,0,0,0,0,0
BHRT22.BSE_IDX,01/07/2025,12:18:29,8628.36,0,0,0,0,0,0
BHRT22.BSE_IDX,01/07/2025,12:18:37,8628.83,0,0,0,0,0,0
BHRT22.BSE_IDX,01/07/2025,12:18:45,8628.54,0,0,0,0,0,0
BHRT22.BSE_IDX,01/07/2025,12:18:53,8628.29,0,0,0,0,0,0
BHRT22.BSE_IDX,01/07/2025,12:19:01,8628.36,0,0,0,0,0,0
BHRT22.BSE_IDX,01/07/2025,12:19:09,8629.06,0,0,0,0,0,0
BHRT22.BSE_IDX,01/07/2025,12:19:17,8629.32,0,0,0,0,0,0
BHRT22.BSE_IDX,01/07/2025,12:19:25,8629.89,0,0,0,0,0,0
BHRT22.BSE_IDX,01/07/2025,12:19:33,8631.15,0,0,0,0,0,0
BHRT22.BSE_IDX,01/07/2025,12:19:41,8631.45,0,0,0,0,0,0
BHRT22.BSE_IDX,01/07/2025,12:19:49,8632.23,0,0,0,0,0,0
BHRT22.BSE_IDX,01/07/2025,12:19:57,8632.85,0,0,0,0,0,0
BHRT22.BSE_IDX,01/07/2025,12:20:05,8633.95,0,0,0,0,0,0
BHRT22.BSE_IDX,01/07/2025,12:20:13,8632.95,0,0,0,0,0,0
BHRT22.BSE_IDX,01/07/2025,12:20:21,8634.38,0,0,0,0,0,0
BHRT22.BSE_IDX,01/07/2025,12:20:29,8635.94,0,0,0,0,0,0
BHRT22.BSE_IDX,01/07/2025,12:20:37,8634.78,0,0,0,0,0,0
BHRT22.BSE_IDX,01/07/2025,12:20:45,8635.06,0,0,0,0,0,0
BHRT22.BSE_IDX,01/07/2025,12:20:53,8634.69,0,0,0,0,0,0
BHRT22.BSE_IDX,01/07/2025,12:21:01,8635.34,0,0,0,0,0,0
BHRT22.BSE_IDX,01/07/2025,12:21:09,8632.66,0,0,0,0,0,0
BHRT22.BSE_IDX,01/07/2025,12:21:17,8632.54,0,0,0,0,0,0
BHRT22.BSE_IDX,01/07/2025,12:21:25,8633.14,0,0,0,0,0,0
BHRT22.BSE_IDX,01/07/2025,12:21:33,8633.74,0,0,0,0,0,0
BHRT22.BSE_IDX,01/07/2025,12:21:41,8634.59,0,0,0,0,0,0
BHRT22.BSE_IDX,01/07/2025,12:21:49,8635.89,0,0,0,0,0,0
BHRT22.BSE_IDX,01/07/2025,12:21:57,8636.03,0,0,0,0,0,0
BHRT22.BSE_IDX,01/07/2025,12:22:05,8636.27,0,0,0,0,0,0
BHRT22.BSE_IDX,01/07/2025,12:22:13,8635.86,0,0,0,0,0,0
BHRT22.BSE_IDX,01/07/2025,12:22:21,8637.41,0,0,0,0,0,0
BHRT22.BSE_IDX,01/07/2025,12:22:29,8636.78,0,0,0,0,0,0
BHRT22.BSE_IDX,01/07/2025,12:22:37,8636,0,0,0,0,0,0
BHRT22.BSE_IDX,01/07/2025,12:22:45,8635.42,0,0,0,0,0,0
BHRT22.BSE_IDX,01/07/2025,12:22:53,8635.34,0,0,0,0,0,0
BHRT22.BSE_IDX,01/07/2025,12:23:02,8635.17,0,0,0,0,0,0
BHRT22.BSE_IDX,01/07/2025,12:23:09,8634.85,0,0,0,0,0,0
BHRT22.BSE_IDX,01/07/2025,12:23:17,8635.09,0,0,0,0,0,0
BHRT22.BSE_IDX,01/07/2025,12:23:25,8635.25,0,0,0,0,0,0
BHRT22.BSE_IDX,01/07/2025,12:23:33,8634.89,0,0,0,0,0,0
BHRT22.BSE_IDX,01/07/2025,12:23:41,8635.23,0,0,0,0,0,0
BHRT22.BSE_IDX,01/07/2025,12:23:49,8636.29,0,0,0,0,0,0
BHRT22.BSE_IDX,01/07/2025,12:23:57,8635.04,0,0,0,0,0,0
BHRT22.BSE_IDX,01/07/2025,12:24:05,8636.11,0,0,0,0,0,0
BHRT22.BSE_IDX,01/07/2025,12:24:13,8637.81,0,0,0,0,0,0
BHRT22.BSE_IDX,01/07/2025,12:24:21,8638.29,0,0,0,0,0,0
BHRT22.BSE_IDX,01/07/2025,12:24:29,8639.4,0,0,0,0,0,0
BHRT22.BSE_IDX,01/07/2025,12:24:37,8638.51,0,0,0,0,0,0
BHRT22.BSE_IDX,01/07/2025,12:24:45,8639.01,0,0,0,0,0,0
BHRT22.BSE_IDX,01/07/2025,12:24:53,8639.02,0,0,0,0,0,0
BHRT22.BSE_IDX,01/07/2025,12:25:01,8639.1,0,0,0,0,0,0
BHRT22.BSE_IDX,01/07/2025,12:25:09,8639.67,0,0,0,0,0,0
BHRT22.BSE_IDX,01/07/2025,12:25:17,8639.48,0,0,0,0,0,0
BHRT22.BSE_IDX,01/07/2025,12:25:25,8640.42,0,0,0,0,0,0
BHRT22.BSE_IDX,01/07/2025,12:25:33,8640.36,0,0,0,0,0,0
BHRT22.BSE_IDX,01/07/2025,12:25:41,8640.78,0,0,0,0,0,0
BHRT22.BSE_IDX,01/07/2025,12:25:49,8641.38,0,0,0,0,0,0
BHRT22.BSE_IDX,01/07/2025,12:25:57,8641.35,0,0,0,0,0,0
BHRT22.BSE_IDX,01/07/2025,12:26:05,8641.45,0,0,0,0,0,0
BHRT22.BSE_IDX,01/07/2025,12:26:13,8641.51,0,0,0,0,0,0
BHRT22.BSE_IDX,01/07/2025,12:26:21,8642.04,0,0,0,0,0,0
BHRT22.BSE_IDX,01/07/2025,12:26:31,8642.9,0,0,0,0,0,0
BHRT22.BSE_IDX,01/07/2025,12:26:37,8642.91,0,0,0,0,0,0
BHRT22.BSE_IDX,01/07/2025,12:26:45,8642.24,0,0,0,0,0,0
BHRT22.BSE_IDX,01/07/2025,12:26:53,8641.7,0,0,0,0,0,0
BHRT22.BSE_IDX,01/07/2025,12:27:01,8640.01,0,0,0,0,0,0
BHRT22.BSE_IDX,01/07/2025,12:27:09,8639.7,0,0,0,0,0,0
BHRT22.BSE_IDX,01/07/2025,12:27:17,8640.29,0,0,0,0,0,0
BHRT22.BSE_IDX,01/07/2025,12:27:25,8639.64,0,0,0,0,0,0
BHRT22.BSE_IDX,01/07/2025,12:27:33,8639.66,0,0,0,0,0,0
BHRT22.BSE_IDX,01/07/2025,12:27:41,8640.65,0,0,0,0,0,0
BHRT22.BSE_IDX,01/07/2025,12:27:49,8640.53,0,0,0,0,0,0
BHRT22.BSE_IDX,01/07/2025,12:27:57,8640.35,0,0,0,0,0,0
BHRT22.BSE_IDX,01/07/2025,12:28:05,8640.3,0,0,0,0,0,0
BHRT22.BSE_IDX,01/07/2025,12:28:13,8639.55,0,0,0,0,0,0
BHRT22.BSE_IDX,01/07/2025,12:28:21,8639.02,0,0,0,0,0,0
BHRT22.BSE_IDX,01/07/2025,12:28:29,8638.87,0,0,0,0,0,0
BHRT22.BSE_IDX,01/07/2025,12:28:37,8638.29,0,0,0,0,0,0
BHRT22.BSE_IDX,01/07/2025,12:28:45,8638.26,0,0,0,0,0,0
BHRT22.BSE_IDX,01/07/2025,12:28:53,8637.37,0,0,0,0,0,0
BHRT22.BSE_IDX,01/07/2025,12:29:01,8637.63,0,0,0,0,0,0
BHRT22.BSE_IDX,01/07/2025,12:29:10,8637.85,0,0,0,0,0,0
BHRT22.BSE_IDX,01/07/2025,12:29:18,8637.89,0,0,0,0,0,0
BHRT22.BSE_IDX,01/07/2025,12:29:25,8637.87,0,0,0,0,0,0
BHRT22.BSE_IDX,01/07/2025,12:29:33,8636.17,0,0,0,0,0,0
BHRT22.BSE_IDX,01/07/2025,12:29:41,8635.04,0,0,0,0,0,0
BHRT22.BSE_IDX,01/07/2025,12:29:49,8634.98,0,0,0,0,0,0
BHRT22.BSE_IDX,01/07/2025,12:29:57,8636.31,0,0,0,0,0,0
BHRT22.BSE_IDX,01/07/2025,12:30:05,8639.34,0,0,0,0,0,0
BHRT22.BSE_IDX,01/07/2025,12:30:13,8639.37,0,0,0,0,0,0
BHRT22.BSE_IDX,01/07/2025,12:30:22,8639.27,0,0,0,0,0,0
BHRT22.BSE_IDX,01/07/2025,12:30:29,8638.54,0,0,0,0,0,0
BHRT22.BSE_IDX,01/07/2025,12:30:37,8637.95,0,0,0,0,0,0
BHRT22.BSE_IDX,01/07/2025,12:30:45,8639.3,0,0,0,0,0,0
BHRT22.BSE_IDX,01/07/2025,12:30:53,8639.33,0,0,0,0,0,0
BHRT22.BSE_IDX,01/07/2025,12:31:01,8640.38,0,0,0,0,0,0
BHRT22.BSE_IDX,01/07/2025,12:31:09,8639.63,0,0,0,0,0,0
BHRT22.BSE_IDX,01/07/2025,12:31:17,8639.48,0,0,0,0,0,0
BHRT22.BSE_IDX,01/07/2025,12:31:25,8637.73,0,0,0,0,0,0
BHRT22.BSE_IDX,01/07/2025,12:31:34,8637.34,0,0,0,0,0,0
BHRT22.BSE_IDX,01/07/2025,12:31:41,8636.38,0,0,0,0,0,0
BHRT22.BSE_IDX,01/07/2025,12:31:49,8635.99,0,0,0,0,0,0
BHRT22.BSE_IDX,01/07/2025,12:31:57,8635.96,0,0,0,0,0,0
BHRT22.BSE_IDX,01/07/2025,12:32:05,8636.64,0,0,0,0,0,0
BHRT22.BSE_IDX,01/07/2025,12:32:13,8637.74,0,0,0,0,0,0
BHRT22.BSE_IDX,01/07/2025,12:32:21,8637.44,0,0,0,0,0,0
BHRT22.BSE_IDX,01/07/2025,12:32:29,8637.41,0,0,0,0,0,0
BHRT22.BSE_IDX,01/07/2025,12:32:37,8637.61,0,0,0,0,0,0
BHRT22.BSE_IDX,01/07/2025,12:32:45,8637.92,0,0,0,0,0,0
BHRT22.BSE_IDX,01/07/2025,12:32:53,8637.94,0,0,0,0,0,0
BHRT22.BSE_IDX,01/07/2025,12:33:01,8637.44,0,0,0,0,0,0
BHRT22.BSE_IDX,01/07/2025,12:33:09,8637.16,0,0,0,0,0,0
BHRT22.BSE_IDX,01/07/2025,12:33:17,8638.12,0,0,0,0,0,0
BHRT22.BSE_IDX,01/07/2025,12:33:26,8638.47,0,0,0,0,0,0
BHRT22.BSE_IDX,01/07/2025,12:33:33,8638.83,0,0,0,0,0,0
BHRT22.BSE_IDX,01/07/2025,12:33:41,8638.69,0,0,0,0,0,0
BHRT22.BSE_IDX,01/07/2025,12:33:49,8638.27,0,0,0,0,0,0
BHRT22.BSE_IDX,01/07/2025,12:33:57,8638.38,0,0,0,0,0,0
BHRT22.BSE_IDX,01/07/2025,12:34:05,8638.04,0,0,0,0,0,0
BHRT22.BSE_IDX,01/07/2025,12:34:13,8638.44,0,0,0,0,0,0
BHRT22.BSE_IDX,01/07/2025,12:34:21,8638.75,0,0,0,0,0,0
BHRT22.BSE_IDX,01/07/2025,12:34:29,8638.39,0,0,0,0,0,0
BHRT22.BSE_IDX,01/07/2025,12:34:37,8638.23,0,0,0,0,0,0
BHRT22.BSE_IDX,01/07/2025,12:34:45,8638.72,0,0,0,0,0,0
BHRT22.BSE_IDX,01/07/2025,12:34:53,8638.62,0,0,0,0,0,0
BHRT22.BSE_IDX,01/07/2025,12:35:01,8639.89,0,0,0,0,0,0
BHRT22.BSE_IDX,01/07/2025,12:35:09,8641.25,0,0,0,0,0,0
BHRT22.BSE_IDX,01/07/2025,12:35:17,8641.97,0,0,0,0,0,0
BHRT22.BSE_IDX,01/07/2025,12:35:25,8643.11,0,0,0,0,0,0
BHRT22.BSE_IDX,01/07/2025,12:35:33,8643.17,0,0,0,0,0,0
BHRT22.BSE_IDX,01/07/2025,12:35:41,8643.1,0,0,0,0,0,0
BHRT22.BSE_IDX,01/07/2025,12:35:49,8642.83,0,0,0,0,0,0
BHRT22.BSE_IDX,01/07/2025,12:35:57,8641.53,0,0,0,0,0,0
BHRT22.BSE_IDX,01/07/2025,12:36:05,8644.99,0,0,0,0,0,0
BHRT22.BSE_IDX,01/07/2025,12:36:13,8644.99,0,0,0,0,0,0
BHRT22.BSE_IDX,01/07/2025,12:36:21,8644.42,0,0,0,0,0,0
BHRT22.BSE_IDX,01/07/2025,12:36:29,8644.25,0,0,0,0,0,0
BHRT22.BSE_IDX,01/07/2025,12:36:37,8644.33,0,0,0,0,0,0
BHRT22.BSE_IDX,01/07/2025,12:36:45,8645.4,0,0,0,0,0,0
BHRT22.BSE_IDX,01/07/2025,12:36:53,8645.05,0,0,0,0,0,0
BHRT22.BSE_IDX,01/07/2025,12:37:01,8645.73,0,0,0,0,0,0
BHRT22.BSE_IDX,01/07/2025,12:37:09,8645.85,0,0,0,0,0,0
BHRT22.BSE_IDX,01/07/2025,12:37:17,8645.77,0,0,0,0,0,0
BHRT22.BSE_IDX,01/07/2025,12:37:25,8644.99,0,0,0,0,0,0
BHRT22.BSE_IDX,01/07/2025,12:37:33,8644.55,0,0,0,0,0,0
BHRT22.BSE_IDX,01/07/2025,12:37:41,8643.56,0,0,0,0,0,0
BHRT22.BSE_IDX,01/07/2025,12:37:49,8643.02,0,0,0,0,0,0
BHRT22.BSE_IDX,01/07/2025,12:37:57,8642.25,0,0,0,0,0,0
BHRT22.BSE_IDX,01/07/2025,12:38:05,8642.58,0,0,0,0,0,0
BHRT22.BSE_IDX,01/07/2025,12:38:13,8643.84,0,0,0,0,0,0
BHRT22.BSE_IDX,01/07/2025,12:38:22,8644.07,0,0,0,0,0,0
BHRT22.BSE_IDX,01/07/2025,12:38:29,8644.08,0,0,0,0,0,0
BHRT22.BSE_IDX,01/07/2025,12:38:39,8644.59,0,0,0,0,0,0
BHRT22.BSE_IDX,01/07/2025,12:38:45,8644.82,0,0,0,0,0,0
BHRT22.BSE_IDX,01/07/2025,12:38:53,8644.74,0,0,0,0,0,0
BHRT22.BSE_IDX,01/07/2025,12:39:01,8643.6,0,0,0,0,0,0
BHRT22.BSE_IDX,01/07/2025,12:39:10,8642.87,0,0,0,0,0,0
BHRT22.BSE_IDX,01/07/2025,12:39:17,8643.69,0,0,0,0,0,0
BHRT22.BSE_IDX,01/07/2025,12:39:25,8643.16,0,0,0,0,0,0
BHRT22.BSE_IDX,01/07/2025,12:39:34,8643.02,0,0,0,0,0,0
BHRT22.BSE_IDX,01/07/2025,12:39:42,8642.78,0,0,0,0,0,0
BHRT22.BSE_IDX,01/07/2025,12:39:49,8642.34,0,0,0,0,0,0
BHRT22.BSE_IDX,01/07/2025,12:39:57,8642.53,0,0,0,0,0,0
BHRT22.BSE_IDX,01/07/2025,12:40:05,8642.91,0,0,0,0,0,0
BHRT22.BSE_IDX,01/07/2025,12:40:14,8642.65,0,0,0,0,0,0
BHRT22.BSE_IDX,01/07/2025,12:40:21,8643.82,0,0,0,0,0,0
BHRT22.BSE_IDX,01/07/2025,12:40:29,8641.81,0,0,0,0,0,0
BHRT22.BSE_IDX,01/07/2025,12:40:37,8642.85,0,0,0,0,0,0
BHRT22.BSE_IDX,01/07/2025,12:40:45,8642.45,0,0,0,0,0,0
BHRT22.BSE_IDX,01/07/2025,12:40:54,8642.54,0,0,0,0,0,0
BHRT22.BSE_IDX,01/07/2025,12:41:01,8642.8,0,0,0,0,0,0
BHRT22.BSE_IDX,01/07/2025,12:41:09,8642,0,0,0,0,0,0
BHRT22.BSE_IDX,01/07/2025,12:41:17,8641.95,0,0,0,0,0,0
BHRT22.BSE_IDX,01/07/2025,12:41:25,8641.79,0,0,0,0,0,0
BHRT22.BSE_IDX,01/07/2025,12:41:33,8642.24,0,0,0,0,0,0
BHRT22.BSE_IDX,01/07/2025,12:41:41,8642.59,0,0,0,0,0,0
BHRT22.BSE_IDX,01/07/2025,12:41:49,8643.91,0,0,0,0,0,0
BHRT22.BSE_IDX,01/07/2025,12:41:57,8642.92,0,0,0,0,0,0
BHRT22.BSE_IDX,01/07/2025,12:42:05,8643.35,0,0,0,0,0,0
BHRT22.BSE_IDX,01/07/2025,12:42:13,8643.2,0,0,0,0,0,0
BHRT22.BSE_IDX,01/07/2025,12:42:21,8644,0,0,0,0,0,0
BHRT22.BSE_IDX,01/07/2025,12:42:29,8644.38,0,0,0,0,0,0
BHRT22.BSE_IDX,01/07/2025,12:42:37,8643.75,0,0,0,0,0,0
BHRT22.BSE_IDX,01/07/2025,12:42:45,8643.58,0,0,0,0,0,0
BHRT22.BSE_IDX,01/07/2025,12:42:53,8642.65,0,0,0,0,0,0
BHRT22.BSE_IDX,01/07/2025,12:43:01,8643.84,0,0,0,0,0,0
BHRT22.BSE_IDX,01/07/2025,12:43:10,8644.24,0,0,0,0,0,0
BHRT22.BSE_IDX,01/07/2025,12:43:17,8644.69,0,0,0,0,0,0
BHRT22.BSE_IDX,01/07/2025,12:43:26,8644.12,0,0,0,0,0,0
BHRT22.BSE_IDX,01/07/2025,12:43:33,8644.73,0,0,0,0,0,0
BHRT22.BSE_IDX,01/07/2025,12:43:41,8643.53,0,0,0,0,0,0
BHRT22.BSE_IDX,01/07/2025,12:43:49,8643.32,0,0,0,0,0,0
BHRT22.BSE_IDX,01/07/2025,12:43:58,8642.92,0,0,0,0,0,0
BHRT22.BSE_IDX,01/07/2025,12:44:05,8642.84,0,0,0,0,0,0
BHRT22.BSE_IDX,01/07/2025,12:44:14,8642.89,0,0,0,0,0,0
BHRT22.BSE_IDX,01/07/2025,12:44:21,8642.06,0,0,0,0,0,0
BHRT22.BSE_IDX,01/07/2025,12:44:29,8641.45,0,0,0,0,0,0
BHRT22.BSE_IDX,01/07/2025,12:44:38,8641.75,0,0,0,0,0,0
BHRT22.BSE_IDX,01/07/2025,12:44:45,8641.41,0,0,0,0,0,0
BHRT22.BSE_IDX,01/07/2025,12:44:53,8640.71,0,0,0,0,0,0
BHRT22.BSE_IDX,01/07/2025,12:45:01,8641.11,0,0,0,0,0,0
BHRT22.BSE_IDX,01/07/2025,12:45:11,8640.82,0,0,0,0,0,0
BHRT22.BSE_IDX,01/07/2025,12:45:17,8640.18,0,0,0,0,0,0
BHRT22.BSE_IDX,01/07/2025,12:45:25,8640.15,0,0,0,0,0,0
BHRT22.BSE_IDX,01/07/2025,12:45:34,8640.75,0,0,0,0,0,0
BHRT22.BSE_IDX,01/07/2025,12:45:42,8639.02,0,0,0,0,0,0
BHRT22.BSE_IDX,01/07/2025,12:45:50,8638.36,0,0,0,0,0,0
BHRT22.BSE_IDX,01/07/2025,12:45:58,8637.51,0,0,0,0,0,0
BHRT22.BSE_IDX,01/07/2025,12:46:06,8637.25,0,0,0,0,0,0
BHRT22.BSE_IDX,01/07/2025,12:46:14,8637.79,0,0,0,0,0,0
BHRT22.BSE_IDX,01/07/2025,12:46:22,8637.81,0,0,0,0,0,0
BHRT22.BSE_IDX,01/07/2025,12:46:30,8637.18,0,0,0,0,0,0
BHRT22.BSE_IDX,01/07/2025,12:46:38,8636.92,0,0,0,0,0,0
BHRT22.BSE_IDX,01/07/2025,12:46:46,8637.32,0,0,0,0,0,0
BHRT22.BSE_IDX,01/07/2025,12:46:54,8636.33,0,0,0,0,0,0
BHRT22.BSE_IDX,01/07/2025,12:47:02,8636.52,0,0,0,0,0,0
BHRT22.BSE_IDX,01/07/2025,12:47:10,8636.73,0,0,0,0,0,0
BHRT22.BSE_IDX,01/07/2025,12:47:18,8636.72,0,0,0,0,0,0
BHRT22.BSE_IDX,01/07/2025,12:47:26,8636.62,0,0,0,0,0,0
BHRT22.BSE_IDX,01/07/2025,12:47:34,8637.54,0,0,0,0,0,0
BHRT22.BSE_IDX,01/07/2025,12:47:42,8637.58,0,0,0,0,0,0
BHRT22.BSE_IDX,01/07/2025,12:47:50,8636.47,0,0,0,0,0,0
BHRT22.BSE_IDX,01/07/2025,12:47:58,8636.8,0,0,0,0,0,0
BHRT22.BSE_IDX,01/07/2025,12:48:06,8637.12,0,0,0,0,0,0
BHRT22.BSE_IDX,01/07/2025,12:48:14,8636.87,0,0,0,0,0,0
BHRT22.BSE_IDX,01/07/2025,12:48:22,8637.59,0,0,0,0,0,0
BHRT22.BSE_IDX,01/07/2025,12:48:30,8637.98,0,0,0,0,0,0
BHRT22.BSE_IDX,01/07/2025,12:48:38,8638.16,0,0,0,0,0,0
BHRT22.BSE_IDX,01/07/2025,12:48:46,8637.47,0,0,0,0,0,0
BHRT22.BSE_IDX,01/07/2025,12:48:54,8638.54,0,0,0,0,0,0
BHRT22.BSE_IDX,01/07/2025,12:49:02,8638.14,0,0,0,0,0,0
BHRT22.BSE_IDX,01/07/2025,12:49:10,8638.37,0,0,0,0,0,0
BHRT22.BSE_IDX,01/07/2025,12:49:18,8638.01,0,0,0,0,0,0
BHRT22.BSE_IDX,01/07/2025,12:49:26,8637.69,0,0,0,0,0,0
BHRT22.BSE_IDX,01/07/2025,12:49:34,8638.03,0,0,0,0,0,0
BHRT22.BSE_IDX,01/07/2025,12:49:42,8638.13,0,0,0,0,0,0
BHRT22.BSE_IDX,01/07/2025,12:49:50,8637.75,0,0,0,0,0,0
BHRT22.BSE_IDX,01/07/2025,12:49:58,8637.56,0,0,0,0,0,0
BHRT22.BSE_IDX,01/07/2025,12:50:06,8637.08,0,0,0,0,0,0
BHRT22.BSE_IDX,01/07/2025,12:50:14,8637.03,0,0,0,0,0,0
BHRT22.BSE_IDX,01/07/2025,12:50:22,8637.94,0,0,0,0,0,0
BHRT22.BSE_IDX,01/07/2025,12:50:30,8638.64,0,0,0,0,0,0
BHRT22.BSE_IDX,01/07/2025,12:50:38,8638.57,0,0,0,0,0,0
BHRT22.BSE_IDX,01/07/2025,12:50:47,8638.41,0,0,0,0,0,0
BHRT22.BSE_IDX,01/07/2025,12:50:54,8638.75,0,0,0,0,0,0
BHRT22.BSE_IDX,01/07/2025,12:51:02,8639.08,0,0,0,0,0,0
BHRT22.BSE_IDX,01/07/2025,12:51:10,8639.36,0,0,0,0,0,0
BHRT22.BSE_IDX,01/07/2025,12:51:19,8639.42,0,0,0,0,0,0
BHRT22.BSE_IDX,01/07/2025,12:51:26,8639.11,0,0,0,0,0,0
BHRT22.BSE_IDX,01/07/2025,12:51:34,8639.57,0,0,0,0,0,0
BHRT22.BSE_IDX,01/07/2025,12:51:42,8639.61,0,0,0,0,0,0
BHRT22.BSE_IDX,01/07/2025,12:51:50,8639.09,0,0,0,0,0,0
BHRT22.BSE_IDX,01/07/2025,12:51:58,8639.74,0,0,0,0,0,0
BHRT22.BSE_IDX,01/07/2025,12:52:06,8638.76,0,0,0,0,0,0
BHRT22.BSE_IDX,01/07/2025,12:52:14,8638.99,0,0,0,0,0,0
BHRT22.BSE_IDX,01/07/2025,12:52:22,8638.69,0,0,0,0,0,0
BHRT22.BSE_IDX,01/07/2025,12:52:30,8637.95,0,0,0,0,0,0
BHRT22.BSE_IDX,01/07/2025,12:52:38,8638.5,0,0,0,0,0,0
BHRT22.BSE_IDX,01/07/2025,12:52:46,8637.9,0,0,0,0,0,0
BHRT22.BSE_IDX,01/07/2025,12:52:54,8638.96,0,0,0,0,0,0
BHRT22.BSE_IDX,01/07/2025,12:53:02,8639.06,0,0,0,0,0,0
BHRT22.BSE_IDX,01/07/2025,12:53:10,8639.66,0,0,0,0,0,0
BHRT22.BSE_IDX,01/07/2025,12:53:18,8638.23,0,0,0,0,0,0
BHRT22.BSE_IDX,01/07/2025,12:53:26,8638.26,0,0,0,0,0,0
BHRT22.BSE_IDX,01/07/2025,12:53:34,8637.91,0,0,0,0,0,0
BHRT22.BSE_IDX,01/07/2025,12:53:42,8638.57,0,0,0,0,0,0
BHRT22.BSE_IDX,01/07/2025,12:53:50,8638.45,0,0,0,0,0,0
BHRT22.BSE_IDX,01/07/2025,12:53:58,8638.27,0,0,0,0,0,0
BHRT22.BSE_IDX,01/07/2025,12:54:06,8638.45,0,0,0,0,0,0
BHRT22.BSE_IDX,01/07/2025,12:54:14,8637.73,0,0,0,0,0,0
BHRT22.BSE_IDX,01/07/2025,12:54:22,8638.4,0,0,0,0,0,0
BHRT22.BSE_IDX,01/07/2025,12:54:30,8638.37,0,0,0,0,0,0
BHRT22.BSE_IDX,01/07/2025,12:54:38,8638.6,0,0,0,0,0,0
BHRT22.BSE_IDX,01/07/2025,12:54:46,8638.36,0,0,0,0,0,0
BHRT22.BSE_IDX,01/07/2025,12:54:54,8636.94,0,0,0,0,0,0
BHRT22.BSE_IDX,01/07/2025,12:55:02,8637.76,0,0,0,0,0,0
BHRT22.BSE_IDX,01/07/2025,12:55:10,8637.11,0,0,0,0,0,0
BHRT22.BSE_IDX,01/07/2025,12:55:18,8637.96,0,0,0,0,0,0
BHRT22.BSE_IDX,01/07/2025,12:55:26,8637.48,0,0,0,0,0,0
BHRT22.BSE_IDX,01/07/2025,12:55:34,8637.21,0,0,0,0,0,0
BHRT22.BSE_IDX,01/07/2025,12:55:42,8636.38,0,0,0,0,0,0
BHRT22.BSE_IDX,01/07/2025,12:55:50,8637.29,0,0,0,0,0,0
BHRT22.BSE_IDX,01/07/2025,12:55:58,8637.15,0,0,0,0,0,0
BHRT22.BSE_IDX,01/07/2025,12:56:06,8636.46,0,0,0,0,0,0
BHRT22.BSE_IDX,01/07/2025,12:56:15,8637,0,0,0,0,0,0
BHRT22.BSE_IDX,01/07/2025,12:56:22,8638.09,0,0,0,0,0,0
BHRT22.BSE_IDX,01/07/2025,12:56:30,8637.81,0,0,0,0,0,0
BHRT22.BSE_IDX,01/07/2025,12:56:38,8637.54,0,0,0,0,0,0
BHRT22.BSE_IDX,01/07/2025,12:56:46,8637.3,0,0,0,0,0,0
BHRT22.BSE_IDX,01/07/2025,12:56:54,8636.47,0,0,0,0,0,0
BHRT22.BSE_IDX,01/07/2025,12:57:02,8634.4,0,0,0,0,0,0
BHRT22.BSE_IDX,01/07/2025,12:57:10,8633.41,0,0,0,0,0,0
BHRT22.BSE_IDX,01/07/2025,12:57:18,8634.56,0,0,0,0,0,0
BHRT22.BSE_IDX,01/07/2025,12:57:26,8634.52,0,0,0,0,0,0
BHRT22.BSE_IDX,01/07/2025,12:57:34,8633.55,0,0,0,0,0,0
BHRT22.BSE_IDX,01/07/2025,12:57:42,8633.91,0,0,0,0,0,0
BHRT22.BSE_IDX,01/07/2025,12:57:51,8633.15,0,0,0,0,0,0
BHRT22.BSE_IDX,01/07/2025,12:57:58,8632.31,0,0,0,0,0,0
BHRT22.BSE_IDX,01/07/2025,12:58:06,8633.72,0,0,0,0,0,0
BHRT22.BSE_IDX,01/07/2025,12:58:14,8634.33,0,0,0,0,0,0
BHRT22.BSE_IDX,01/07/2025,12:58:22,8633.77,0,0,0,0,0,0
BHRT22.BSE_IDX,01/07/2025,12:58:30,8634.02,0,0,0,0,0,0
