Ticker,Date,Time,LTP,BuyPrice,BuyQty,SellPrice,SellQty,LTQ,OpenInterest
BS1000.BSE_IDX,01/07/2025,09:00:00,11033.14,0,0,0,0,0,0
BS1000.BSE_IDX,01/07/2025,09:00:07,11079.6,0,0,0,0,0,0
BS1000.BSE_IDX,01/07/2025,09:00:15,11074.68,0,0,0,0,0,0
BS1000.BSE_IDX,01/07/2025,09:00:23,11072.97,0,0,0,0,0,0
BS1000.BSE_IDX,01/07/2025,09:00:31,11076.68,0,0,0,0,0,0
BS1000.BSE_IDX,01/07/2025,09:00:39,11070.29,0,0,0,0,0,0
BS1000.BSE_IDX,01/07/2025,09:00:47,11061.16,0,0,0,0,0,0
BS1000.BSE_IDX,01/07/2025,09:00:55,11061.82,0,0,0,0,0,0
BS1000.BSE_IDX,01/07/2025,09:01:03,11062.68,0,0,0,0,0,0
BS1000.BSE_IDX,01/07/2025,09:01:11,11063.47,0,0,0,0,0,0
BS1000.BSE_IDX,01/07/2025,09:01:19,11067.7,0,0,0,0,0,0
BS1000.BSE_IDX,01/07/2025,09:01:27,11066.33,0,0,0,0,0,0
BS1000.BSE_IDX,01/07/2025,09:01:35,11060.95,0,0,0,0,0,0
BS1000.BSE_IDX,01/07/2025,09:01:43,11059.8,0,0,0,0,0,0
BS1000.BSE_IDX,01/07/2025,09:01:51,11053.63,0,0,0,0,0,0
BS1000.BSE_IDX,01/07/2025,09:01:59,11056.33,0,0,0,0,0,0
BS1000.BSE_IDX,01/07/2025,09:02:07,11057.38,0,0,0,0,0,0
BS1000.BSE_IDX,01/07/2025,09:02:15,11057.81,0,0,0,0,0,0
BS1000.BSE_IDX,01/07/2025,09:02:23,11056.4,0,0,0,0,0,0
BS1000.BSE_IDX,01/07/2025,09:02:31,11058.95,0,0,0,0,0,0
BS1000.BSE_IDX,01/07/2025,09:02:39,11059.92,0,0,0,0,0,0
BS1000.BSE_IDX,01/07/2025,09:02:47,11056.52,0,0,0,0,0,0
BS1000.BSE_IDX,01/07/2025,09:02:55,11056.8,0,0,0,0,0,0
BS1000.BSE_IDX,01/07/2025,09:03:03,11062.02,0,0,0,0,0,0
BS1000.BSE_IDX,01/07/2025,09:03:11,11060.94,0,0,0,0,0,0
BS1000.BSE_IDX,01/07/2025,09:03:19,11060.43,0,0,0,0,0,0
BS1000.BSE_IDX,01/07/2025,09:03:27,11058.51,0,0,0,0,0,0
BS1000.BSE_IDX,01/07/2025,09:03:35,11059.07,0,0,0,0,0,0
BS1000.BSE_IDX,01/07/2025,09:03:43,11057.94,0,0,0,0,0,0
BS1000.BSE_IDX,01/07/2025,09:03:51,11054.78,0,0,0,0,0,0
BS1000.BSE_IDX,01/07/2025,09:03:59,11050.85,0,0,0,0,0,0
BS1000.BSE_IDX,01/07/2025,09:04:07,11049.06,0,0,0,0,0,0
BS1000.BSE_IDX,01/07/2025,09:04:15,11048.67,0,0,0,0,0,0
BS1000.BSE_IDX,01/07/2025,09:04:23,11048.89,0,0,0,0,0,0
BS1000.BSE_IDX,01/07/2025,09:04:31,11048.99,0,0,0,0,0,0
BS1000.BSE_IDX,01/07/2025,09:04:39,11048.63,0,0,0,0,0,0
BS1000.BSE_IDX,01/07/2025,09:04:47,11046.72,0,0,0,0,0,0
BS1000.BSE_IDX,01/07/2025,09:04:55,11044.35,0,0,0,0,0,0
BS1000.BSE_IDX,01/07/2025,09:05:03,11044.48,0,0,0,0,0,0
BS1000.BSE_IDX,01/07/2025,09:05:11,11044.05,0,0,0,0,0,0
BS1000.BSE_IDX,01/07/2025,09:05:19,11047.17,0,0,0,0,0,0
BS1000.BSE_IDX,01/07/2025,09:05:27,11047.62,0,0,0,0,0,0
BS1000.BSE_IDX,01/07/2025,09:05:35,11048.17,0,0,0,0,0,0
BS1000.BSE_IDX,01/07/2025,09:05:43,11047.17,0,0,0,0,0,0
BS1000.BSE_IDX,01/07/2025,09:05:51,11048.42,0,0,0,0,0,0
BS1000.BSE_IDX,01/07/2025,09:05:59,11050.42,0,0,0,0,0,0
BS1000.BSE_IDX,01/07/2025,09:06:07,11050.05,0,0,0,0,0,0
BS1000.BSE_IDX,01/07/2025,09:06:15,11049.48,0,0,0,0,0,0
BS1000.BSE_IDX,01/07/2025,09:06:23,11051.23,0,0,0,0,0,0
BS1000.BSE_IDX,01/07/2025,09:06:31,11054.08,0,0,0,0,0,0
BS1000.BSE_IDX,01/07/2025,09:06:39,11054.25,0,0,0,0,0,0
BS1000.BSE_IDX,01/07/2025,09:06:47,11052.12,0,0,0,0,0,0
BS1000.BSE_IDX,01/07/2025,09:06:55,11053.53,0,0,0,0,0,0
BS1000.BSE_IDX,01/07/2025,09:07:04,11053.7,0,0,0,0,0,0
BS1000.BSE_IDX,01/07/2025,09:07:11,11053.7,0,0,0,0,0,0
BS1000.BSE_IDX,01/07/2025,09:07:19,11053.7,0,0,0,0,0,0
BS1000.BSE_IDX,01/07/2025,09:07:27,11053.7,0,0,0,0,0,0
BS1000.BSE_IDX,01/07/2025,09:07:35,11053.7,0,0,0,0,0,0
BS1000.BSE_IDX,01/07/2025,09:07:43,11053.7,0,0,0,0,0,0
BS1000.BSE_IDX,01/07/2025,09:07:51,11053.7,0,0,0,0,0,0
BS1000.BSE_IDX,01/07/2025,09:07:59,11053.7,0,0,0,0,0,0
BS1000.BSE_IDX,01/07/2025,09:08:07,11053.7,0,0,0,0,0,0
BS1000.BSE_IDX,01/07/2025,09:08:15,11053.7,0,0,0,0,0,0
BS1000.BSE_IDX,01/07/2025,09:08:23,11053.7,0,0,0,0,0,0
BS1000.BSE_IDX,01/07/2025,09:08:31,11053.7,0,0,0,0,0,0
BS1000.BSE_IDX,01/07/2025,09:08:39,11053.7,0,0,0,0,0,0
BS1000.BSE_IDX,01/07/2025,09:08:47,11053.7,0,0,0,0,0,0
BS1000.BSE_IDX,01/07/2025,09:08:55,11053.7,0,0,0,0,0,0
BS1000.BSE_IDX,01/07/2025,09:09:03,11053.39,0,0,0,0,0,0
BS1000.BSE_IDX,01/07/2025,09:09:11,11053.39,0,0,0,0,0,0
BS1000.BSE_IDX,01/07/2025,09:09:20,11053.39,0,0,0,0,0,0
BS1000.BSE_IDX,01/07/2025,09:09:27,11053.39,0,0,0,0,0,0
BS1000.BSE_IDX,01/07/2025,09:09:36,11053.39,0,0,0,0,0,0
BS1000.BSE_IDX,01/07/2025,09:09:43,11053.39,0,0,0,0,0,0
BS1000.BSE_IDX,01/07/2025,09:09:51,11053.39,0,0,0,0,0,0
BS1000.BSE_IDX,01/07/2025,09:09:59,11053.39,0,0,0,0,0,0
BS1000.BSE_IDX,01/07/2025,09:10:07,11053.39,0,0,0,0,0,0
BS1000.BSE_IDX,01/07/2025,09:10:16,11053.39,0,0,0,0,0,0
BS1000.BSE_IDX,01/07/2025,09:10:24,11053.39,0,0,0,0,0,0
BS1000.BSE_IDX,01/07/2025,09:10:32,11053.39,0,0,0,0,0,0
BS1000.BSE_IDX,01/07/2025,09:10:39,11053.39,0,0,0,0,0,0
BS1000.BSE_IDX,01/07/2025,09:10:47,11053.39,0,0,0,0,0,0
BS1000.BSE_IDX,01/07/2025,09:10:55,11053.39,0,0,0,0,0,0
BS1000.BSE_IDX,01/07/2025,09:11:03,11053.39,0,0,0,0,0,0
BS1000.BSE_IDX,01/07/2025,09:11:11,11053.39,0,0,0,0,0,0
BS1000.BSE_IDX,01/07/2025,09:11:19,11053.39,0,0,0,0,0,0
BS1000.BSE_IDX,01/07/2025,09:11:27,11053.39,0,0,0,0,0,0
BS1000.BSE_IDX,01/07/2025,09:11:35,11053.39,0,0,0,0,0,0
BS1000.BSE_IDX,01/07/2025,09:11:43,11053.39,0,0,0,0,0,0
BS1000.BSE_IDX,01/07/2025,09:11:51,11053.39,0,0,0,0,0,0
BS1000.BSE_IDX,01/07/2025,09:11:59,11053.39,0,0,0,0,0,0
BS1000.BSE_IDX,01/07/2025,09:12:07,11053.39,0,0,0,0,0,0
BS1000.BSE_IDX,01/07/2025,09:12:16,11053.39,0,0,0,0,0,0
BS1000.BSE_IDX,01/07/2025,09:12:23,11053.39,0,0,0,0,0,0
BS1000.BSE_IDX,01/07/2025,09:12:31,11053.39,0,0,0,0,0,0
BS1000.BSE_IDX,01/07/2025,09:12:39,11053.39,0,0,0,0,0,0
BS1000.BSE_IDX,01/07/2025,09:12:47,11053.39,0,0,0,0,0,0
BS1000.BSE_IDX,01/07/2025,09:12:55,11053.39,0,0,0,0,0,0
BS1000.BSE_IDX,01/07/2025,09:13:03,11053.39,0,0,0,0,0,0
BS1000.BSE_IDX,01/07/2025,09:13:11,11053.39,0,0,0,0,0,0
BS1000.BSE_IDX,01/07/2025,09:13:19,11053.39,0,0,0,0,0,0
BS1000.BSE_IDX,01/07/2025,09:13:27,11053.39,0,0,0,0,0,0
BS1000.BSE_IDX,01/07/2025,09:13:35,11053.39,0,0,0,0,0,0
BS1000.BSE_IDX,01/07/2025,09:13:43,11053.39,0,0,0,0,0,0
BS1000.BSE_IDX,01/07/2025,09:13:51,11053.39,0,0,0,0,0,0
BS1000.BSE_IDX,01/07/2025,09:13:59,11053.39,0,0,0,0,0,0
BS1000.BSE_IDX,01/07/2025,09:14:07,11053.39,0,0,0,0,0,0
BS1000.BSE_IDX,01/07/2025,09:14:15,11053.39,0,0,0,0,0,0
BS1000.BSE_IDX,01/07/2025,09:14:23,11053.39,0,0,0,0,0,0
BS1000.BSE_IDX,01/07/2025,09:14:31,11053.39,0,0,0,0,0,0
BS1000.BSE_IDX,01/07/2025,09:14:39,11053.39,0,0,0,0,0,0
BS1000.BSE_IDX,01/07/2025,09:14:47,11053.39,0,0,0,0,0,0
BS1000.BSE_IDX,01/07/2025,09:14:55,11053.39,0,0,0,0,0,0
BS1000.BSE_IDX,01/07/2025,09:15:04,11056.99,0,0,0,0,0,0
BS1000.BSE_IDX,01/07/2025,09:15:11,11058.29,0,0,0,0,0,0
BS1000.BSE_IDX,01/07/2025,09:15:19,11053.54,0,0,0,0,0,0
BS1000.BSE_IDX,01/07/2025,09:15:27,11048.54,0,0,0,0,0,0
BS1000.BSE_IDX,01/07/2025,09:15:35,11048.4,0,0,0,0,0,0
BS1000.BSE_IDX,01/07/2025,09:15:43,11048.16,0,0,0,0,0,0
BS1000.BSE_IDX,01/07/2025,09:15:51,11046.64,0,0,0,0,0,0
BS1000.BSE_IDX,01/07/2025,09:15:59,11044.95,0,0,0,0,0,0
BS1000.BSE_IDX,01/07/2025,09:16:07,11044.01,0,0,0,0,0,0
BS1000.BSE_IDX,01/07/2025,09:16:15,11046.71,0,0,0,0,0,0
BS1000.BSE_IDX,01/07/2025,09:16:24,11047.65,0,0,0,0,0,0
BS1000.BSE_IDX,01/07/2025,09:16:31,11046.73,0,0,0,0,0,0
BS1000.BSE_IDX,01/07/2025,09:16:39,11046.74,0,0,0,0,0,0
BS1000.BSE_IDX,01/07/2025,09:16:48,11045.49,0,0,0,0,0,0
BS1000.BSE_IDX,01/07/2025,09:16:55,11045.78,0,0,0,0,0,0
BS1000.BSE_IDX,01/07/2025,09:17:03,11046.43,0,0,0,0,0,0
BS1000.BSE_IDX,01/07/2025,09:17:12,11044.38,0,0,0,0,0,0
BS1000.BSE_IDX,01/07/2025,09:17:19,11044.39,0,0,0,0,0,0
BS1000.BSE_IDX,01/07/2025,09:17:27,11044.75,0,0,0,0,0,0
BS1000.BSE_IDX,01/07/2025,09:17:35,11045.81,0,0,0,0,0,0
BS1000.BSE_IDX,01/07/2025,09:17:44,11048.06,0,0,0,0,0,0
BS1000.BSE_IDX,01/07/2025,09:17:51,11048.91,0,0,0,0,0,0
BS1000.BSE_IDX,01/07/2025,09:17:59,11048.73,0,0,0,0,0,0
BS1000.BSE_IDX,01/07/2025,09:18:07,11049.94,0,0,0,0,0,0
BS1000.BSE_IDX,01/07/2025,09:18:15,11049.37,0,0,0,0,0,0
BS1000.BSE_IDX,01/07/2025,09:18:23,11049.2,0,0,0,0,0,0
BS1000.BSE_IDX,01/07/2025,09:18:31,11048.76,0,0,0,0,0,0
BS1000.BSE_IDX,01/07/2025,09:18:39,11049.76,0,0,0,0,0,0
BS1000.BSE_IDX,01/07/2025,09:18:47,11050.29,0,0,0,0,0,0
BS1000.BSE_IDX,01/07/2025,09:18:56,11050.58,0,0,0,0,0,0
BS1000.BSE_IDX,01/07/2025,09:19:03,11050.05,0,0,0,0,0,0
BS1000.BSE_IDX,01/07/2025,09:19:11,11048.87,0,0,0,0,0,0
BS1000.BSE_IDX,01/07/2025,09:19:19,11049.29,0,0,0,0,0,0
BS1000.BSE_IDX,01/07/2025,09:19:28,11048.74,0,0,0,0,0,0
BS1000.BSE_IDX,01/07/2025,09:19:35,11049.87,0,0,0,0,0,0
BS1000.BSE_IDX,01/07/2025,09:19:43,11049.1,0,0,0,0,0,0
BS1000.BSE_IDX,01/07/2025,09:19:52,11049.35,0,0,0,0,0,0
BS1000.BSE_IDX,01/07/2025,09:19:59,11048.95,0,0,0,0,0,0
BS1000.BSE_IDX,01/07/2025,09:20:07,11050.28,0,0,0,0,0,0
BS1000.BSE_IDX,01/07/2025,09:20:15,11051.21,0,0,0,0,0,0
BS1000.BSE_IDX,01/07/2025,09:20:24,11049.88,0,0,0,0,0,0
BS1000.BSE_IDX,01/07/2025,09:20:31,11050.62,0,0,0,0,0,0
BS1000.BSE_IDX,01/07/2025,09:20:39,11050.46,0,0,0,0,0,0
BS1000.BSE_IDX,01/07/2025,09:20:47,11050.25,0,0,0,0,0,0
BS1000.BSE_IDX,01/07/2025,09:20:55,11049.33,0,0,0,0,0,0
BS1000.BSE_IDX,01/07/2025,09:21:03,11049.56,0,0,0,0,0,0
BS1000.BSE_IDX,01/07/2025,09:21:11,11050.55,0,0,0,0,0,0
BS1000.BSE_IDX,01/07/2025,09:21:19,11053.32,0,0,0,0,0,0
BS1000.BSE_IDX,01/07/2025,09:21:27,11053.14,0,0,0,0,0,0
BS1000.BSE_IDX,01/07/2025,09:21:36,11053.7,0,0,0,0,0,0
BS1000.BSE_IDX,01/07/2025,09:21:43,11054.8,0,0,0,0,0,0
BS1000.BSE_IDX,01/07/2025,09:21:51,11055.65,0,0,0,0,0,0
BS1000.BSE_IDX,01/07/2025,09:22:00,11055.94,0,0,0,0,0,0
BS1000.BSE_IDX,01/07/2025,09:22:07,11055.66,0,0,0,0,0,0
BS1000.BSE_IDX,01/07/2025,09:22:15,11055.6,0,0,0,0,0,0
BS1000.BSE_IDX,01/07/2025,09:22:23,11057.43,0,0,0,0,0,0
BS1000.BSE_IDX,01/07/2025,09:22:31,11058.58,0,0,0,0,0,0
BS1000.BSE_IDX,01/07/2025,09:22:39,11058.72,0,0,0,0,0,0
BS1000.BSE_IDX,01/07/2025,09:22:47,11059.24,0,0,0,0,0,0
BS1000.BSE_IDX,01/07/2025,09:22:55,11059.32,0,0,0,0,0,0
BS1000.BSE_IDX,01/07/2025,09:23:03,11059.32,0,0,0,0,0,0
BS1000.BSE_IDX,01/07/2025,09:23:11,11058.56,0,0,0,0,0,0
BS1000.BSE_IDX,01/07/2025,09:23:20,11057.83,0,0,0,0,0,0
BS1000.BSE_IDX,01/07/2025,09:23:27,11057.03,0,0,0,0,0,0
BS1000.BSE_IDX,01/07/2025,09:23:35,11056.34,0,0,0,0,0,0
BS1000.BSE_IDX,01/07/2025,09:23:44,11055.93,0,0,0,0,0,0
BS1000.BSE_IDX,01/07/2025,09:23:51,11054.71,0,0,0,0,0,0
BS1000.BSE_IDX,01/07/2025,09:23:59,11054.33,0,0,0,0,0,0
BS1000.BSE_IDX,01/07/2025,09:24:08,11055.52,0,0,0,0,0,0
BS1000.BSE_IDX,01/07/2025,09:24:16,11055.49,0,0,0,0,0,0
BS1000.BSE_IDX,01/07/2025,09:24:23,11055.09,0,0,0,0,0,0
BS1000.BSE_IDX,01/07/2025,09:24:32,11054.63,0,0,0,0,0,0
BS1000.BSE_IDX,01/07/2025,09:24:39,11054.68,0,0,0,0,0,0
BS1000.BSE_IDX,01/07/2025,09:24:48,11055.28,0,0,0,0,0,0
BS1000.BSE_IDX,01/07/2025,09:24:57,11054.7,0,0,0,0,0,0
BS1000.BSE_IDX,01/07/2025,09:25:03,11054.77,0,0,0,0,0,0
BS1000.BSE_IDX,01/07/2025,09:25:12,11055.22,0,0,0,0,0,0
BS1000.BSE_IDX,01/07/2025,09:25:20,11055.76,0,0,0,0,0,0
BS1000.BSE_IDX,01/07/2025,09:25:29,11055.32,0,0,0,0,0,0
BS1000.BSE_IDX,01/07/2025,09:25:35,11057.08,0,0,0,0,0,0
BS1000.BSE_IDX,01/07/2025,09:25:43,11056.93,0,0,0,0,0,0
BS1000.BSE_IDX,01/07/2025,09:25:51,11056.67,0,0,0,0,0,0
BS1000.BSE_IDX,01/07/2025,09:25:59,11056.44,0,0,0,0,0,0
BS1000.BSE_IDX,01/07/2025,09:26:08,11055.31,0,0,0,0,0,0
BS1000.BSE_IDX,01/07/2025,09:26:15,11054.7,0,0,0,0,0,0
BS1000.BSE_IDX,01/07/2025,09:26:24,11055.47,0,0,0,0,0,0
BS1000.BSE_IDX,01/07/2025,09:26:31,11055.88,0,0,0,0,0,0
BS1000.BSE_IDX,01/07/2025,09:26:40,11056.03,0,0,0,0,0,0
BS1000.BSE_IDX,01/07/2025,09:26:48,11056.24,0,0,0,0,0,0
BS1000.BSE_IDX,01/07/2025,09:26:55,11057.26,0,0,0,0,0,0
BS1000.BSE_IDX,01/07/2025,09:27:04,11057.91,0,0,0,0,0,0
BS1000.BSE_IDX,01/07/2025,09:27:12,11057.06,0,0,0,0,0,0
BS1000.BSE_IDX,01/07/2025,09:27:19,11057.59,0,0,0,0,0,0
BS1000.BSE_IDX,01/07/2025,09:27:28,11057,0,0,0,0,0,0
BS1000.BSE_IDX,01/07/2025,09:27:36,11056.64,0,0,0,0,0,0
BS1000.BSE_IDX,01/07/2025,09:27:44,11056.29,0,0,0,0,0,0
BS1000.BSE_IDX,01/07/2025,09:27:52,11056.42,0,0,0,0,0,0
BS1000.BSE_IDX,01/07/2025,09:28:00,11057.58,0,0,0,0,0,0
BS1000.BSE_IDX,01/07/2025,09:28:08,11056.55,0,0,0,0,0,0
BS1000.BSE_IDX,01/07/2025,09:28:16,11055.67,0,0,0,0,0,0
BS1000.BSE_IDX,01/07/2025,09:28:24,11054.19,0,0,0,0,0,0
BS1000.BSE_IDX,01/07/2025,09:28:32,11053.44,0,0,0,0,0,0
BS1000.BSE_IDX,01/07/2025,09:28:40,11052.33,0,0,0,0,0,0
BS1000.BSE_IDX,01/07/2025,09:28:48,11052.27,0,0,0,0,0,0
BS1000.BSE_IDX,01/07/2025,09:28:56,11051.96,0,0,0,0,0,0
BS1000.BSE_IDX,01/07/2025,09:29:04,11052.37,0,0,0,0,0,0
BS1000.BSE_IDX,01/07/2025,09:29:12,11052.27,0,0,0,0,0,0
BS1000.BSE_IDX,01/07/2025,09:29:20,11051.13,0,0,0,0,0,0
BS1000.BSE_IDX,01/07/2025,09:29:28,11051.01,0,0,0,0,0,0
BS1000.BSE_IDX,01/07/2025,09:29:36,11051.13,0,0,0,0,0,0
BS1000.BSE_IDX,01/07/2025,09:29:44,11052.06,0,0,0,0,0,0
BS1000.BSE_IDX,01/07/2025,09:29:52,11052.14,0,0,0,0,0,0
BS1000.BSE_IDX,01/07/2025,09:30:00,11052.86,0,0,0,0,0,0
BS1000.BSE_IDX,01/07/2025,09:30:08,11054.18,0,0,0,0,0,0
BS1000.BSE_IDX,01/07/2025,09:30:16,11057.07,0,0,0,0,0,0
BS1000.BSE_IDX,01/07/2025,09:30:24,11057.81,0,0,0,0,0,0
BS1000.BSE_IDX,01/07/2025,09:30:32,11058.79,0,0,0,0,0,0
BS1000.BSE_IDX,01/07/2025,09:30:40,11059.33,0,0,0,0,0,0
BS1000.BSE_IDX,01/07/2025,09:30:48,11059.59,0,0,0,0,0,0
BS1000.BSE_IDX,01/07/2025,09:30:56,11058.04,0,0,0,0,0,0
BS1000.BSE_IDX,01/07/2025,09:31:04,11057.83,0,0,0,0,0,0
BS1000.BSE_IDX,01/07/2025,09:31:12,11055.95,0,0,0,0,0,0
BS1000.BSE_IDX,01/07/2025,09:31:20,11054.74,0,0,0,0,0,0
BS1000.BSE_IDX,01/07/2025,09:31:28,11054.28,0,0,0,0,0,0
BS1000.BSE_IDX,01/07/2025,09:31:36,11054.01,0,0,0,0,0,0
BS1000.BSE_IDX,01/07/2025,09:31:44,11053.19,0,0,0,0,0,0
BS1000.BSE_IDX,01/07/2025,09:31:52,11053.62,0,0,0,0,0,0
BS1000.BSE_IDX,01/07/2025,09:32:00,11054.25,0,0,0,0,0,0
BS1000.BSE_IDX,01/07/2025,09:32:08,11053.36,0,0,0,0,0,0
BS1000.BSE_IDX,01/07/2025,09:32:16,11052.88,0,0,0,0,0,0
BS1000.BSE_IDX,01/07/2025,09:32:24,11052.78,0,0,0,0,0,0
BS1000.BSE_IDX,01/07/2025,09:32:32,11053.47,0,0,0,0,0,0
BS1000.BSE_IDX,01/07/2025,09:32:40,11053.29,0,0,0,0,0,0
BS1000.BSE_IDX,01/07/2025,09:32:48,11054.1,0,0,0,0,0,0
BS1000.BSE_IDX,01/07/2025,09:32:56,11055.3,0,0,0,0,0,0
BS1000.BSE_IDX,01/07/2025,09:33:04,11056.24,0,0,0,0,0,0
BS1000.BSE_IDX,01/07/2025,09:33:12,11056.75,0,0,0,0,0,0
BS1000.BSE_IDX,01/07/2025,09:33:20,11057.29,0,0,0,0,0,0
BS1000.BSE_IDX,01/07/2025,09:33:28,11057.56,0,0,0,0,0,0
BS1000.BSE_IDX,01/07/2025,09:33:36,11057.34,0,0,0,0,0,0
BS1000.BSE_IDX,01/07/2025,09:33:44,11057.12,0,0,0,0,0,0
BS1000.BSE_IDX,01/07/2025,09:33:52,11057.27,0,0,0,0,0,0
BS1000.BSE_IDX,01/07/2025,09:34:00,11057.22,0,0,0,0,0,0
BS1000.BSE_IDX,01/07/2025,09:34:08,11056.83,0,0,0,0,0,0
BS1000.BSE_IDX,01/07/2025,09:34:16,11056.33,0,0,0,0,0,0
BS1000.BSE_IDX,01/07/2025,09:34:24,11056.69,0,0,0,0,0,0
BS1000.BSE_IDX,01/07/2025,09:34:32,11057.02,0,0,0,0,0,0
BS1000.BSE_IDX,01/07/2025,09:34:40,11057.61,0,0,0,0,0,0
BS1000.BSE_IDX,01/07/2025,09:34:48,11057.89,0,0,0,0,0,0
BS1000.BSE_IDX,01/07/2025,09:34:56,11058,0,0,0,0,0,0
BS1000.BSE_IDX,01/07/2025,09:35:05,11057.32,0,0,0,0,0,0
BS1000.BSE_IDX,01/07/2025,09:35:12,11057.02,0,0,0,0,0,0
BS1000.BSE_IDX,01/07/2025,09:35:20,11055.97,0,0,0,0,0,0
BS1000.BSE_IDX,01/07/2025,09:35:28,11055.75,0,0,0,0,0,0
BS1000.BSE_IDX,01/07/2025,09:35:36,11056.39,0,0,0,0,0,0
BS1000.BSE_IDX,01/07/2025,09:35:44,11056.42,0,0,0,0,0,0
BS1000.BSE_IDX,01/07/2025,09:35:52,11055.85,0,0,0,0,0,0
BS1000.BSE_IDX,01/07/2025,09:36:00,11056.21,0,0,0,0,0,0
BS1000.BSE_IDX,01/07/2025,09:36:08,11055.82,0,0,0,0,0,0
BS1000.BSE_IDX,01/07/2025,09:36:16,11055.45,0,0,0,0,0,0
BS1000.BSE_IDX,01/07/2025,09:36:24,11055.38,0,0,0,0,0,0
BS1000.BSE_IDX,01/07/2025,09:36:33,11055.06,0,0,0,0,0,0
BS1000.BSE_IDX,01/07/2025,09:36:40,11053.88,0,0,0,0,0,0
BS1000.BSE_IDX,01/07/2025,09:36:48,11055.33,0,0,0,0,0,0
BS1000.BSE_IDX,01/07/2025,09:36:56,11055.21,0,0,0,0,0,0
BS1000.BSE_IDX,01/07/2025,09:37:04,11055.85,0,0,0,0,0,0
BS1000.BSE_IDX,01/07/2025,09:37:12,11056.19,0,0,0,0,0,0
BS1000.BSE_IDX,01/07/2025,09:37:20,11055.97,0,0,0,0,0,0
BS1000.BSE_IDX,01/07/2025,09:37:28,11056.47,0,0,0,0,0,0
BS1000.BSE_IDX,01/07/2025,09:37:36,11056.21,0,0,0,0,0,0
BS1000.BSE_IDX,01/07/2025,09:37:44,11056.51,0,0,0,0,0,0
BS1000.BSE_IDX,01/07/2025,09:37:52,11056.36,0,0,0,0,0,0
BS1000.BSE_IDX,01/07/2025,09:38:00,11056.71,0,0,0,0,0,0
BS1000.BSE_IDX,01/07/2025,09:38:08,11055.95,0,0,0,0,0,0
BS1000.BSE_IDX,01/07/2025,09:38:16,11055.12,0,0,0,0,0,0
BS1000.BSE_IDX,01/07/2025,09:38:24,11055.27,0,0,0,0,0,0
BS1000.BSE_IDX,01/07/2025,09:38:32,11054.37,0,0,0,0,0,0
BS1000.BSE_IDX,01/07/2025,09:38:40,11053.16,0,0,0,0,0,0
BS1000.BSE_IDX,01/07/2025,09:38:48,11053.37,0,0,0,0,0,0
BS1000.BSE_IDX,01/07/2025,09:38:56,11053.04,0,0,0,0,0,0
BS1000.BSE_IDX,01/07/2025,09:39:04,11051.69,0,0,0,0,0,0
BS1000.BSE_IDX,01/07/2025,09:39:12,11052.71,0,0,0,0,0,0
BS1000.BSE_IDX,01/07/2025,09:39:20,11053.25,0,0,0,0,0,0
BS1000.BSE_IDX,01/07/2025,09:39:28,11053.18,0,0,0,0,0,0
BS1000.BSE_IDX,01/07/2025,09:39:36,11053.61,0,0,0,0,0,0
BS1000.BSE_IDX,01/07/2025,09:39:44,11054.19,0,0,0,0,0,0
BS1000.BSE_IDX,01/07/2025,09:39:52,11054.53,0,0,0,0,0,0
BS1000.BSE_IDX,01/07/2025,09:40:00,11054.79,0,0,0,0,0,0
BS1000.BSE_IDX,01/07/2025,09:40:08,11055.36,0,0,0,0,0,0
BS1000.BSE_IDX,01/07/2025,09:40:16,11055.61,0,0,0,0,0,0
BS1000.BSE_IDX,01/07/2025,09:40:24,11055.94,0,0,0,0,0,0
BS1000.BSE_IDX,01/07/2025,09:40:32,11054.41,0,0,0,0,0,0
BS1000.BSE_IDX,01/07/2025,09:40:40,11054.22,0,0,0,0,0,0
BS1000.BSE_IDX,01/07/2025,09:40:48,11054.16,0,0,0,0,0,0
BS1000.BSE_IDX,01/07/2025,09:40:56,11053.9,0,0,0,0,0,0
BS1000.BSE_IDX,01/07/2025,09:41:04,11052.99,0,0,0,0,0,0
BS1000.BSE_IDX,01/07/2025,09:41:12,11053.38,0,0,0,0,0,0
BS1000.BSE_IDX,01/07/2025,09:41:20,11053.97,0,0,0,0,0,0
BS1000.BSE_IDX,01/07/2025,09:41:28,11054.38,0,0,0,0,0,0
BS1000.BSE_IDX,01/07/2025,09:41:36,11054.77,0,0,0,0,0,0
BS1000.BSE_IDX,01/07/2025,09:41:44,11053.95,0,0,0,0,0,0
BS1000.BSE_IDX,01/07/2025,09:41:52,11053.96,0,0,0,0,0,0
BS1000.BSE_IDX,01/07/2025,09:42:00,11054.56,0,0,0,0,0,0
BS1000.BSE_IDX,01/07/2025,09:42:08,11055.15,0,0,0,0,0,0
BS1000.BSE_IDX,01/07/2025,09:42:16,11054.88,0,0,0,0,0,0
BS1000.BSE_IDX,01/07/2025,09:42:24,11054.15,0,0,0,0,0,0
BS1000.BSE_IDX,01/07/2025,09:42:32,11054.1,0,0,0,0,0,0
BS1000.BSE_IDX,01/07/2025,09:42:40,11053.98,0,0,0,0,0,0
BS1000.BSE_IDX,01/07/2025,09:42:48,11054.7,0,0,0,0,0,0
BS1000.BSE_IDX,01/07/2025,09:42:56,11055.88,0,0,0,0,0,0
BS1000.BSE_IDX,01/07/2025,09:43:04,11055.23,0,0,0,0,0,0
BS1000.BSE_IDX,01/07/2025,09:43:12,11054.7,0,0,0,0,0,0
BS1000.BSE_IDX,01/07/2025,09:43:20,11054.38,0,0,0,0,0,0
BS1000.BSE_IDX,01/07/2025,09:43:28,11054.79,0,0,0,0,0,0
BS1000.BSE_IDX,01/07/2025,09:43:36,11054.58,0,0,0,0,0,0
BS1000.BSE_IDX,01/07/2025,09:43:44,11054.34,0,0,0,0,0,0
BS1000.BSE_IDX,01/07/2025,09:43:53,11054.05,0,0,0,0,0,0
BS1000.BSE_IDX,01/07/2025,09:44:00,11054.03,0,0,0,0,0,0
BS1000.BSE_IDX,01/07/2025,09:44:08,11053.95,0,0,0,0,0,0
BS1000.BSE_IDX,01/07/2025,09:44:16,11053.66,0,0,0,0,0,0
BS1000.BSE_IDX,01/07/2025,09:44:24,11054.27,0,0,0,0,0,0
BS1000.BSE_IDX,01/07/2025,09:44:32,11054.35,0,0,0,0,0,0
BS1000.BSE_IDX,01/07/2025,09:44:40,11054.02,0,0,0,0,0,0
BS1000.BSE_IDX,01/07/2025,09:44:48,11053.54,0,0,0,0,0,0
BS1000.BSE_IDX,01/07/2025,09:44:56,11052.83,0,0,0,0,0,0
BS1000.BSE_IDX,01/07/2025,09:45:05,11051.84,0,0,0,0,0,0
BS1000.BSE_IDX,01/07/2025,09:45:12,11050.53,0,0,0,0,0,0
BS1000.BSE_IDX,01/07/2025,09:45:20,11049.83,0,0,0,0,0,0
BS1000.BSE_IDX,01/07/2025,09:45:28,11050.46,0,0,0,0,0,0
BS1000.BSE_IDX,01/07/2025,09:45:36,11049.44,0,0,0,0,0,0
BS1000.BSE_IDX,01/07/2025,09:45:44,11048.14,0,0,0,0,0,0
BS1000.BSE_IDX,01/07/2025,09:45:52,11048.42,0,0,0,0,0,0
BS1000.BSE_IDX,01/07/2025,09:46:01,11048.15,0,0,0,0,0,0
BS1000.BSE_IDX,01/07/2025,09:46:08,11046.74,0,0,0,0,0,0
BS1000.BSE_IDX,01/07/2025,09:46:16,11047.01,0,0,0,0,0,0
BS1000.BSE_IDX,01/07/2025,09:46:24,11047.36,0,0,0,0,0,0
BS1000.BSE_IDX,01/07/2025,09:46:32,11047.64,0,0,0,0,0,0
BS1000.BSE_IDX,01/07/2025,09:46:40,11047.97,0,0,0,0,0,0
BS1000.BSE_IDX,01/07/2025,09:46:48,11047.74,0,0,0,0,0,0
BS1000.BSE_IDX,01/07/2025,09:46:56,11047.97,0,0,0,0,0,0
BS1000.BSE_IDX,01/07/2025,09:47:04,11047.68,0,0,0,0,0,0
BS1000.BSE_IDX,01/07/2025,09:47:12,11048.12,0,0,0,0,0,0
BS1000.BSE_IDX,01/07/2025,09:47:20,11047.66,0,0,0,0,0,0
BS1000.BSE_IDX,01/07/2025,09:47:28,11047.43,0,0,0,0,0,0
BS1000.BSE_IDX,01/07/2025,09:47:36,11046.99,0,0,0,0,0,0
BS1000.BSE_IDX,01/07/2025,09:47:44,11047.11,0,0,0,0,0,0
BS1000.BSE_IDX,01/07/2025,09:47:52,11048.69,0,0,0,0,0,0
BS1000.BSE_IDX,01/07/2025,09:48:00,11049.55,0,0,0,0,0,0
BS1000.BSE_IDX,01/07/2025,09:48:08,11049.81,0,0,0,0,0,0
BS1000.BSE_IDX,01/07/2025,09:48:16,11051.07,0,0,0,0,0,0
BS1000.BSE_IDX,01/07/2025,09:48:24,11052.43,0,0,0,0,0,0
BS1000.BSE_IDX,01/07/2025,09:48:32,11053.32,0,0,0,0,0,0
BS1000.BSE_IDX,01/07/2025,09:48:40,11052.6,0,0,0,0,0,0
BS1000.BSE_IDX,01/07/2025,09:48:48,11052.38,0,0,0,0,0,0
BS1000.BSE_IDX,01/07/2025,09:48:56,11052.63,0,0,0,0,0,0
BS1000.BSE_IDX,01/07/2025,09:49:04,11053.39,0,0,0,0,0,0
BS1000.BSE_IDX,01/07/2025,09:49:12,11053.59,0,0,0,0,0,0
BS1000.BSE_IDX,01/07/2025,09:49:20,11053.51,0,0,0,0,0,0
BS1000.BSE_IDX,01/07/2025,09:49:28,11054.01,0,0,0,0,0,0
BS1000.BSE_IDX,01/07/2025,09:49:36,11054.22,0,0,0,0,0,0
BS1000.BSE_IDX,01/07/2025,09:49:44,11054.76,0,0,0,0,0,0
BS1000.BSE_IDX,01/07/2025,09:49:52,11055.18,0,0,0,0,0,0
BS1000.BSE_IDX,01/07/2025,09:50:00,11055.04,0,0,0,0,0,0
BS1000.BSE_IDX,01/07/2025,09:50:08,11055.4,0,0,0,0,0,0
BS1000.BSE_IDX,01/07/2025,09:50:16,11055.57,0,0,0,0,0,0
BS1000.BSE_IDX,01/07/2025,09:50:24,11055.86,0,0,0,0,0,0
BS1000.BSE_IDX,01/07/2025,09:50:32,11054.73,0,0,0,0,0,0
BS1000.BSE_IDX,01/07/2025,09:50:40,11053.33,0,0,0,0,0,0
BS1000.BSE_IDX,01/07/2025,09:50:48,11053.57,0,0,0,0,0,0
BS1000.BSE_IDX,01/07/2025,09:50:57,11053.11,0,0,0,0,0,0
BS1000.BSE_IDX,01/07/2025,09:51:04,11052.9,0,0,0,0,0,0
BS1000.BSE_IDX,01/07/2025,09:51:12,11053.79,0,0,0,0,0,0
BS1000.BSE_IDX,01/07/2025,09:51:20,11053.46,0,0,0,0,0,0
BS1000.BSE_IDX,01/07/2025,09:51:28,11052.36,0,0,0,0,0,0
BS1000.BSE_IDX,01/07/2025,09:51:37,11051.02,0,0,0,0,0,0
BS1000.BSE_IDX,01/07/2025,09:51:44,11051.8,0,0,0,0,0,0
BS1000.BSE_IDX,01/07/2025,09:51:52,11050.85,0,0,0,0,0,0
BS1000.BSE_IDX,01/07/2025,09:52:01,11050.04,0,0,0,0,0,0
BS1000.BSE_IDX,01/07/2025,09:52:08,11048.74,0,0,0,0,0,0
BS1000.BSE_IDX,01/07/2025,09:52:17,11046.96,0,0,0,0,0,0
BS1000.BSE_IDX,01/07/2025,09:52:24,11046.3,0,0,0,0,0,0
BS1000.BSE_IDX,01/07/2025,09:52:32,11047.24,0,0,0,0,0,0
BS1000.BSE_IDX,01/07/2025,09:52:40,11047.06,0,0,0,0,0,0
BS1000.BSE_IDX,01/07/2025,09:52:48,11047.55,0,0,0,0,0,0
BS1000.BSE_IDX,01/07/2025,09:52:57,11047.41,0,0,0,0,0,0
BS1000.BSE_IDX,01/07/2025,09:53:04,11047.37,0,0,0,0,0,0
BS1000.BSE_IDX,01/07/2025,09:53:13,11047.72,0,0,0,0,0,0
BS1000.BSE_IDX,01/07/2025,09:53:20,11048.25,0,0,0,0,0,0
BS1000.BSE_IDX,01/07/2025,09:53:28,11048.48,0,0,0,0,0,0
BS1000.BSE_IDX,01/07/2025,09:53:36,11048.47,0,0,0,0,0,0
BS1000.BSE_IDX,01/07/2025,09:53:44,11047.83,0,0,0,0,0,0
BS1000.BSE_IDX,01/07/2025,09:53:52,11047.67,0,0,0,0,0,0
BS1000.BSE_IDX,01/07/2025,09:54:00,11046.12,0,0,0,0,0,0
BS1000.BSE_IDX,01/07/2025,09:54:08,11044.75,0,0,0,0,0,0
BS1000.BSE_IDX,01/07/2025,09:54:16,11044.6,0,0,0,0,0,0
BS1000.BSE_IDX,01/07/2025,09:54:24,11043.55,0,0,0,0,0,0
BS1000.BSE_IDX,01/07/2025,09:54:32,11043.16,0,0,0,0,0,0
BS1000.BSE_IDX,01/07/2025,09:54:40,11042.76,0,0,0,0,0,0
BS1000.BSE_IDX,01/07/2025,09:54:48,11042.89,0,0,0,0,0,0
BS1000.BSE_IDX,01/07/2025,09:54:56,11042.74,0,0,0,0,0,0
BS1000.BSE_IDX,01/07/2025,09:55:04,11041.91,0,0,0,0,0,0
BS1000.BSE_IDX,01/07/2025,09:55:12,11042.05,0,0,0,0,0,0
BS1000.BSE_IDX,01/07/2025,09:55:20,11041.6,0,0,0,0,0,0
BS1000.BSE_IDX,01/07/2025,09:55:28,11041.59,0,0,0,0,0,0
BS1000.BSE_IDX,01/07/2025,09:55:36,11041.62,0,0,0,0,0,0
BS1000.BSE_IDX,01/07/2025,09:55:44,11040.78,0,0,0,0,0,0
BS1000.BSE_IDX,01/07/2025,09:55:52,11040.16,0,0,0,0,0,0
BS1000.BSE_IDX,01/07/2025,09:56:00,11040.1,0,0,0,0,0,0
BS1000.BSE_IDX,01/07/2025,09:56:08,11039.98,0,0,0,0,0,0
BS1000.BSE_IDX,01/07/2025,09:56:16,11040,0,0,0,0,0,0
BS1000.BSE_IDX,01/07/2025,09:56:25,11040.18,0,0,0,0,0,0
BS1000.BSE_IDX,01/07/2025,09:56:33,11039.67,0,0,0,0,0,0
BS1000.BSE_IDX,01/07/2025,09:56:41,11039.56,0,0,0,0,0,0
BS1000.BSE_IDX,01/07/2025,09:56:48,11040.1,0,0,0,0,0,0
BS1000.BSE_IDX,01/07/2025,09:56:57,11039.7,0,0,0,0,0,0
BS1000.BSE_IDX,01/07/2025,09:57:04,11039.74,0,0,0,0,0,0
BS1000.BSE_IDX,01/07/2025,09:57:12,11040.33,0,0,0,0,0,0
BS1000.BSE_IDX,01/07/2025,09:57:20,11041.12,0,0,0,0,0,0
BS1000.BSE_IDX,01/07/2025,09:57:28,11041.46,0,0,0,0,0,0
BS1000.BSE_IDX,01/07/2025,09:57:36,11041.01,0,0,0,0,0,0
BS1000.BSE_IDX,01/07/2025,09:57:44,11041.89,0,0,0,0,0,0
BS1000.BSE_IDX,01/07/2025,09:57:52,11041.78,0,0,0,0,0,0
BS1000.BSE_IDX,01/07/2025,09:58:00,11041.58,0,0,0,0,0,0
BS1000.BSE_IDX,01/07/2025,09:58:08,11041.89,0,0,0,0,0,0
BS1000.BSE_IDX,01/07/2025,09:58:16,11042.46,0,0,0,0,0,0
BS1000.BSE_IDX,01/07/2025,09:58:24,11041.7,0,0,0,0,0,0
BS1000.BSE_IDX,01/07/2025,09:58:32,11042.49,0,0,0,0,0,0
BS1000.BSE_IDX,01/07/2025,09:58:40,11043.41,0,0,0,0,0,0
BS1000.BSE_IDX,01/07/2025,09:58:48,11043.87,0,0,0,0,0,0
BS1000.BSE_IDX,01/07/2025,09:58:56,11044.61,0,0,0,0,0,0
BS1000.BSE_IDX,01/07/2025,09:59:05,11045.49,0,0,0,0,0,0
BS1000.BSE_IDX,01/07/2025,09:59:12,11045.22,0,0,0,0,0,0
BS1000.BSE_IDX,01/07/2025,09:59:20,11045.7,0,0,0,0,0,0
BS1000.BSE_IDX,01/07/2025,09:59:28,11046.08,0,0,0,0,0,0
BS1000.BSE_IDX,01/07/2025,09:59:36,11046.15,0,0,0,0,0,0
BS1000.BSE_IDX,01/07/2025,09:59:45,11046.29,0,0,0,0,0,0
BS1000.BSE_IDX,01/07/2025,09:59:52,11046.31,0,0,0,0,0,0
BS1000.BSE_IDX,01/07/2025,10:00:01,11046.23,0,0,0,0,0,0
BS1000.BSE_IDX,01/07/2025,10:00:08,11047.8,0,0,0,0,0,0
BS1000.BSE_IDX,01/07/2025,10:00:16,11048.18,0,0,0,0,0,0
BS1000.BSE_IDX,01/07/2025,10:00:25,11047.56,0,0,0,0,0,0
BS1000.BSE_IDX,01/07/2025,10:00:32,11047.23,0,0,0,0,0,0
BS1000.BSE_IDX,01/07/2025,10:00:40,11047.17,0,0,0,0,0,0
BS1000.BSE_IDX,01/07/2025,10:00:49,11046.98,0,0,0,0,0,0
BS1000.BSE_IDX,01/07/2025,10:00:57,11046.95,0,0,0,0,0,0
BS1000.BSE_IDX,01/07/2025,10:01:04,11045.65,0,0,0,0,0,0
BS1000.BSE_IDX,01/07/2025,10:01:12,11044.16,0,0,0,0,0,0
BS1000.BSE_IDX,01/07/2025,10:01:21,11044.16,0,0,0,0,0,0
BS1000.BSE_IDX,01/07/2025,10:01:29,11043.67,0,0,0,0,0,0
BS1000.BSE_IDX,01/07/2025,10:01:37,11043.37,0,0,0,0,0,0
BS1000.BSE_IDX,01/07/2025,10:01:44,11043.36,0,0,0,0,0,0
BS1000.BSE_IDX,01/07/2025,10:01:52,11042.5,0,0,0,0,0,0
BS1000.BSE_IDX,01/07/2025,10:02:00,11042.13,0,0,0,0,0,0
BS1000.BSE_IDX,01/07/2025,10:02:09,11042.11,0,0,0,0,0,0
BS1000.BSE_IDX,01/07/2025,10:02:17,11041.79,0,0,0,0,0,0
BS1000.BSE_IDX,01/07/2025,10:02:24,11041.87,0,0,0,0,0,0
BS1000.BSE_IDX,01/07/2025,10:02:32,11040.67,0,0,0,0,0,0
BS1000.BSE_IDX,01/07/2025,10:02:41,11040.7,0,0,0,0,0,0
BS1000.BSE_IDX,01/07/2025,10:02:49,11040.8,0,0,0,0,0,0
BS1000.BSE_IDX,01/07/2025,10:02:57,11040.06,0,0,0,0,0,0
BS1000.BSE_IDX,01/07/2025,10:03:04,11039.23,0,0,0,0,0,0
BS1000.BSE_IDX,01/07/2025,10:03:13,11038.03,0,0,0,0,0,0
BS1000.BSE_IDX,01/07/2025,10:03:20,11036.36,0,0,0,0,0,0
BS1000.BSE_IDX,01/07/2025,10:03:29,11035.84,0,0,0,0,0,0
BS1000.BSE_IDX,01/07/2025,10:03:37,11036.33,0,0,0,0,0,0
BS1000.BSE_IDX,01/07/2025,10:03:45,11036.35,0,0,0,0,0,0
BS1000.BSE_IDX,01/07/2025,10:03:53,11036.56,0,0,0,0,0,0
BS1000.BSE_IDX,01/07/2025,10:04:01,11036.92,0,0,0,0,0,0
BS1000.BSE_IDX,01/07/2025,10:04:09,11036.82,0,0,0,0,0,0
BS1000.BSE_IDX,01/07/2025,10:04:17,11036.45,0,0,0,0,0,0
BS1000.BSE_IDX,01/07/2025,10:04:25,11036.23,0,0,0,0,0,0
BS1000.BSE_IDX,01/07/2025,10:04:33,11038.11,0,0,0,0,0,0
BS1000.BSE_IDX,01/07/2025,10:04:41,11038.95,0,0,0,0,0,0
BS1000.BSE_IDX,01/07/2025,10:04:50,11039.22,0,0,0,0,0,0
BS1000.BSE_IDX,01/07/2025,10:04:57,11039.27,0,0,0,0,0,0
BS1000.BSE_IDX,01/07/2025,10:05:05,11037.37,0,0,0,0,0,0
BS1000.BSE_IDX,01/07/2025,10:05:14,11036.82,0,0,0,0,0,0
BS1000.BSE_IDX,01/07/2025,10:05:21,11035.96,0,0,0,0,0,0
BS1000.BSE_IDX,01/07/2025,10:05:29,11033.89,0,0,0,0,0,0
BS1000.BSE_IDX,01/07/2025,10:05:37,11033.44,0,0,0,0,0,0
BS1000.BSE_IDX,01/07/2025,10:05:45,11035.34,0,0,0,0,0,0
BS1000.BSE_IDX,01/07/2025,10:05:53,11036.23,0,0,0,0,0,0
BS1000.BSE_IDX,01/07/2025,10:06:01,11036.32,0,0,0,0,0,0
BS1000.BSE_IDX,01/07/2025,10:06:09,11036.82,0,0,0,0,0,0
BS1000.BSE_IDX,01/07/2025,10:06:17,11037.44,0,0,0,0,0,0
BS1000.BSE_IDX,01/07/2025,10:06:25,11037.93,0,0,0,0,0,0
BS1000.BSE_IDX,01/07/2025,10:06:33,11038.34,0,0,0,0,0,0
BS1000.BSE_IDX,01/07/2025,10:06:41,11038.52,0,0,0,0,0,0
BS1000.BSE_IDX,01/07/2025,10:06:49,11038.43,0,0,0,0,0,0
BS1000.BSE_IDX,01/07/2025,10:06:57,11038.57,0,0,0,0,0,0
BS1000.BSE_IDX,01/07/2025,10:07:05,11039.4,0,0,0,0,0,0
BS1000.BSE_IDX,01/07/2025,10:07:13,11039.65,0,0,0,0,0,0
BS1000.BSE_IDX,01/07/2025,10:07:21,11039.78,0,0,0,0,0,0
BS1000.BSE_IDX,01/07/2025,10:07:29,11040.35,0,0,0,0,0,0
BS1000.BSE_IDX,01/07/2025,10:07:37,11040.98,0,0,0,0,0,0
BS1000.BSE_IDX,01/07/2025,10:07:45,11041.39,0,0,0,0,0,0
BS1000.BSE_IDX,01/07/2025,10:07:53,11041.39,0,0,0,0,0,0
BS1000.BSE_IDX,01/07/2025,10:08:01,11041.54,0,0,0,0,0,0
BS1000.BSE_IDX,01/07/2025,10:08:09,11041.67,0,0,0,0,0,0
BS1000.BSE_IDX,01/07/2025,10:08:17,11042.44,0,0,0,0,0,0
BS1000.BSE_IDX,01/07/2025,10:08:25,11042.59,0,0,0,0,0,0
BS1000.BSE_IDX,01/07/2025,10:08:33,11042.33,0,0,0,0,0,0
BS1000.BSE_IDX,01/07/2025,10:08:41,11041.71,0,0,0,0,0,0
BS1000.BSE_IDX,01/07/2025,10:08:49,11041.57,0,0,0,0,0,0
BS1000.BSE_IDX,01/07/2025,10:08:57,11040.75,0,0,0,0,0,0
BS1000.BSE_IDX,01/07/2025,10:09:05,11038.72,0,0,0,0,0,0
BS1000.BSE_IDX,01/07/2025,10:09:13,11038.3,0,0,0,0,0,0
BS1000.BSE_IDX,01/07/2025,10:09:21,11037.55,0,0,0,0,0,0
BS1000.BSE_IDX,01/07/2025,10:09:29,11037.23,0,0,0,0,0,0
BS1000.BSE_IDX,01/07/2025,10:09:37,11038.11,0,0,0,0,0,0
BS1000.BSE_IDX,01/07/2025,10:09:45,11038.15,0,0,0,0,0,0
BS1000.BSE_IDX,01/07/2025,10:09:53,11038.32,0,0,0,0,0,0
BS1000.BSE_IDX,01/07/2025,10:10:01,11039.13,0,0,0,0,0,0
BS1000.BSE_IDX,01/07/2025,10:10:09,11038.75,0,0,0,0,0,0
BS1000.BSE_IDX,01/07/2025,10:10:17,11038.73,0,0,0,0,0,0
BS1000.BSE_IDX,01/07/2025,10:10:25,11038.74,0,0,0,0,0,0
BS1000.BSE_IDX,01/07/2025,10:10:33,11038.99,0,0,0,0,0,0
BS1000.BSE_IDX,01/07/2025,10:10:41,11038.67,0,0,0,0,0,0
BS1000.BSE_IDX,01/07/2025,10:10:49,11038.7,0,0,0,0,0,0
BS1000.BSE_IDX,01/07/2025,10:10:57,11038.37,0,0,0,0,0,0
BS1000.BSE_IDX,01/07/2025,10:11:05,11038.12,0,0,0,0,0,0
BS1000.BSE_IDX,01/07/2025,10:11:13,11037.5,0,0,0,0,0,0
BS1000.BSE_IDX,01/07/2025,10:11:22,11037.27,0,0,0,0,0,0
BS1000.BSE_IDX,01/07/2025,10:11:29,11036.24,0,0,0,0,0,0
BS1000.BSE_IDX,01/07/2025,10:11:37,11036.13,0,0,0,0,0,0
BS1000.BSE_IDX,01/07/2025,10:11:45,11035.83,0,0,0,0,0,0
BS1000.BSE_IDX,01/07/2025,10:11:53,11036.22,0,0,0,0,0,0
BS1000.BSE_IDX,01/07/2025,10:12:01,11037.24,0,0,0,0,0,0
BS1000.BSE_IDX,01/07/2025,10:12:09,11037.26,0,0,0,0,0,0
BS1000.BSE_IDX,01/07/2025,10:12:17,11035.79,0,0,0,0,0,0
BS1000.BSE_IDX,01/07/2025,10:12:25,11034.98,0,0,0,0,0,0
BS1000.BSE_IDX,01/07/2025,10:12:33,11034.44,0,0,0,0,0,0
BS1000.BSE_IDX,01/07/2025,10:12:41,11033.87,0,0,0,0,0,0
BS1000.BSE_IDX,01/07/2025,10:12:49,11032.78,0,0,0,0,0,0
BS1000.BSE_IDX,01/07/2025,10:12:57,11030.5,0,0,0,0,0,0
BS1000.BSE_IDX,01/07/2025,10:13:05,11030.02,0,0,0,0,0,0
BS1000.BSE_IDX,01/07/2025,10:13:13,11030.32,0,0,0,0,0,0
BS1000.BSE_IDX,01/07/2025,10:13:21,11031.81,0,0,0,0,0,0
BS1000.BSE_IDX,01/07/2025,10:13:29,11031.72,0,0,0,0,0,0
BS1000.BSE_IDX,01/07/2025,10:13:37,11031.44,0,0,0,0,0,0
BS1000.BSE_IDX,01/07/2025,10:13:45,11031.13,0,0,0,0,0,0
BS1000.BSE_IDX,01/07/2025,10:13:53,11030.7,0,0,0,0,0,0
BS1000.BSE_IDX,01/07/2025,10:14:01,11029.01,0,0,0,0,0,0
BS1000.BSE_IDX,01/07/2025,10:14:09,11028.72,0,0,0,0,0,0
BS1000.BSE_IDX,01/07/2025,10:14:17,11028.9,0,0,0,0,0,0
BS1000.BSE_IDX,01/07/2025,10:14:25,11028.41,0,0,0,0,0,0
BS1000.BSE_IDX,01/07/2025,10:14:33,11028.56,0,0,0,0,0,0
BS1000.BSE_IDX,01/07/2025,10:14:41,11027.41,0,0,0,0,0,0
BS1000.BSE_IDX,01/07/2025,10:14:49,11027.26,0,0,0,0,0,0
BS1000.BSE_IDX,01/07/2025,10:14:57,11027.41,0,0,0,0,0,0
BS1000.BSE_IDX,01/07/2025,10:15:05,11026.45,0,0,0,0,0,0
BS1000.BSE_IDX,01/07/2025,10:15:13,11025.6,0,0,0,0,0,0
BS1000.BSE_IDX,01/07/2025,10:15:21,11025.57,0,0,0,0,0,0
BS1000.BSE_IDX,01/07/2025,10:15:29,11024.57,0,0,0,0,0,0
BS1000.BSE_IDX,01/07/2025,10:15:37,11025.49,0,0,0,0,0,0
BS1000.BSE_IDX,01/07/2025,10:15:45,11026.17,0,0,0,0,0,0
BS1000.BSE_IDX,01/07/2025,10:15:53,11026.29,0,0,0,0,0,0
BS1000.BSE_IDX,01/07/2025,10:16:01,11026,0,0,0,0,0,0
BS1000.BSE_IDX,01/07/2025,10:16:09,11026.87,0,0,0,0,0,0
BS1000.BSE_IDX,01/07/2025,10:16:17,11026.73,0,0,0,0,0,0
BS1000.BSE_IDX,01/07/2025,10:16:25,11027.27,0,0,0,0,0,0
BS1000.BSE_IDX,01/07/2025,10:16:33,11027.02,0,0,0,0,0,0
BS1000.BSE_IDX,01/07/2025,10:16:41,11026.92,0,0,0,0,0,0
BS1000.BSE_IDX,01/07/2025,10:16:49,11026.85,0,0,0,0,0,0
BS1000.BSE_IDX,01/07/2025,10:16:57,11026.84,0,0,0,0,0,0
BS1000.BSE_IDX,01/07/2025,10:17:05,11027.09,0,0,0,0,0,0
BS1000.BSE_IDX,01/07/2025,10:17:13,11026.83,0,0,0,0,0,0
BS1000.BSE_IDX,01/07/2025,10:17:21,11027.99,0,0,0,0,0,0
BS1000.BSE_IDX,01/07/2025,10:17:29,11027.89,0,0,0,0,0,0
BS1000.BSE_IDX,01/07/2025,10:17:37,11028.91,0,0,0,0,0,0
BS1000.BSE_IDX,01/07/2025,10:17:45,11029.69,0,0,0,0,0,0
BS1000.BSE_IDX,01/07/2025,10:17:53,11030.58,0,0,0,0,0,0
BS1000.BSE_IDX,01/07/2025,10:18:01,11030.86,0,0,0,0,0,0
BS1000.BSE_IDX,01/07/2025,10:18:09,11031.39,0,0,0,0,0,0
BS1000.BSE_IDX,01/07/2025,10:18:17,11032.15,0,0,0,0,0,0
BS1000.BSE_IDX,01/07/2025,10:18:25,11032.34,0,0,0,0,0,0
BS1000.BSE_IDX,01/07/2025,10:18:33,11032.05,0,0,0,0,0,0
BS1000.BSE_IDX,01/07/2025,10:18:41,11031.65,0,0,0,0,0,0
BS1000.BSE_IDX,01/07/2025,10:18:49,11031.14,0,0,0,0,0,0
BS1000.BSE_IDX,01/07/2025,10:18:57,11030.68,0,0,0,0,0,0
BS1000.BSE_IDX,01/07/2025,10:19:05,11029.6,0,0,0,0,0,0
BS1000.BSE_IDX,01/07/2025,10:19:13,11029.82,0,0,0,0,0,0
BS1000.BSE_IDX,01/07/2025,10:19:21,11030.35,0,0,0,0,0,0
BS1000.BSE_IDX,01/07/2025,10:19:29,11030.71,0,0,0,0,0,0
BS1000.BSE_IDX,01/07/2025,10:19:37,11029.75,0,0,0,0,0,0
BS1000.BSE_IDX,01/07/2025,10:19:45,11030.14,0,0,0,0,0,0
BS1000.BSE_IDX,01/07/2025,10:19:53,11029.04,0,0,0,0,0,0
BS1000.BSE_IDX,01/07/2025,10:20:01,11029.08,0,0,0,0,0,0
BS1000.BSE_IDX,01/07/2025,10:20:09,11029.53,0,0,0,0,0,0
BS1000.BSE_IDX,01/07/2025,10:20:17,11029.74,0,0,0,0,0,0
BS1000.BSE_IDX,01/07/2025,10:20:25,11029.43,0,0,0,0,0,0
BS1000.BSE_IDX,01/07/2025,10:20:33,11029.26,0,0,0,0,0,0
BS1000.BSE_IDX,01/07/2025,10:20:41,11029.62,0,0,0,0,0,0
BS1000.BSE_IDX,01/07/2025,10:20:49,11028.64,0,0,0,0,0,0
BS1000.BSE_IDX,01/07/2025,10:20:57,11028.17,0,0,0,0,0,0
BS1000.BSE_IDX,01/07/2025,10:21:05,11027.71,0,0,0,0,0,0
BS1000.BSE_IDX,01/07/2025,10:21:13,11027.09,0,0,0,0,0,0
BS1000.BSE_IDX,01/07/2025,10:21:21,11027.08,0,0,0,0,0,0
BS1000.BSE_IDX,01/07/2025,10:21:29,11026.74,0,0,0,0,0,0
BS1000.BSE_IDX,01/07/2025,10:21:37,11026.63,0,0,0,0,0,0
BS1000.BSE_IDX,01/07/2025,10:21:45,11025.64,0,0,0,0,0,0
BS1000.BSE_IDX,01/07/2025,10:21:53,11026.29,0,0,0,0,0,0
BS1000.BSE_IDX,01/07/2025,10:22:01,11026.43,0,0,0,0,0,0
BS1000.BSE_IDX,01/07/2025,10:22:09,11026.28,0,0,0,0,0,0
BS1000.BSE_IDX,01/07/2025,10:22:17,11025.53,0,0,0,0,0,0
BS1000.BSE_IDX,01/07/2025,10:22:25,11025.59,0,0,0,0,0,0
BS1000.BSE_IDX,01/07/2025,10:22:33,11025.12,0,0,0,0,0,0
BS1000.BSE_IDX,01/07/2025,10:22:41,11025.41,0,0,0,0,0,0
BS1000.BSE_IDX,01/07/2025,10:22:49,11025.21,0,0,0,0,0,0
BS1000.BSE_IDX,01/07/2025,10:22:57,11025.8,0,0,0,0,0,0
BS1000.BSE_IDX,01/07/2025,10:23:05,11025.4,0,0,0,0,0,0
BS1000.BSE_IDX,01/07/2025,10:23:13,11025.68,0,0,0,0,0,0
BS1000.BSE_IDX,01/07/2025,10:23:21,11025.4,0,0,0,0,0,0
BS1000.BSE_IDX,01/07/2025,10:23:29,11026.03,0,0,0,0,0,0
BS1000.BSE_IDX,01/07/2025,10:23:37,11026.3,0,0,0,0,0,0
BS1000.BSE_IDX,01/07/2025,10:23:45,11026.55,0,0,0,0,0,0
BS1000.BSE_IDX,01/07/2025,10:23:53,11026.26,0,0,0,0,0,0
BS1000.BSE_IDX,01/07/2025,10:24:01,11026.51,0,0,0,0,0,0
BS1000.BSE_IDX,01/07/2025,10:24:09,11026.2,0,0,0,0,0,0
BS1000.BSE_IDX,01/07/2025,10:24:17,11025.47,0,0,0,0,0,0
BS1000.BSE_IDX,01/07/2025,10:24:25,11025.43,0,0,0,0,0,0
BS1000.BSE_IDX,01/07/2025,10:24:33,11024.55,0,0,0,0,0,0
BS1000.BSE_IDX,01/07/2025,10:24:41,11024.41,0,0,0,0,0,0
BS1000.BSE_IDX,01/07/2025,10:24:49,11024.59,0,0,0,0,0,0
BS1000.BSE_IDX,01/07/2025,10:24:57,11024.68,0,0,0,0,0,0
BS1000.BSE_IDX,01/07/2025,10:25:05,11024.4,0,0,0,0,0,0
BS1000.BSE_IDX,01/07/2025,10:25:13,11024.65,0,0,0,0,0,0
BS1000.BSE_IDX,01/07/2025,10:25:21,11024.44,0,0,0,0,0,0
BS1000.BSE_IDX,01/07/2025,10:25:29,11024.04,0,0,0,0,0,0
BS1000.BSE_IDX,01/07/2025,10:25:37,11024.29,0,0,0,0,0,0
BS1000.BSE_IDX,01/07/2025,10:25:45,11024.2,0,0,0,0,0,0
BS1000.BSE_IDX,01/07/2025,10:25:53,11024.64,0,0,0,0,0,0
BS1000.BSE_IDX,01/07/2025,10:26:01,11025.11,0,0,0,0,0,0
BS1000.BSE_IDX,01/07/2025,10:26:09,11025.23,0,0,0,0,0,0
BS1000.BSE_IDX,01/07/2025,10:26:17,11025.24,0,0,0,0,0,0
BS1000.BSE_IDX,01/07/2025,10:26:25,11025.4,0,0,0,0,0,0
BS1000.BSE_IDX,01/07/2025,10:26:33,11025.37,0,0,0,0,0,0
BS1000.BSE_IDX,01/07/2025,10:26:49,11025.33,0,0,0,0,0,0
BS1000.BSE_IDX,01/07/2025,10:26:57,11025.5,0,0,0,0,0,0
BS1000.BSE_IDX,01/07/2025,10:27:05,11026.07,0,0,0,0,0,0
BS1000.BSE_IDX,01/07/2025,10:27:13,11026.23,0,0,0,0,0,0
BS1000.BSE_IDX,01/07/2025,10:27:21,11026,0,0,0,0,0,0
BS1000.BSE_IDX,01/07/2025,10:27:29,11026.93,0,0,0,0,0,0
BS1000.BSE_IDX,01/07/2025,10:27:37,11027.06,0,0,0,0,0,0
BS1000.BSE_IDX,01/07/2025,10:27:45,11027.06,0,0,0,0,0,0
BS1000.BSE_IDX,01/07/2025,10:27:53,11027.57,0,0,0,0,0,0
BS1000.BSE_IDX,01/07/2025,10:28:01,11028.66,0,0,0,0,0,0
BS1000.BSE_IDX,01/07/2025,10:28:09,11029.26,0,0,0,0,0,0
BS1000.BSE_IDX,01/07/2025,10:28:17,11028.69,0,0,0,0,0,0
BS1000.BSE_IDX,01/07/2025,10:28:25,11028.43,0,0,0,0,0,0
BS1000.BSE_IDX,01/07/2025,10:28:33,11029.08,0,0,0,0,0,0
BS1000.BSE_IDX,01/07/2025,10:28:41,11028.99,0,0,0,0,0,0
BS1000.BSE_IDX,01/07/2025,10:28:49,11029.92,0,0,0,0,0,0
BS1000.BSE_IDX,01/07/2025,10:28:57,11029.8,0,0,0,0,0,0
BS1000.BSE_IDX,01/07/2025,10:29:05,11030.07,0,0,0,0,0,0
BS1000.BSE_IDX,01/07/2025,10:29:13,11030.28,0,0,0,0,0,0
BS1000.BSE_IDX,01/07/2025,10:29:21,11030.59,0,0,0,0,0,0
BS1000.BSE_IDX,01/07/2025,10:29:29,11030.24,0,0,0,0,0,0
BS1000.BSE_IDX,01/07/2025,10:29:37,11029.81,0,0,0,0,0,0
BS1000.BSE_IDX,01/07/2025,10:29:46,11029.75,0,0,0,0,0,0
BS1000.BSE_IDX,01/07/2025,10:29:54,11030.19,0,0,0,0,0,0
BS1000.BSE_IDX,01/07/2025,10:30:01,11030.31,0,0,0,0,0,0
BS1000.BSE_IDX,01/07/2025,10:30:09,11030.37,0,0,0,0,0,0
BS1000.BSE_IDX,01/07/2025,10:30:17,11031.26,0,0,0,0,0,0
BS1000.BSE_IDX,01/07/2025,10:30:25,11032.43,0,0,0,0,0,0
BS1000.BSE_IDX,01/07/2025,10:30:33,11032.22,0,0,0,0,0,0
BS1000.BSE_IDX,01/07/2025,10:30:41,11032.47,0,0,0,0,0,0
BS1000.BSE_IDX,01/07/2025,10:30:49,11032.14,0,0,0,0,0,0
BS1000.BSE_IDX,01/07/2025,10:30:57,11031.16,0,0,0,0,0,0
BS1000.BSE_IDX,01/07/2025,10:31:05,11031.64,0,0,0,0,0,0
BS1000.BSE_IDX,01/07/2025,10:31:13,11031.35,0,0,0,0,0,0
BS1000.BSE_IDX,01/07/2025,10:31:22,11031.17,0,0,0,0,0,0
BS1000.BSE_IDX,01/07/2025,10:31:29,11031.06,0,0,0,0,0,0
BS1000.BSE_IDX,01/07/2025,10:31:37,11030.7,0,0,0,0,0,0
BS1000.BSE_IDX,01/07/2025,10:31:46,11030.13,0,0,0,0,0,0
BS1000.BSE_IDX,01/07/2025,10:31:53,11030.68,0,0,0,0,0,0
BS1000.BSE_IDX,01/07/2025,10:32:01,11031.21,0,0,0,0,0,0
BS1000.BSE_IDX,01/07/2025,10:32:10,11030.35,0,0,0,0,0,0
BS1000.BSE_IDX,01/07/2025,10:32:17,11030.59,0,0,0,0,0,0
BS1000.BSE_IDX,01/07/2025,10:32:25,11031.11,0,0,0,0,0,0
BS1000.BSE_IDX,01/07/2025,10:32:33,11031.44,0,0,0,0,0,0
BS1000.BSE_IDX,01/07/2025,10:32:41,11031.57,0,0,0,0,0,0
BS1000.BSE_IDX,01/07/2025,10:32:49,11032.08,0,0,0,0,0,0
BS1000.BSE_IDX,01/07/2025,10:32:57,11032.77,0,0,0,0,0,0
BS1000.BSE_IDX,01/07/2025,10:33:06,11032.92,0,0,0,0,0,0
BS1000.BSE_IDX,01/07/2025,10:33:13,11033.34,0,0,0,0,0,0
BS1000.BSE_IDX,01/07/2025,10:33:22,11033.38,0,0,0,0,0,0
BS1000.BSE_IDX,01/07/2025,10:33:29,11033.38,0,0,0,0,0,0
BS1000.BSE_IDX,01/07/2025,10:33:37,11033.8,0,0,0,0,0,0
BS1000.BSE_IDX,01/07/2025,10:33:45,11034.13,0,0,0,0,0,0
BS1000.BSE_IDX,01/07/2025,10:33:53,11033.84,0,0,0,0,0,0
BS1000.BSE_IDX,01/07/2025,10:34:01,11033.35,0,0,0,0,0,0
BS1000.BSE_IDX,01/07/2025,10:34:09,11033.22,0,0,0,0,0,0
BS1000.BSE_IDX,01/07/2025,10:34:17,11032.86,0,0,0,0,0,0
BS1000.BSE_IDX,01/07/2025,10:34:25,11033.18,0,0,0,0,0,0
BS1000.BSE_IDX,01/07/2025,10:34:33,11033.55,0,0,0,0,0,0
BS1000.BSE_IDX,01/07/2025,10:34:41,11033.41,0,0,0,0,0,0
BS1000.BSE_IDX,01/07/2025,10:34:49,11033.48,0,0,0,0,0,0
BS1000.BSE_IDX,01/07/2025,10:34:58,11033.23,0,0,0,0,0,0
BS1000.BSE_IDX,01/07/2025,10:35:06,11033.42,0,0,0,0,0,0
BS1000.BSE_IDX,01/07/2025,10:35:14,11033.35,0,0,0,0,0,0
BS1000.BSE_IDX,01/07/2025,10:35:21,11033.38,0,0,0,0,0,0
BS1000.BSE_IDX,01/07/2025,10:35:29,11032.79,0,0,0,0,0,0
BS1000.BSE_IDX,01/07/2025,10:35:37,11032.37,0,0,0,0,0,0
BS1000.BSE_IDX,01/07/2025,10:35:45,11032,0,0,0,0,0,0
BS1000.BSE_IDX,01/07/2025,10:35:54,11032.26,0,0,0,0,0,0
BS1000.BSE_IDX,01/07/2025,10:36:02,11032.24,0,0,0,0,0,0
BS1000.BSE_IDX,01/07/2025,10:36:10,11031.62,0,0,0,0,0,0
BS1000.BSE_IDX,01/07/2025,10:36:18,11031.69,0,0,0,0,0,0
BS1000.BSE_IDX,01/07/2025,10:36:25,11031.36,0,0,0,0,0,0
BS1000.BSE_IDX,01/07/2025,10:36:34,11032.1,0,0,0,0,0,0
BS1000.BSE_IDX,01/07/2025,10:36:42,11032.19,0,0,0,0,0,0
BS1000.BSE_IDX,01/07/2025,10:36:49,11031.9,0,0,0,0,0,0
BS1000.BSE_IDX,01/07/2025,10:36:58,11031.31,0,0,0,0,0,0
BS1000.BSE_IDX,01/07/2025,10:37:06,11031.3,0,0,0,0,0,0
BS1000.BSE_IDX,01/07/2025,10:37:14,11030.86,0,0,0,0,0,0
BS1000.BSE_IDX,01/07/2025,10:37:22,11030.56,0,0,0,0,0,0
BS1000.BSE_IDX,01/07/2025,10:37:30,11030.4,0,0,0,0,0,0
BS1000.BSE_IDX,01/07/2025,10:37:38,11029.9,0,0,0,0,0,0
BS1000.BSE_IDX,01/07/2025,10:37:46,11029.56,0,0,0,0,0,0
BS1000.BSE_IDX,01/07/2025,10:37:54,11028.85,0,0,0,0,0,0
BS1000.BSE_IDX,01/07/2025,10:38:02,11028.75,0,0,0,0,0,0
BS1000.BSE_IDX,01/07/2025,10:38:10,11028.98,0,0,0,0,0,0
BS1000.BSE_IDX,01/07/2025,10:38:18,11029.27,0,0,0,0,0,0
BS1000.BSE_IDX,01/07/2025,10:38:26,11029.57,0,0,0,0,0,0
BS1000.BSE_IDX,01/07/2025,10:38:34,11029.1,0,0,0,0,0,0
BS1000.BSE_IDX,01/07/2025,10:38:42,11029.62,0,0,0,0,0,0
BS1000.BSE_IDX,01/07/2025,10:38:50,11030.03,0,0,0,0,0,0
BS1000.BSE_IDX,01/07/2025,10:38:58,11030.38,0,0,0,0,0,0
BS1000.BSE_IDX,01/07/2025,10:39:06,11031.65,0,0,0,0,0,0
BS1000.BSE_IDX,01/07/2025,10:39:14,11032.12,0,0,0,0,0,0
BS1000.BSE_IDX,01/07/2025,10:39:22,11032.54,0,0,0,0,0,0
BS1000.BSE_IDX,01/07/2025,10:39:30,11032.69,0,0,0,0,0,0
BS1000.BSE_IDX,01/07/2025,10:39:38,11032.72,0,0,0,0,0,0
BS1000.BSE_IDX,01/07/2025,10:39:46,11032.96,0,0,0,0,0,0
BS1000.BSE_IDX,01/07/2025,10:39:54,11033.26,0,0,0,0,0,0
BS1000.BSE_IDX,01/07/2025,10:40:02,11033.63,0,0,0,0,0,0
BS1000.BSE_IDX,01/07/2025,10:40:10,11032.65,0,0,0,0,0,0
BS1000.BSE_IDX,01/07/2025,10:40:18,11032.79,0,0,0,0,0,0
BS1000.BSE_IDX,01/07/2025,10:40:26,11032.17,0,0,0,0,0,0
BS1000.BSE_IDX,01/07/2025,10:40:34,11032.14,0,0,0,0,0,0
BS1000.BSE_IDX,01/07/2025,10:40:42,11031.72,0,0,0,0,0,0
BS1000.BSE_IDX,01/07/2025,10:40:50,11031.84,0,0,0,0,0,0
BS1000.BSE_IDX,01/07/2025,10:40:58,11031.78,0,0,0,0,0,0
BS1000.BSE_IDX,01/07/2025,10:41:06,11031.5,0,0,0,0,0,0
BS1000.BSE_IDX,01/07/2025,10:41:14,11030.85,0,0,0,0,0,0
BS1000.BSE_IDX,01/07/2025,10:41:22,11031.55,0,0,0,0,0,0
BS1000.BSE_IDX,01/07/2025,10:41:30,11031.38,0,0,0,0,0,0
BS1000.BSE_IDX,01/07/2025,10:41:38,11032.61,0,0,0,0,0,0
BS1000.BSE_IDX,01/07/2025,10:41:46,11032.12,0,0,0,0,0,0
BS1000.BSE_IDX,01/07/2025,10:41:54,11031.98,0,0,0,0,0,0
BS1000.BSE_IDX,01/07/2025,10:42:02,11032.15,0,0,0,0,0,0
BS1000.BSE_IDX,01/07/2025,10:42:10,11032.46,0,0,0,0,0,0
BS1000.BSE_IDX,01/07/2025,10:42:18,11032.94,0,0,0,0,0,0
BS1000.BSE_IDX,01/07/2025,10:42:26,11032.8,0,0,0,0,0,0
BS1000.BSE_IDX,01/07/2025,10:42:34,11032.45,0,0,0,0,0,0
BS1000.BSE_IDX,01/07/2025,10:42:42,11032.02,0,0,0,0,0,0
BS1000.BSE_IDX,01/07/2025,10:42:50,11031.85,0,0,0,0,0,0
BS1000.BSE_IDX,01/07/2025,10:42:58,11031.26,0,0,0,0,0,0
BS1000.BSE_IDX,01/07/2025,10:43:06,11031.75,0,0,0,0,0,0
BS1000.BSE_IDX,01/07/2025,10:43:14,11031.95,0,0,0,0,0,0
BS1000.BSE_IDX,01/07/2025,10:43:22,11031.66,0,0,0,0,0,0
BS1000.BSE_IDX,01/07/2025,10:43:30,11031.69,0,0,0,0,0,0
BS1000.BSE_IDX,01/07/2025,10:43:38,11030.93,0,0,0,0,0,0
BS1000.BSE_IDX,01/07/2025,10:43:46,11031.17,0,0,0,0,0,0
BS1000.BSE_IDX,01/07/2025,10:43:54,11030.58,0,0,0,0,0,0
BS1000.BSE_IDX,01/07/2025,10:44:02,11030.35,0,0,0,0,0,0
BS1000.BSE_IDX,01/07/2025,10:44:10,11029.67,0,0,0,0,0,0
BS1000.BSE_IDX,01/07/2025,10:44:18,11029.5,0,0,0,0,0,0
BS1000.BSE_IDX,01/07/2025,10:44:26,11029.58,0,0,0,0,0,0
BS1000.BSE_IDX,01/07/2025,10:44:34,11029.43,0,0,0,0,0,0
BS1000.BSE_IDX,01/07/2025,10:44:42,11029.46,0,0,0,0,0,0
BS1000.BSE_IDX,01/07/2025,10:44:50,11029.59,0,0,0,0,0,0
BS1000.BSE_IDX,01/07/2025,10:44:58,11028.72,0,0,0,0,0,0
BS1000.BSE_IDX,01/07/2025,10:45:07,11028.16,0,0,0,0,0,0
BS1000.BSE_IDX,01/07/2025,10:45:14,11028.22,0,0,0,0,0,0
BS1000.BSE_IDX,01/07/2025,10:45:22,11027.71,0,0,0,0,0,0
BS1000.BSE_IDX,01/07/2025,10:45:30,11028.06,0,0,0,0,0,0
BS1000.BSE_IDX,01/07/2025,10:45:38,11027.75,0,0,0,0,0,0
BS1000.BSE_IDX,01/07/2025,10:45:46,11028.42,0,0,0,0,0,0
BS1000.BSE_IDX,01/07/2025,10:45:54,11027.59,0,0,0,0,0,0
BS1000.BSE_IDX,01/07/2025,10:46:02,11027.22,0,0,0,0,0,0
BS1000.BSE_IDX,01/07/2025,10:46:10,11026.87,0,0,0,0,0,0
BS1000.BSE_IDX,01/07/2025,10:46:18,11026.88,0,0,0,0,0,0
BS1000.BSE_IDX,01/07/2025,10:46:26,11027.11,0,0,0,0,0,0
BS1000.BSE_IDX,01/07/2025,10:46:34,11026.83,0,0,0,0,0,0
BS1000.BSE_IDX,01/07/2025,10:46:42,11026.88,0,0,0,0,0,0
BS1000.BSE_IDX,01/07/2025,10:46:50,11027.29,0,0,0,0,0,0
BS1000.BSE_IDX,01/07/2025,10:46:58,11027.03,0,0,0,0,0,0
BS1000.BSE_IDX,01/07/2025,10:47:06,11027.26,0,0,0,0,0,0
BS1000.BSE_IDX,01/07/2025,10:47:14,11026.86,0,0,0,0,0,0
BS1000.BSE_IDX,01/07/2025,10:47:22,11026.55,0,0,0,0,0,0
BS1000.BSE_IDX,01/07/2025,10:47:30,11026.47,0,0,0,0,0,0
BS1000.BSE_IDX,01/07/2025,10:47:38,11026.88,0,0,0,0,0,0
BS1000.BSE_IDX,01/07/2025,10:47:46,11027.05,0,0,0,0,0,0
BS1000.BSE_IDX,01/07/2025,10:47:54,11027.76,0,0,0,0,0,0
BS1000.BSE_IDX,01/07/2025,10:48:02,11027.77,0,0,0,0,0,0
BS1000.BSE_IDX,01/07/2025,10:48:10,11027.66,0,0,0,0,0,0
BS1000.BSE_IDX,01/07/2025,10:48:18,11027.94,0,0,0,0,0,0
BS1000.BSE_IDX,01/07/2025,10:48:26,11028.56,0,0,0,0,0,0
BS1000.BSE_IDX,01/07/2025,10:48:34,11028.36,0,0,0,0,0,0
BS1000.BSE_IDX,01/07/2025,10:48:42,11028.45,0,0,0,0,0,0
BS1000.BSE_IDX,01/07/2025,10:48:50,11029.14,0,0,0,0,0,0
BS1000.BSE_IDX,01/07/2025,10:48:58,11028.88,0,0,0,0,0,0
BS1000.BSE_IDX,01/07/2025,10:49:06,11028.64,0,0,0,0,0,0
BS1000.BSE_IDX,01/07/2025,10:49:14,11027.45,0,0,0,0,0,0
BS1000.BSE_IDX,01/07/2025,10:49:22,11026.85,0,0,0,0,0,0
BS1000.BSE_IDX,01/07/2025,10:49:30,11026.5,0,0,0,0,0,0
BS1000.BSE_IDX,01/07/2025,10:49:38,11026.05,0,0,0,0,0,0
BS1000.BSE_IDX,01/07/2025,10:49:46,11026.2,0,0,0,0,0,0
BS1000.BSE_IDX,01/07/2025,10:49:54,11025.76,0,0,0,0,0,0
BS1000.BSE_IDX,01/07/2025,10:50:02,11025.62,0,0,0,0,0,0
BS1000.BSE_IDX,01/07/2025,10:50:10,11025.16,0,0,0,0,0,0
BS1000.BSE_IDX,01/07/2025,10:50:18,11025.25,0,0,0,0,0,0
BS1000.BSE_IDX,01/07/2025,10:50:26,11024.98,0,0,0,0,0,0
BS1000.BSE_IDX,01/07/2025,10:50:34,11025.59,0,0,0,0,0,0
BS1000.BSE_IDX,01/07/2025,10:50:42,11025.5,0,0,0,0,0,0
BS1000.BSE_IDX,01/07/2025,10:50:50,11025.12,0,0,0,0,0,0
BS1000.BSE_IDX,01/07/2025,10:50:58,11025.29,0,0,0,0,0,0
BS1000.BSE_IDX,01/07/2025,10:51:06,11025.07,0,0,0,0,0,0
BS1000.BSE_IDX,01/07/2025,10:51:14,11025.03,0,0,0,0,0,0
BS1000.BSE_IDX,01/07/2025,10:51:22,11024.76,0,0,0,0,0,0
BS1000.BSE_IDX,01/07/2025,10:51:30,11024.69,0,0,0,0,0,0
BS1000.BSE_IDX,01/07/2025,10:51:38,11024.72,0,0,0,0,0,0
BS1000.BSE_IDX,01/07/2025,10:51:46,11024.54,0,0,0,0,0,0
BS1000.BSE_IDX,01/07/2025,10:51:54,11023.67,0,0,0,0,0,0
BS1000.BSE_IDX,01/07/2025,10:52:02,11023.33,0,0,0,0,0,0
BS1000.BSE_IDX,01/07/2025,10:52:10,11023.39,0,0,0,0,0,0
BS1000.BSE_IDX,01/07/2025,10:52:18,11022.4,0,0,0,0,0,0
BS1000.BSE_IDX,01/07/2025,10:52:26,11021.52,0,0,0,0,0,0
BS1000.BSE_IDX,01/07/2025,10:52:34,11021.12,0,0,0,0,0,0
BS1000.BSE_IDX,01/07/2025,10:52:43,11019.93,0,0,0,0,0,0
BS1000.BSE_IDX,01/07/2025,10:52:50,11019.43,0,0,0,0,0,0
BS1000.BSE_IDX,01/07/2025,10:52:58,11018.82,0,0,0,0,0,0
BS1000.BSE_IDX,01/07/2025,10:53:06,11018.5,0,0,0,0,0,0
BS1000.BSE_IDX,01/07/2025,10:53:14,11018.27,0,0,0,0,0,0
BS1000.BSE_IDX,01/07/2025,10:53:22,11018.22,0,0,0,0,0,0
BS1000.BSE_IDX,01/07/2025,10:53:30,11018.73,0,0,0,0,0,0
BS1000.BSE_IDX,01/07/2025,10:53:38,11019.04,0,0,0,0,0,0
BS1000.BSE_IDX,01/07/2025,10:53:46,11019.35,0,0,0,0,0,0
BS1000.BSE_IDX,01/07/2025,10:53:54,11019.32,0,0,0,0,0,0
BS1000.BSE_IDX,01/07/2025,10:54:02,11019.65,0,0,0,0,0,0
BS1000.BSE_IDX,01/07/2025,10:54:10,11019.65,0,0,0,0,0,0
BS1000.BSE_IDX,01/07/2025,10:54:18,11019.69,0,0,0,0,0,0
BS1000.BSE_IDX,01/07/2025,10:54:26,11019.56,0,0,0,0,0,0
BS1000.BSE_IDX,01/07/2025,10:54:34,11020.17,0,0,0,0,0,0
BS1000.BSE_IDX,01/07/2025,10:54:42,11020.83,0,0,0,0,0,0
BS1000.BSE_IDX,01/07/2025,10:54:51,11021.04,0,0,0,0,0,0
BS1000.BSE_IDX,01/07/2025,10:54:58,11020.87,0,0,0,0,0,0
BS1000.BSE_IDX,01/07/2025,10:55:06,11020.9,0,0,0,0,0,0
BS1000.BSE_IDX,01/07/2025,10:55:14,11020.56,0,0,0,0,0,0
BS1000.BSE_IDX,01/07/2025,10:55:22,11020.63,0,0,0,0,0,0
BS1000.BSE_IDX,01/07/2025,10:55:30,11020.52,0,0,0,0,0,0
BS1000.BSE_IDX,01/07/2025,10:55:38,11020.38,0,0,0,0,0,0
BS1000.BSE_IDX,01/07/2025,10:55:46,11019.87,0,0,0,0,0,0
BS1000.BSE_IDX,01/07/2025,10:55:54,11019.68,0,0,0,0,0,0
BS1000.BSE_IDX,01/07/2025,10:56:02,11018.91,0,0,0,0,0,0
BS1000.BSE_IDX,01/07/2025,10:56:10,11018.69,0,0,0,0,0,0
BS1000.BSE_IDX,01/07/2025,10:56:18,11018.24,0,0,0,0,0,0
BS1000.BSE_IDX,01/07/2025,10:56:26,11017.72,0,0,0,0,0,0
BS1000.BSE_IDX,01/07/2025,10:56:34,11017.83,0,0,0,0,0,0
BS1000.BSE_IDX,01/07/2025,10:56:42,11017.61,0,0,0,0,0,0
BS1000.BSE_IDX,01/07/2025,10:56:50,11017.48,0,0,0,0,0,0
BS1000.BSE_IDX,01/07/2025,10:56:58,11016.72,0,0,0,0,0,0
BS1000.BSE_IDX,01/07/2025,10:57:06,11016.44,0,0,0,0,0,0
BS1000.BSE_IDX,01/07/2025,10:57:14,11016.02,0,0,0,0,0,0
BS1000.BSE_IDX,01/07/2025,10:57:22,11015.91,0,0,0,0,0,0
BS1000.BSE_IDX,01/07/2025,10:57:30,11015.7,0,0,0,0,0,0
BS1000.BSE_IDX,01/07/2025,10:57:39,11016.33,0,0,0,0,0,0
BS1000.BSE_IDX,01/07/2025,10:57:46,11016.43,0,0,0,0,0,0
BS1000.BSE_IDX,01/07/2025,10:57:54,11016.17,0,0,0,0,0,0
BS1000.BSE_IDX,01/07/2025,10:58:02,11016.01,0,0,0,0,0,0
BS1000.BSE_IDX,01/07/2025,10:58:10,11016.2,0,0,0,0,0,0
BS1000.BSE_IDX,01/07/2025,10:58:18,11015.48,0,0,0,0,0,0
BS1000.BSE_IDX,01/07/2025,10:58:26,11015.46,0,0,0,0,0,0
BS1000.BSE_IDX,01/07/2025,10:58:34,11015.81,0,0,0,0,0,0
BS1000.BSE_IDX,01/07/2025,10:58:42,11015.83,0,0,0,0,0,0
BS1000.BSE_IDX,01/07/2025,10:58:50,11016.51,0,0,0,0,0,0
BS1000.BSE_IDX,01/07/2025,10:58:58,11015.73,0,0,0,0,0,0
BS1000.BSE_IDX,01/07/2025,10:59:06,11015.57,0,0,0,0,0,0
BS1000.BSE_IDX,01/07/2025,10:59:14,11015.59,0,0,0,0,0,0
BS1000.BSE_IDX,01/07/2025,10:59:22,11015.42,0,0,0,0,0,0
BS1000.BSE_IDX,01/07/2025,10:59:30,11015.15,0,0,0,0,0,0
BS1000.BSE_IDX,01/07/2025,10:59:38,11014.64,0,0,0,0,0,0
BS1000.BSE_IDX,01/07/2025,10:59:47,11014.52,0,0,0,0,0,0
BS1000.BSE_IDX,01/07/2025,10:59:55,11014.44,0,0,0,0,0,0
BS1000.BSE_IDX,01/07/2025,11:00:03,11014.35,0,0,0,0,0,0
BS1000.BSE_IDX,01/07/2025,11:00:11,11013.89,0,0,0,0,0,0
BS1000.BSE_IDX,01/07/2025,11:00:18,11014.45,0,0,0,0,0,0
BS1000.BSE_IDX,01/07/2025,11:00:26,11014.55,0,0,0,0,0,0
BS1000.BSE_IDX,01/07/2025,11:00:34,11014.69,0,0,0,0,0,0
BS1000.BSE_IDX,01/07/2025,11:00:42,11014.3,0,0,0,0,0,0
BS1000.BSE_IDX,01/07/2025,11:00:50,11014.62,0,0,0,0,0,0
BS1000.BSE_IDX,01/07/2025,11:00:58,11014.77,0,0,0,0,0,0
BS1000.BSE_IDX,01/07/2025,11:01:06,11014.87,0,0,0,0,0,0
BS1000.BSE_IDX,01/07/2025,11:01:15,11015.14,0,0,0,0,0,0
BS1000.BSE_IDX,01/07/2025,11:01:22,11014.04,0,0,0,0,0,0
BS1000.BSE_IDX,01/07/2025,11:01:30,11014.11,0,0,0,0,0,0
BS1000.BSE_IDX,01/07/2025,11:01:38,11013.96,0,0,0,0,0,0
BS1000.BSE_IDX,01/07/2025,11:01:46,11013.26,0,0,0,0,0,0
BS1000.BSE_IDX,01/07/2025,11:01:54,11013.1,0,0,0,0,0,0
BS1000.BSE_IDX,01/07/2025,11:02:02,11013.68,0,0,0,0,0,0
BS1000.BSE_IDX,01/07/2025,11:02:10,11012.73,0,0,0,0,0,0
BS1000.BSE_IDX,01/07/2025,11:02:18,11012.94,0,0,0,0,0,0
BS1000.BSE_IDX,01/07/2025,11:02:27,11013.03,0,0,0,0,0,0
BS1000.BSE_IDX,01/07/2025,11:02:34,11013.21,0,0,0,0,0,0
BS1000.BSE_IDX,01/07/2025,11:02:42,11012.44,0,0,0,0,0,0
BS1000.BSE_IDX,01/07/2025,11:02:51,11012.55,0,0,0,0,0,0
BS1000.BSE_IDX,01/07/2025,11:02:58,11011.85,0,0,0,0,0,0
BS1000.BSE_IDX,01/07/2025,11:03:06,11011.25,0,0,0,0,0,0
BS1000.BSE_IDX,01/07/2025,11:03:14,11011.09,0,0,0,0,0,0
BS1000.BSE_IDX,01/07/2025,11:03:22,11010.95,0,0,0,0,0,0
BS1000.BSE_IDX,01/07/2025,11:03:31,11010.75,0,0,0,0,0,0
BS1000.BSE_IDX,01/07/2025,11:03:38,11010.82,0,0,0,0,0,0
BS1000.BSE_IDX,01/07/2025,11:03:46,11011.03,0,0,0,0,0,0
BS1000.BSE_IDX,01/07/2025,11:03:54,11010.79,0,0,0,0,0,0
BS1000.BSE_IDX,01/07/2025,11:04:02,11011.01,0,0,0,0,0,0
BS1000.BSE_IDX,01/07/2025,11:04:10,11010.53,0,0,0,0,0,0
BS1000.BSE_IDX,01/07/2025,11:04:18,11010.55,0,0,0,0,0,0
BS1000.BSE_IDX,01/07/2025,11:04:27,11010.48,0,0,0,0,0,0
BS1000.BSE_IDX,01/07/2025,11:04:34,11010.64,0,0,0,0,0,0
BS1000.BSE_IDX,01/07/2025,11:04:42,11010.4,0,0,0,0,0,0
BS1000.BSE_IDX,01/07/2025,11:04:51,11010.99,0,0,0,0,0,0
BS1000.BSE_IDX,01/07/2025,11:04:58,11011.08,0,0,0,0,0,0
BS1000.BSE_IDX,01/07/2025,11:05:06,11011.61,0,0,0,0,0,0
BS1000.BSE_IDX,01/07/2025,11:05:14,11012.09,0,0,0,0,0,0
BS1000.BSE_IDX,01/07/2025,11:05:22,11012.02,0,0,0,0,0,0
BS1000.BSE_IDX,01/07/2025,11:05:31,11012.58,0,0,0,0,0,0
BS1000.BSE_IDX,01/07/2025,11:05:39,11012.57,0,0,0,0,0,0
BS1000.BSE_IDX,01/07/2025,11:05:46,11012.85,0,0,0,0,0,0
BS1000.BSE_IDX,01/07/2025,11:05:54,11013.09,0,0,0,0,0,0
BS1000.BSE_IDX,01/07/2025,11:06:03,11013.23,0,0,0,0,0,0
BS1000.BSE_IDX,01/07/2025,11:06:11,11013.96,0,0,0,0,0,0
BS1000.BSE_IDX,01/07/2025,11:06:19,11014.89,0,0,0,0,0,0
BS1000.BSE_IDX,01/07/2025,11:06:27,11014.79,0,0,0,0,0,0
BS1000.BSE_IDX,01/07/2025,11:06:34,11014.21,0,0,0,0,0,0
BS1000.BSE_IDX,01/07/2025,11:06:43,11014.32,0,0,0,0,0,0
BS1000.BSE_IDX,01/07/2025,11:06:51,11014.85,0,0,0,0,0,0
BS1000.BSE_IDX,01/07/2025,11:06:58,11014.99,0,0,0,0,0,0
BS1000.BSE_IDX,01/07/2025,11:07:06,11015.2,0,0,0,0,0,0
BS1000.BSE_IDX,01/07/2025,11:07:15,11015.56,0,0,0,0,0,0
BS1000.BSE_IDX,01/07/2025,11:07:22,11015.62,0,0,0,0,0,0
BS1000.BSE_IDX,01/07/2025,11:07:31,11015.74,0,0,0,0,0,0
BS1000.BSE_IDX,01/07/2025,11:07:39,11015.94,0,0,0,0,0,0
BS1000.BSE_IDX,01/07/2025,11:07:46,11016.59,0,0,0,0,0,0
BS1000.BSE_IDX,01/07/2025,11:07:55,11017.04,0,0,0,0,0,0
BS1000.BSE_IDX,01/07/2025,11:08:02,11017.3,0,0,0,0,0,0
BS1000.BSE_IDX,01/07/2025,11:08:11,11017.09,0,0,0,0,0,0
BS1000.BSE_IDX,01/07/2025,11:08:18,11017.18,0,0,0,0,0,0
BS1000.BSE_IDX,01/07/2025,11:08:27,11017.59,0,0,0,0,0,0
BS1000.BSE_IDX,01/07/2025,11:08:35,11016.68,0,0,0,0,0,0
BS1000.BSE_IDX,01/07/2025,11:08:43,11017.08,0,0,0,0,0,0
BS1000.BSE_IDX,01/07/2025,11:08:51,11017.57,0,0,0,0,0,0
BS1000.BSE_IDX,01/07/2025,11:08:58,11017.97,0,0,0,0,0,0
BS1000.BSE_IDX,01/07/2025,11:09:07,11018.02,0,0,0,0,0,0
BS1000.BSE_IDX,01/07/2025,11:09:15,11017.11,0,0,0,0,0,0
BS1000.BSE_IDX,01/07/2025,11:09:23,11016.53,0,0,0,0,0,0
BS1000.BSE_IDX,01/07/2025,11:09:31,11017.2,0,0,0,0,0,0
BS1000.BSE_IDX,01/07/2025,11:09:39,11017.03,0,0,0,0,0,0
BS1000.BSE_IDX,01/07/2025,11:09:47,11017.61,0,0,0,0,0,0
BS1000.BSE_IDX,01/07/2025,11:09:55,11017.34,0,0,0,0,0,0
BS1000.BSE_IDX,01/07/2025,11:10:03,11017.62,0,0,0,0,0,0
BS1000.BSE_IDX,01/07/2025,11:10:11,11017.68,0,0,0,0,0,0
BS1000.BSE_IDX,01/07/2025,11:10:19,11017.42,0,0,0,0,0,0
BS1000.BSE_IDX,01/07/2025,11:10:27,11017.61,0,0,0,0,0,0
BS1000.BSE_IDX,01/07/2025,11:10:35,11018.03,0,0,0,0,0,0
BS1000.BSE_IDX,01/07/2025,11:10:43,11018.3,0,0,0,0,0,0
BS1000.BSE_IDX,01/07/2025,11:10:51,11018.33,0,0,0,0,0,0
BS1000.BSE_IDX,01/07/2025,11:10:59,11018.37,0,0,0,0,0,0
BS1000.BSE_IDX,01/07/2025,11:11:07,11018.84,0,0,0,0,0,0
BS1000.BSE_IDX,01/07/2025,11:11:15,11018.54,0,0,0,0,0,0
BS1000.BSE_IDX,01/07/2025,11:11:23,11018.45,0,0,0,0,0,0
BS1000.BSE_IDX,01/07/2025,11:11:31,11018.18,0,0,0,0,0,0
BS1000.BSE_IDX,01/07/2025,11:11:39,11018.08,0,0,0,0,0,0
BS1000.BSE_IDX,01/07/2025,11:11:47,11017.68,0,0,0,0,0,0
BS1000.BSE_IDX,01/07/2025,11:11:55,11017.89,0,0,0,0,0,0
BS1000.BSE_IDX,01/07/2025,11:12:03,11018.17,0,0,0,0,0,0
BS1000.BSE_IDX,01/07/2025,11:12:11,11018.4,0,0,0,0,0,0
BS1000.BSE_IDX,01/07/2025,11:12:19,11018.22,0,0,0,0,0,0
BS1000.BSE_IDX,01/07/2025,11:12:27,11018.07,0,0,0,0,0,0
BS1000.BSE_IDX,01/07/2025,11:12:35,11018.42,0,0,0,0,0,0
BS1000.BSE_IDX,01/07/2025,11:12:43,11017.88,0,0,0,0,0,0
BS1000.BSE_IDX,01/07/2025,11:12:51,11018.03,0,0,0,0,0,0
BS1000.BSE_IDX,01/07/2025,11:12:59,11018.07,0,0,0,0,0,0
BS1000.BSE_IDX,01/07/2025,11:13:07,11018.25,0,0,0,0,0,0
BS1000.BSE_IDX,01/07/2025,11:13:16,11017.96,0,0,0,0,0,0
BS1000.BSE_IDX,01/07/2025,11:13:23,11017.55,0,0,0,0,0,0
BS1000.BSE_IDX,01/07/2025,11:13:31,11017.52,0,0,0,0,0,0
BS1000.BSE_IDX,01/07/2025,11:13:39,11017.55,0,0,0,0,0,0
BS1000.BSE_IDX,01/07/2025,11:13:47,11018.01,0,0,0,0,0,0
BS1000.BSE_IDX,01/07/2025,11:13:55,11018.18,0,0,0,0,0,0
BS1000.BSE_IDX,01/07/2025,11:14:03,11018.68,0,0,0,0,0,0
BS1000.BSE_IDX,01/07/2025,11:14:11,11018.1,0,0,0,0,0,0
BS1000.BSE_IDX,01/07/2025,11:14:19,11018.51,0,0,0,0,0,0
BS1000.BSE_IDX,01/07/2025,11:14:27,11019.07,0,0,0,0,0,0
BS1000.BSE_IDX,01/07/2025,11:14:35,11019.25,0,0,0,0,0,0
BS1000.BSE_IDX,01/07/2025,11:14:43,11019.38,0,0,0,0,0,0
BS1000.BSE_IDX,01/07/2025,11:14:51,11019.56,0,0,0,0,0,0
BS1000.BSE_IDX,01/07/2025,11:14:59,11019.76,0,0,0,0,0,0
BS1000.BSE_IDX,01/07/2025,11:15:07,11019.84,0,0,0,0,0,0
BS1000.BSE_IDX,01/07/2025,11:15:15,11019.89,0,0,0,0,0,0
BS1000.BSE_IDX,01/07/2025,11:15:23,11020.4,0,0,0,0,0,0
BS1000.BSE_IDX,01/07/2025,11:15:31,11019.59,0,0,0,0,0,0
BS1000.BSE_IDX,01/07/2025,11:15:39,11020.09,0,0,0,0,0,0
BS1000.BSE_IDX,01/07/2025,11:15:47,11020.17,0,0,0,0,0,0
BS1000.BSE_IDX,01/07/2025,11:15:56,11020.67,0,0,0,0,0,0
BS1000.BSE_IDX,01/07/2025,11:16:03,11020.04,0,0,0,0,0,0
BS1000.BSE_IDX,01/07/2025,11:16:11,11019.78,0,0,0,0,0,0
BS1000.BSE_IDX,01/07/2025,11:16:19,11019.76,0,0,0,0,0,0
BS1000.BSE_IDX,01/07/2025,11:16:27,11018.67,0,0,0,0,0,0
BS1000.BSE_IDX,01/07/2025,11:16:35,11018.36,0,0,0,0,0,0
BS1000.BSE_IDX,01/07/2025,11:16:43,11017.91,0,0,0,0,0,0
BS1000.BSE_IDX,01/07/2025,11:16:51,11017.97,0,0,0,0,0,0
BS1000.BSE_IDX,01/07/2025,11:16:59,11018.03,0,0,0,0,0,0
BS1000.BSE_IDX,01/07/2025,11:17:07,11018.07,0,0,0,0,0,0
BS1000.BSE_IDX,01/07/2025,11:17:15,11018.52,0,0,0,0,0,0
BS1000.BSE_IDX,01/07/2025,11:17:23,11019.32,0,0,0,0,0,0
BS1000.BSE_IDX,01/07/2025,11:17:31,11020.41,0,0,0,0,0,0
BS1000.BSE_IDX,01/07/2025,11:17:39,11021.05,0,0,0,0,0,0
BS1000.BSE_IDX,01/07/2025,11:17:47,11022.08,0,0,0,0,0,0
BS1000.BSE_IDX,01/07/2025,11:17:57,11022.44,0,0,0,0,0,0
BS1000.BSE_IDX,01/07/2025,11:18:03,11022.58,0,0,0,0,0,0
BS1000.BSE_IDX,01/07/2025,11:18:11,11022.4,0,0,0,0,0,0
BS1000.BSE_IDX,01/07/2025,11:18:19,11022.5,0,0,0,0,0,0
BS1000.BSE_IDX,01/07/2025,11:18:27,11022.75,0,0,0,0,0,0
BS1000.BSE_IDX,01/07/2025,11:18:35,11023.42,0,0,0,0,0,0
BS1000.BSE_IDX,01/07/2025,11:18:44,11023.36,0,0,0,0,0,0
BS1000.BSE_IDX,01/07/2025,11:18:51,11023.88,0,0,0,0,0,0
BS1000.BSE_IDX,01/07/2025,11:18:59,11023,0,0,0,0,0,0
BS1000.BSE_IDX,01/07/2025,11:19:08,11022.75,0,0,0,0,0,0
BS1000.BSE_IDX,01/07/2025,11:19:15,11022.78,0,0,0,0,0,0
BS1000.BSE_IDX,01/07/2025,11:19:23,11022.55,0,0,0,0,0,0
BS1000.BSE_IDX,01/07/2025,11:19:31,11021.94,0,0,0,0,0,0
BS1000.BSE_IDX,01/07/2025,11:19:39,11021.51,0,0,0,0,0,0
BS1000.BSE_IDX,01/07/2025,11:19:47,11021.1,0,0,0,0,0,0
BS1000.BSE_IDX,01/07/2025,11:19:55,11019.7,0,0,0,0,0,0
BS1000.BSE_IDX,01/07/2025,11:20:03,11019.69,0,0,0,0,0,0
BS1000.BSE_IDX,01/07/2025,11:20:11,11020.24,0,0,0,0,0,0
BS1000.BSE_IDX,01/07/2025,11:20:19,11020.23,0,0,0,0,0,0
BS1000.BSE_IDX,01/07/2025,11:20:27,11020.45,0,0,0,0,0,0
BS1000.BSE_IDX,01/07/2025,11:20:35,11020.79,0,0,0,0,0,0
BS1000.BSE_IDX,01/07/2025,11:20:43,11020.77,0,0,0,0,0,0
BS1000.BSE_IDX,01/07/2025,11:20:51,11020.7,0,0,0,0,0,0
BS1000.BSE_IDX,01/07/2025,11:20:59,11020.84,0,0,0,0,0,0
BS1000.BSE_IDX,01/07/2025,11:21:07,11020.73,0,0,0,0,0,0
BS1000.BSE_IDX,01/07/2025,11:21:15,11021.01,0,0,0,0,0,0
BS1000.BSE_IDX,01/07/2025,11:21:24,11021.18,0,0,0,0,0,0
BS1000.BSE_IDX,01/07/2025,11:21:31,11021.26,0,0,0,0,0,0
BS1000.BSE_IDX,01/07/2025,11:21:39,11020.67,0,0,0,0,0,0
BS1000.BSE_IDX,01/07/2025,11:21:47,11020.45,0,0,0,0,0,0
BS1000.BSE_IDX,01/07/2025,11:21:56,11020.69,0,0,0,0,0,0
BS1000.BSE_IDX,01/07/2025,11:22:03,11020.9,0,0,0,0,0,0
BS1000.BSE_IDX,01/07/2025,11:22:11,11020.7,0,0,0,0,0,0
BS1000.BSE_IDX,01/07/2025,11:22:19,11020.93,0,0,0,0,0,0
BS1000.BSE_IDX,01/07/2025,11:22:28,11020.86,0,0,0,0,0,0
BS1000.BSE_IDX,01/07/2025,11:22:35,11021.02,0,0,0,0,0,0
BS1000.BSE_IDX,01/07/2025,11:22:43,11020.8,0,0,0,0,0,0
BS1000.BSE_IDX,01/07/2025,11:22:51,11020.64,0,0,0,0,0,0
BS1000.BSE_IDX,01/07/2025,11:22:59,11020.8,0,0,0,0,0,0
BS1000.BSE_IDX,01/07/2025,11:23:07,11020.77,0,0,0,0,0,0
BS1000.BSE_IDX,01/07/2025,11:23:15,11021.25,0,0,0,0,0,0
BS1000.BSE_IDX,01/07/2025,11:23:23,11020.97,0,0,0,0,0,0
BS1000.BSE_IDX,01/07/2025,11:23:31,11020.74,0,0,0,0,0,0
BS1000.BSE_IDX,01/07/2025,11:23:39,11020.74,0,0,0,0,0,0
BS1000.BSE_IDX,01/07/2025,11:23:47,11021,0,0,0,0,0,0
BS1000.BSE_IDX,01/07/2025,11:23:55,11020.85,0,0,0,0,0,0
BS1000.BSE_IDX,01/07/2025,11:24:04,11020.41,0,0,0,0,0,0
BS1000.BSE_IDX,01/07/2025,11:24:11,11020.83,0,0,0,0,0,0
BS1000.BSE_IDX,01/07/2025,11:24:19,11020.6,0,0,0,0,0,0
BS1000.BSE_IDX,01/07/2025,11:24:27,11020.49,0,0,0,0,0,0
BS1000.BSE_IDX,01/07/2025,11:24:35,11019.99,0,0,0,0,0,0
BS1000.BSE_IDX,01/07/2025,11:24:43,11020.07,0,0,0,0,0,0
BS1000.BSE_IDX,01/07/2025,11:24:52,11019.75,0,0,0,0,0,0
BS1000.BSE_IDX,01/07/2025,11:25:00,11020.02,0,0,0,0,0,0
BS1000.BSE_IDX,01/07/2025,11:25:07,11020.45,0,0,0,0,0,0
BS1000.BSE_IDX,01/07/2025,11:25:15,11020.28,0,0,0,0,0,0
BS1000.BSE_IDX,01/07/2025,11:25:23,11019.95,0,0,0,0,0,0
BS1000.BSE_IDX,01/07/2025,11:25:31,11020.12,0,0,0,0,0,0
BS1000.BSE_IDX,01/07/2025,11:25:41,11019.87,0,0,0,0,0,0
BS1000.BSE_IDX,01/07/2025,11:25:47,11019.5,0,0,0,0,0,0
BS1000.BSE_IDX,01/07/2025,11:25:55,11019.43,0,0,0,0,0,0
BS1000.BSE_IDX,01/07/2025,11:26:03,11019.75,0,0,0,0,0,0
BS1000.BSE_IDX,01/07/2025,11:26:11,11019.39,0,0,0,0,0,0
BS1000.BSE_IDX,01/07/2025,11:26:19,11019.74,0,0,0,0,0,0
BS1000.BSE_IDX,01/07/2025,11:26:27,11019.66,0,0,0,0,0,0
BS1000.BSE_IDX,01/07/2025,11:26:35,11019.96,0,0,0,0,0,0
BS1000.BSE_IDX,01/07/2025,11:26:43,11020.02,0,0,0,0,0,0
BS1000.BSE_IDX,01/07/2025,11:26:51,11019.76,0,0,0,0,0,0
BS1000.BSE_IDX,01/07/2025,11:26:59,11020.19,0,0,0,0,0,0
BS1000.BSE_IDX,01/07/2025,11:27:07,11020.06,0,0,0,0,0,0
BS1000.BSE_IDX,01/07/2025,11:27:15,11020.26,0,0,0,0,0,0
BS1000.BSE_IDX,01/07/2025,11:27:23,11019.75,0,0,0,0,0,0
BS1000.BSE_IDX,01/07/2025,11:27:31,11020.09,0,0,0,0,0,0
BS1000.BSE_IDX,01/07/2025,11:27:39,11020.25,0,0,0,0,0,0
BS1000.BSE_IDX,01/07/2025,11:27:47,11020.07,0,0,0,0,0,0
BS1000.BSE_IDX,01/07/2025,11:27:55,11020.2,0,0,0,0,0,0
BS1000.BSE_IDX,01/07/2025,11:28:03,11020.23,0,0,0,0,0,0
BS1000.BSE_IDX,01/07/2025,11:28:11,11019.92,0,0,0,0,0,0
BS1000.BSE_IDX,01/07/2025,11:28:19,11019.4,0,0,0,0,0,0
BS1000.BSE_IDX,01/07/2025,11:28:27,11019.62,0,0,0,0,0,0
BS1000.BSE_IDX,01/07/2025,11:28:36,11020.46,0,0,0,0,0,0
BS1000.BSE_IDX,01/07/2025,11:28:43,11020.31,0,0,0,0,0,0
BS1000.BSE_IDX,01/07/2025,11:28:51,11020.51,0,0,0,0,0,0
BS1000.BSE_IDX,01/07/2025,11:28:59,11020.59,0,0,0,0,0,0
BS1000.BSE_IDX,01/07/2025,11:29:07,11020.59,0,0,0,0,0,0
BS1000.BSE_IDX,01/07/2025,11:29:16,11020.57,0,0,0,0,0,0
BS1000.BSE_IDX,01/07/2025,11:29:24,11020.41,0,0,0,0,0,0
BS1000.BSE_IDX,01/07/2025,11:29:31,11020.68,0,0,0,0,0,0
BS1000.BSE_IDX,01/07/2025,11:29:39,11021.14,0,0,0,0,0,0
BS1000.BSE_IDX,01/07/2025,11:29:47,11021.64,0,0,0,0,0,0
BS1000.BSE_IDX,01/07/2025,11:29:55,11021.8,0,0,0,0,0,0
BS1000.BSE_IDX,01/07/2025,11:30:03,11022.32,0,0,0,0,0,0
BS1000.BSE_IDX,01/07/2025,11:30:11,11022.06,0,0,0,0,0,0
BS1000.BSE_IDX,01/07/2025,11:30:19,11022.26,0,0,0,0,0,0
BS1000.BSE_IDX,01/07/2025,11:30:27,11022.38,0,0,0,0,0,0
BS1000.BSE_IDX,01/07/2025,11:30:35,11022.42,0,0,0,0,0,0
BS1000.BSE_IDX,01/07/2025,11:30:43,11022.94,0,0,0,0,0,0
BS1000.BSE_IDX,01/07/2025,11:30:52,11022.87,0,0,0,0,0,0
BS1000.BSE_IDX,01/07/2025,11:30:59,11022.71,0,0,0,0,0,0
BS1000.BSE_IDX,01/07/2025,11:31:07,11021.98,0,0,0,0,0,0
BS1000.BSE_IDX,01/07/2025,11:31:16,11021.55,0,0,0,0,0,0
BS1000.BSE_IDX,01/07/2025,11:31:23,11021.13,0,0,0,0,0,0
BS1000.BSE_IDX,01/07/2025,11:31:31,11020.98,0,0,0,0,0,0
BS1000.BSE_IDX,01/07/2025,11:31:39,11021,0,0,0,0,0,0
BS1000.BSE_IDX,01/07/2025,11:31:47,11021.15,0,0,0,0,0,0
BS1000.BSE_IDX,01/07/2025,11:31:55,11021.22,0,0,0,0,0,0
BS1000.BSE_IDX,01/07/2025,11:32:04,11020.97,0,0,0,0,0,0
BS1000.BSE_IDX,01/07/2025,11:32:11,11020.64,0,0,0,0,0,0
BS1000.BSE_IDX,01/07/2025,11:32:19,11021.01,0,0,0,0,0,0
BS1000.BSE_IDX,01/07/2025,11:32:27,11020.79,0,0,0,0,0,0
BS1000.BSE_IDX,01/07/2025,11:32:35,11020.84,0,0,0,0,0,0
BS1000.BSE_IDX,01/07/2025,11:32:43,11020.75,0,0,0,0,0,0
BS1000.BSE_IDX,01/07/2025,11:32:51,11020.16,0,0,0,0,0,0
BS1000.BSE_IDX,01/07/2025,11:32:59,11019.85,0,0,0,0,0,0
BS1000.BSE_IDX,01/07/2025,11:33:07,11019.23,0,0,0,0,0,0
BS1000.BSE_IDX,01/07/2025,11:33:15,11018.47,0,0,0,0,0,0
BS1000.BSE_IDX,01/07/2025,11:33:23,11018.7,0,0,0,0,0,0
BS1000.BSE_IDX,01/07/2025,11:33:31,11018.48,0,0,0,0,0,0
BS1000.BSE_IDX,01/07/2025,11:33:39,11018.81,0,0,0,0,0,0
BS1000.BSE_IDX,01/07/2025,11:33:47,11018.29,0,0,0,0,0,0
BS1000.BSE_IDX,01/07/2025,11:33:55,11018.31,0,0,0,0,0,0
BS1000.BSE_IDX,01/07/2025,11:34:03,11018.29,0,0,0,0,0,0
BS1000.BSE_IDX,01/07/2025,11:34:12,11017.89,0,0,0,0,0,0
BS1000.BSE_IDX,01/07/2025,11:34:19,11017.95,0,0,0,0,0,0
BS1000.BSE_IDX,01/07/2025,11:34:27,11017.61,0,0,0,0,0,0
BS1000.BSE_IDX,01/07/2025,11:34:35,11017.4,0,0,0,0,0,0
BS1000.BSE_IDX,01/07/2025,11:34:43,11017.71,0,0,0,0,0,0
BS1000.BSE_IDX,01/07/2025,11:34:52,11017.83,0,0,0,0,0,0
BS1000.BSE_IDX,01/07/2025,11:35:00,11017.49,0,0,0,0,0,0
BS1000.BSE_IDX,01/07/2025,11:35:07,11017.49,0,0,0,0,0,0
BS1000.BSE_IDX,01/07/2025,11:35:16,11017.49,0,0,0,0,0,0
BS1000.BSE_IDX,01/07/2025,11:35:23,11018.05,0,0,0,0,0,0
BS1000.BSE_IDX,01/07/2025,11:35:32,11017.69,0,0,0,0,0,0
BS1000.BSE_IDX,01/07/2025,11:35:40,11017.75,0,0,0,0,0,0
BS1000.BSE_IDX,01/07/2025,11:35:47,11017.91,0,0,0,0,0,0
BS1000.BSE_IDX,01/07/2025,11:35:55,11017.74,0,0,0,0,0,0
BS1000.BSE_IDX,01/07/2025,11:36:04,11017.72,0,0,0,0,0,0
BS1000.BSE_IDX,01/07/2025,11:36:11,11018.11,0,0,0,0,0,0
BS1000.BSE_IDX,01/07/2025,11:36:20,11017.7,0,0,0,0,0,0
BS1000.BSE_IDX,01/07/2025,11:36:28,11017.98,0,0,0,0,0,0
BS1000.BSE_IDX,01/07/2025,11:36:35,11017.49,0,0,0,0,0,0
BS1000.BSE_IDX,01/07/2025,11:36:44,11017.68,0,0,0,0,0,0
BS1000.BSE_IDX,01/07/2025,11:36:54,11018.04,0,0,0,0,0,0
BS1000.BSE_IDX,01/07/2025,11:36:59,11018.16,0,0,0,0,0,0
BS1000.BSE_IDX,01/07/2025,11:37:08,11018.17,0,0,0,0,0,0
BS1000.BSE_IDX,01/07/2025,11:37:15,11018.27,0,0,0,0,0,0
BS1000.BSE_IDX,01/07/2025,11:37:23,11018.11,0,0,0,0,0,0
BS1000.BSE_IDX,01/07/2025,11:37:32,11018.42,0,0,0,0,0,0
BS1000.BSE_IDX,01/07/2025,11:37:41,11017.98,0,0,0,0,0,0
BS1000.BSE_IDX,01/07/2025,11:37:47,11018.34,0,0,0,0,0,0
BS1000.BSE_IDX,01/07/2025,11:37:55,11018.83,0,0,0,0,0,0
BS1000.BSE_IDX,01/07/2025,11:38:03,11018.83,0,0,0,0,0,0
BS1000.BSE_IDX,01/07/2025,11:38:11,11018.44,0,0,0,0,0,0
BS1000.BSE_IDX,01/07/2025,11:38:20,11018.01,0,0,0,0,0,0
BS1000.BSE_IDX,01/07/2025,11:38:27,11018.21,0,0,0,0,0,0
BS1000.BSE_IDX,01/07/2025,11:38:35,11018.53,0,0,0,0,0,0
BS1000.BSE_IDX,01/07/2025,11:38:43,11018.26,0,0,0,0,0,0
BS1000.BSE_IDX,01/07/2025,11:38:51,11018.35,0,0,0,0,0,0
BS1000.BSE_IDX,01/07/2025,11:38:59,11018.06,0,0,0,0,0,0
BS1000.BSE_IDX,01/07/2025,11:39:07,11018.22,0,0,0,0,0,0
BS1000.BSE_IDX,01/07/2025,11:39:16,11018.48,0,0,0,0,0,0
BS1000.BSE_IDX,01/07/2025,11:39:24,11018.96,0,0,0,0,0,0
BS1000.BSE_IDX,01/07/2025,11:39:31,11019.17,0,0,0,0,0,0
BS1000.BSE_IDX,01/07/2025,11:39:39,11018.5,0,0,0,0,0,0
BS1000.BSE_IDX,01/07/2025,11:39:48,11018.62,0,0,0,0,0,0
BS1000.BSE_IDX,01/07/2025,11:39:55,11018.51,0,0,0,0,0,0
BS1000.BSE_IDX,01/07/2025,11:40:03,11019.07,0,0,0,0,0,0
BS1000.BSE_IDX,01/07/2025,11:40:12,11019.42,0,0,0,0,0,0
BS1000.BSE_IDX,01/07/2025,11:40:20,11019.29,0,0,0,0,0,0
BS1000.BSE_IDX,01/07/2025,11:40:28,11019.39,0,0,0,0,0,0
BS1000.BSE_IDX,01/07/2025,11:40:36,11019.25,0,0,0,0,0,0
BS1000.BSE_IDX,01/07/2025,11:40:44,11019.46,0,0,0,0,0,0
BS1000.BSE_IDX,01/07/2025,11:40:52,11019.27,0,0,0,0,0,0
BS1000.BSE_IDX,01/07/2025,11:41:00,11019.74,0,0,0,0,0,0
BS1000.BSE_IDX,01/07/2025,11:41:07,11019.52,0,0,0,0,0,0
BS1000.BSE_IDX,01/07/2025,11:41:16,11019.38,0,0,0,0,0,0
BS1000.BSE_IDX,01/07/2025,11:41:24,11019.71,0,0,0,0,0,0
BS1000.BSE_IDX,01/07/2025,11:41:32,11019.6,0,0,0,0,0,0
BS1000.BSE_IDX,01/07/2025,11:41:40,11020.06,0,0,0,0,0,0
BS1000.BSE_IDX,01/07/2025,11:41:48,11019.55,0,0,0,0,0,0
BS1000.BSE_IDX,01/07/2025,11:41:56,11019.07,0,0,0,0,0,0
BS1000.BSE_IDX,01/07/2025,11:42:04,11019.83,0,0,0,0,0,0
BS1000.BSE_IDX,01/07/2025,11:42:12,11019.84,0,0,0,0,0,0
BS1000.BSE_IDX,01/07/2025,11:42:20,11019.73,0,0,0,0,0,0
BS1000.BSE_IDX,01/07/2025,11:42:28,11019.89,0,0,0,0,0,0
BS1000.BSE_IDX,01/07/2025,11:42:36,11020.44,0,0,0,0,0,0
BS1000.BSE_IDX,01/07/2025,11:42:44,11020.73,0,0,0,0,0,0
BS1000.BSE_IDX,01/07/2025,11:42:52,11021.06,0,0,0,0,0,0
BS1000.BSE_IDX,01/07/2025,11:43:00,11020.85,0,0,0,0,0,0
BS1000.BSE_IDX,01/07/2025,11:43:08,11020.59,0,0,0,0,0,0
BS1000.BSE_IDX,01/07/2025,11:43:16,11020.98,0,0,0,0,0,0
BS1000.BSE_IDX,01/07/2025,11:43:24,11021.18,0,0,0,0,0,0
BS1000.BSE_IDX,01/07/2025,11:43:32,11020.87,0,0,0,0,0,0
BS1000.BSE_IDX,01/07/2025,11:43:40,11020.48,0,0,0,0,0,0
BS1000.BSE_IDX,01/07/2025,11:43:48,11020.58,0,0,0,0,0,0
BS1000.BSE_IDX,01/07/2025,11:43:56,11020.11,0,0,0,0,0,0
BS1000.BSE_IDX,01/07/2025,11:44:04,11020.47,0,0,0,0,0,0
BS1000.BSE_IDX,01/07/2025,11:44:12,11020.79,0,0,0,0,0,0
BS1000.BSE_IDX,01/07/2025,11:44:20,11020.71,0,0,0,0,0,0
BS1000.BSE_IDX,01/07/2025,11:44:28,11020.06,0,0,0,0,0,0
BS1000.BSE_IDX,01/07/2025,11:44:36,11018.36,0,0,0,0,0,0
BS1000.BSE_IDX,01/07/2025,11:44:44,11018.09,0,0,0,0,0,0
BS1000.BSE_IDX,01/07/2025,11:44:52,11017.56,0,0,0,0,0,0
BS1000.BSE_IDX,01/07/2025,11:45:00,11017.1,0,0,0,0,0,0
BS1000.BSE_IDX,01/07/2025,11:45:08,11018.33,0,0,0,0,0,0
BS1000.BSE_IDX,01/07/2025,11:45:16,11018.38,0,0,0,0,0,0
BS1000.BSE_IDX,01/07/2025,11:45:24,11018.75,0,0,0,0,0,0
BS1000.BSE_IDX,01/07/2025,11:45:32,11018.83,0,0,0,0,0,0
BS1000.BSE_IDX,01/07/2025,11:45:40,11019.67,0,0,0,0,0,0
BS1000.BSE_IDX,01/07/2025,11:45:48,11019.74,0,0,0,0,0,0
BS1000.BSE_IDX,01/07/2025,11:45:56,11020.42,0,0,0,0,0,0
BS1000.BSE_IDX,01/07/2025,11:46:04,11021.89,0,0,0,0,0,0
BS1000.BSE_IDX,01/07/2025,11:46:12,11022.79,0,0,0,0,0,0
BS1000.BSE_IDX,01/07/2025,11:46:20,11021.99,0,0,0,0,0,0
BS1000.BSE_IDX,01/07/2025,11:46:28,11021.65,0,0,0,0,0,0
BS1000.BSE_IDX,01/07/2025,11:46:36,11021.81,0,0,0,0,0,0
BS1000.BSE_IDX,01/07/2025,11:46:44,11021.5,0,0,0,0,0,0
BS1000.BSE_IDX,01/07/2025,11:46:52,11021.74,0,0,0,0,0,0
BS1000.BSE_IDX,01/07/2025,11:47:00,11021.45,0,0,0,0,0,0
BS1000.BSE_IDX,01/07/2025,11:47:08,11021.29,0,0,0,0,0,0
BS1000.BSE_IDX,01/07/2025,11:47:16,11020.31,0,0,0,0,0,0
BS1000.BSE_IDX,01/07/2025,11:47:24,11019.98,0,0,0,0,0,0
BS1000.BSE_IDX,01/07/2025,11:47:32,11020.08,0,0,0,0,0,0
BS1000.BSE_IDX,01/07/2025,11:47:40,11020.16,0,0,0,0,0,0
BS1000.BSE_IDX,01/07/2025,11:47:48,11020.08,0,0,0,0,0,0
BS1000.BSE_IDX,01/07/2025,11:47:56,11019.09,0,0,0,0,0,0
BS1000.BSE_IDX,01/07/2025,11:48:04,11019.03,0,0,0,0,0,0
BS1000.BSE_IDX,01/07/2025,11:48:12,11019.21,0,0,0,0,0,0
BS1000.BSE_IDX,01/07/2025,11:48:20,11019.85,0,0,0,0,0,0
BS1000.BSE_IDX,01/07/2025,11:48:28,11020.04,0,0,0,0,0,0
BS1000.BSE_IDX,01/07/2025,11:48:36,11019.9,0,0,0,0,0,0
BS1000.BSE_IDX,01/07/2025,11:48:44,11020.33,0,0,0,0,0,0
BS1000.BSE_IDX,01/07/2025,11:48:52,11020.34,0,0,0,0,0,0
BS1000.BSE_IDX,01/07/2025,11:49:01,11020.16,0,0,0,0,0,0
BS1000.BSE_IDX,01/07/2025,11:49:09,11020.16,0,0,0,0,0,0
BS1000.BSE_IDX,01/07/2025,11:49:16,11020.28,0,0,0,0,0,0
BS1000.BSE_IDX,01/07/2025,11:49:24,11020.1,0,0,0,0,0,0
BS1000.BSE_IDX,01/07/2025,11:49:32,11020.05,0,0,0,0,0,0
BS1000.BSE_IDX,01/07/2025,11:49:40,11019.99,0,0,0,0,0,0
BS1000.BSE_IDX,01/07/2025,11:49:49,11019.39,0,0,0,0,0,0
BS1000.BSE_IDX,01/07/2025,11:49:56,11019.41,0,0,0,0,0,0
BS1000.BSE_IDX,01/07/2025,11:50:04,11019.39,0,0,0,0,0,0
BS1000.BSE_IDX,01/07/2025,11:50:12,11018.9,0,0,0,0,0,0
BS1000.BSE_IDX,01/07/2025,11:50:20,11018.73,0,0,0,0,0,0
BS1000.BSE_IDX,01/07/2025,11:50:28,11019.03,0,0,0,0,0,0
BS1000.BSE_IDX,01/07/2025,11:50:36,11018.96,0,0,0,0,0,0
BS1000.BSE_IDX,01/07/2025,11:50:44,11018.86,0,0,0,0,0,0
BS1000.BSE_IDX,01/07/2025,11:50:52,11018.69,0,0,0,0,0,0
BS1000.BSE_IDX,01/07/2025,11:51:00,11018.58,0,0,0,0,0,0
BS1000.BSE_IDX,01/07/2025,11:51:08,11019.09,0,0,0,0,0,0
BS1000.BSE_IDX,01/07/2025,11:51:16,11019.14,0,0,0,0,0,0
BS1000.BSE_IDX,01/07/2025,11:51:24,11018.31,0,0,0,0,0,0
BS1000.BSE_IDX,01/07/2025,11:51:32,11018.51,0,0,0,0,0,0
BS1000.BSE_IDX,01/07/2025,11:51:40,11018.7,0,0,0,0,0,0
BS1000.BSE_IDX,01/07/2025,11:51:48,11018.96,0,0,0,0,0,0
BS1000.BSE_IDX,01/07/2025,11:51:56,11019.02,0,0,0,0,0,0
BS1000.BSE_IDX,01/07/2025,11:52:04,11018.95,0,0,0,0,0,0
BS1000.BSE_IDX,01/07/2025,11:52:12,11018.38,0,0,0,0,0,0
BS1000.BSE_IDX,01/07/2025,11:52:20,11018.37,0,0,0,0,0,0
BS1000.BSE_IDX,01/07/2025,11:52:28,11018.7,0,0,0,0,0,0
BS1000.BSE_IDX,01/07/2025,11:52:36,11018.38,0,0,0,0,0,0
BS1000.BSE_IDX,01/07/2025,11:52:44,11018.08,0,0,0,0,0,0
BS1000.BSE_IDX,01/07/2025,11:52:52,11017.85,0,0,0,0,0,0
BS1000.BSE_IDX,01/07/2025,11:53:00,11017.11,0,0,0,0,0,0
BS1000.BSE_IDX,01/07/2025,11:53:08,11016.67,0,0,0,0,0,0
BS1000.BSE_IDX,01/07/2025,11:53:16,11016.2,0,0,0,0,0,0
BS1000.BSE_IDX,01/07/2025,11:53:24,11015.89,0,0,0,0,0,0
BS1000.BSE_IDX,01/07/2025,11:53:32,11015.68,0,0,0,0,0,0
BS1000.BSE_IDX,01/07/2025,11:53:40,11016,0,0,0,0,0,0
BS1000.BSE_IDX,01/07/2025,11:53:48,11015.57,0,0,0,0,0,0
BS1000.BSE_IDX,01/07/2025,11:53:56,11015.14,0,0,0,0,0,0
BS1000.BSE_IDX,01/07/2025,11:54:04,11014.44,0,0,0,0,0,0
BS1000.BSE_IDX,01/07/2025,11:54:12,11013.14,0,0,0,0,0,0
BS1000.BSE_IDX,01/07/2025,11:54:20,11013,0,0,0,0,0,0
BS1000.BSE_IDX,01/07/2025,11:54:28,11013.16,0,0,0,0,0,0
BS1000.BSE_IDX,01/07/2025,11:54:36,11013,0,0,0,0,0,0
BS1000.BSE_IDX,01/07/2025,11:54:44,11012.9,0,0,0,0,0,0
BS1000.BSE_IDX,01/07/2025,11:54:52,11012.64,0,0,0,0,0,0
BS1000.BSE_IDX,01/07/2025,11:55:00,11012.61,0,0,0,0,0,0
BS1000.BSE_IDX,01/07/2025,11:55:08,11012.84,0,0,0,0,0,0
BS1000.BSE_IDX,01/07/2025,11:55:17,11012.61,0,0,0,0,0,0
BS1000.BSE_IDX,01/07/2025,11:55:24,11012.72,0,0,0,0,0,0
BS1000.BSE_IDX,01/07/2025,11:55:32,11012.63,0,0,0,0,0,0
BS1000.BSE_IDX,01/07/2025,11:55:40,11012.7,0,0,0,0,0,0
BS1000.BSE_IDX,01/07/2025,11:55:48,11012.3,0,0,0,0,0,0
BS1000.BSE_IDX,01/07/2025,11:55:56,11012.42,0,0,0,0,0,0
BS1000.BSE_IDX,01/07/2025,11:56:05,11012.44,0,0,0,0,0,0
BS1000.BSE_IDX,01/07/2025,11:56:12,11011.93,0,0,0,0,0,0
BS1000.BSE_IDX,01/07/2025,11:56:20,11009.94,0,0,0,0,0,0
BS1000.BSE_IDX,01/07/2025,11:56:28,11009.19,0,0,0,0,0,0
BS1000.BSE_IDX,01/07/2025,11:56:36,11009.26,0,0,0,0,0,0
BS1000.BSE_IDX,01/07/2025,11:56:44,11010.33,0,0,0,0,0,0
BS1000.BSE_IDX,01/07/2025,11:56:52,11009.43,0,0,0,0,0,0
BS1000.BSE_IDX,01/07/2025,11:57:00,11009.42,0,0,0,0,0,0
BS1000.BSE_IDX,01/07/2025,11:57:08,11008.96,0,0,0,0,0,0
BS1000.BSE_IDX,01/07/2025,11:57:16,11009.17,0,0,0,0,0,0
BS1000.BSE_IDX,01/07/2025,11:57:24,11009.42,0,0,0,0,0,0
BS1000.BSE_IDX,01/07/2025,11:57:32,11009.37,0,0,0,0,0,0
BS1000.BSE_IDX,01/07/2025,11:57:40,11009.21,0,0,0,0,0,0
BS1000.BSE_IDX,01/07/2025,11:57:48,11009.31,0,0,0,0,0,0
BS1000.BSE_IDX,01/07/2025,11:57:56,11009.25,0,0,0,0,0,0
BS1000.BSE_IDX,01/07/2025,11:58:04,11009.13,0,0,0,0,0,0
BS1000.BSE_IDX,01/07/2025,11:58:12,11009.05,0,0,0,0,0,0
BS1000.BSE_IDX,01/07/2025,11:58:20,11008.96,0,0,0,0,0,0
BS1000.BSE_IDX,01/07/2025,11:58:28,11008.81,0,0,0,0,0,0
BS1000.BSE_IDX,01/07/2025,11:58:36,11009.26,0,0,0,0,0,0
BS1000.BSE_IDX,01/07/2025,11:58:44,11009.75,0,0,0,0,0,0
BS1000.BSE_IDX,01/07/2025,11:58:52,11009.91,0,0,0,0,0,0
BS1000.BSE_IDX,01/07/2025,11:59:00,11009.59,0,0,0,0,0,0
BS1000.BSE_IDX,01/07/2025,11:59:08,11010.15,0,0,0,0,0,0
BS1000.BSE_IDX,01/07/2025,11:59:16,11010.18,0,0,0,0,0,0
BS1000.BSE_IDX,01/07/2025,11:59:24,11010.75,0,0,0,0,0,0
BS1000.BSE_IDX,01/07/2025,11:59:32,11011.59,0,0,0,0,0,0
BS1000.BSE_IDX,01/07/2025,11:59:40,11011.95,0,0,0,0,0,0
BS1000.BSE_IDX,01/07/2025,11:59:48,11012.39,0,0,0,0,0,0
BS1000.BSE_IDX,01/07/2025,11:59:56,11012.51,0,0,0,0,0,0
BS1000.BSE_IDX,01/07/2025,12:00:05,11012.9,0,0,0,0,0,0
BS1000.BSE_IDX,01/07/2025,12:00:12,11012.75,0,0,0,0,0,0
BS1000.BSE_IDX,01/07/2025,12:00:20,11012.18,0,0,0,0,0,0
BS1000.BSE_IDX,01/07/2025,12:00:28,11011.9,0,0,0,0,0,0
BS1000.BSE_IDX,01/07/2025,12:00:37,11011.81,0,0,0,0,0,0
BS1000.BSE_IDX,01/07/2025,12:00:44,11011.42,0,0,0,0,0,0
BS1000.BSE_IDX,01/07/2025,12:00:52,11011.71,0,0,0,0,0,0
BS1000.BSE_IDX,01/07/2025,12:01:00,11011.83,0,0,0,0,0,0
BS1000.BSE_IDX,01/07/2025,12:01:08,11011.84,0,0,0,0,0,0
BS1000.BSE_IDX,01/07/2025,12:01:16,11012.16,0,0,0,0,0,0
BS1000.BSE_IDX,01/07/2025,12:01:24,11012.44,0,0,0,0,0,0
BS1000.BSE_IDX,01/07/2025,12:01:32,11012.47,0,0,0,0,0,0
BS1000.BSE_IDX,01/07/2025,12:01:40,11012.57,0,0,0,0,0,0
BS1000.BSE_IDX,01/07/2025,12:01:48,11012.42,0,0,0,0,0,0
BS1000.BSE_IDX,01/07/2025,12:01:57,11012.22,0,0,0,0,0,0
BS1000.BSE_IDX,01/07/2025,12:02:04,11012.45,0,0,0,0,0,0
BS1000.BSE_IDX,01/07/2025,12:02:12,11012.67,0,0,0,0,0,0
BS1000.BSE_IDX,01/07/2025,12:02:20,11012.49,0,0,0,0,0,0
BS1000.BSE_IDX,01/07/2025,12:02:28,11012.05,0,0,0,0,0,0
BS1000.BSE_IDX,01/07/2025,12:02:36,11012.27,0,0,0,0,0,0
BS1000.BSE_IDX,01/07/2025,12:02:44,11012.36,0,0,0,0,0,0
BS1000.BSE_IDX,01/07/2025,12:02:52,11012.82,0,0,0,0,0,0
BS1000.BSE_IDX,01/07/2025,12:03:00,11012.7,0,0,0,0,0,0
BS1000.BSE_IDX,01/07/2025,12:03:08,11012.44,0,0,0,0,0,0
BS1000.BSE_IDX,01/07/2025,12:03:17,11012.62,0,0,0,0,0,0
BS1000.BSE_IDX,01/07/2025,12:03:24,11012.48,0,0,0,0,0,0
BS1000.BSE_IDX,01/07/2025,12:03:32,11012.8,0,0,0,0,0,0
BS1000.BSE_IDX,01/07/2025,12:03:40,11012.92,0,0,0,0,0,0
BS1000.BSE_IDX,01/07/2025,12:03:48,11012.62,0,0,0,0,0,0
BS1000.BSE_IDX,01/07/2025,12:03:56,11012.42,0,0,0,0,0,0
BS1000.BSE_IDX,01/07/2025,12:04:04,11012.66,0,0,0,0,0,0
BS1000.BSE_IDX,01/07/2025,12:04:12,11012.59,0,0,0,0,0,0
BS1000.BSE_IDX,01/07/2025,12:04:20,11012.42,0,0,0,0,0,0
BS1000.BSE_IDX,01/07/2025,12:04:28,11012.96,0,0,0,0,0,0
BS1000.BSE_IDX,01/07/2025,12:04:36,11013.21,0,0,0,0,0,0
BS1000.BSE_IDX,01/07/2025,12:04:44,11013.07,0,0,0,0,0,0
BS1000.BSE_IDX,01/07/2025,12:04:52,11012.82,0,0,0,0,0,0
BS1000.BSE_IDX,01/07/2025,12:05:01,11012.55,0,0,0,0,0,0
BS1000.BSE_IDX,01/07/2025,12:05:08,11012.58,0,0,0,0,0,0
BS1000.BSE_IDX,01/07/2025,12:05:16,11012.96,0,0,0,0,0,0
BS1000.BSE_IDX,01/07/2025,12:05:24,11012.57,0,0,0,0,0,0
BS1000.BSE_IDX,01/07/2025,12:05:32,11012.1,0,0,0,0,0,0
BS1000.BSE_IDX,01/07/2025,12:05:40,11012.4,0,0,0,0,0,0
BS1000.BSE_IDX,01/07/2025,12:05:48,11011.77,0,0,0,0,0,0
BS1000.BSE_IDX,01/07/2025,12:05:56,11012.31,0,0,0,0,0,0
BS1000.BSE_IDX,01/07/2025,12:06:04,11012.55,0,0,0,0,0,0
BS1000.BSE_IDX,01/07/2025,12:06:12,11012.9,0,0,0,0,0,0
BS1000.BSE_IDX,01/07/2025,12:06:20,11013.08,0,0,0,0,0,0
BS1000.BSE_IDX,01/07/2025,12:06:28,11012.72,0,0,0,0,0,0
BS1000.BSE_IDX,01/07/2025,12:06:36,11012.21,0,0,0,0,0,0
BS1000.BSE_IDX,01/07/2025,12:06:44,11012.54,0,0,0,0,0,0
BS1000.BSE_IDX,01/07/2025,12:06:53,11012.2,0,0,0,0,0,0
BS1000.BSE_IDX,01/07/2025,12:07:00,11011.71,0,0,0,0,0,0
BS1000.BSE_IDX,01/07/2025,12:07:08,11011.76,0,0,0,0,0,0
BS1000.BSE_IDX,01/07/2025,12:07:17,11011.86,0,0,0,0,0,0
BS1000.BSE_IDX,01/07/2025,12:07:24,11011.6,0,0,0,0,0,0
BS1000.BSE_IDX,01/07/2025,12:07:33,11011.39,0,0,0,0,0,0
BS1000.BSE_IDX,01/07/2025,12:07:40,11011.4,0,0,0,0,0,0
BS1000.BSE_IDX,01/07/2025,12:07:49,11011.72,0,0,0,0,0,0
BS1000.BSE_IDX,01/07/2025,12:07:57,11011.37,0,0,0,0,0,0
BS1000.BSE_IDX,01/07/2025,12:08:05,11011.64,0,0,0,0,0,0
BS1000.BSE_IDX,01/07/2025,12:08:13,11011.68,0,0,0,0,0,0
BS1000.BSE_IDX,01/07/2025,12:08:21,11011.1,0,0,0,0,0,0
BS1000.BSE_IDX,01/07/2025,12:08:28,11010.97,0,0,0,0,0,0
BS1000.BSE_IDX,01/07/2025,12:08:36,11010.84,0,0,0,0,0,0
BS1000.BSE_IDX,01/07/2025,12:08:45,11011.23,0,0,0,0,0,0
BS1000.BSE_IDX,01/07/2025,12:08:52,11011.81,0,0,0,0,0,0
BS1000.BSE_IDX,01/07/2025,12:09:00,11011.82,0,0,0,0,0,0
BS1000.BSE_IDX,01/07/2025,12:09:08,11011.87,0,0,0,0,0,0
BS1000.BSE_IDX,01/07/2025,12:09:16,11012.32,0,0,0,0,0,0
BS1000.BSE_IDX,01/07/2025,12:09:25,11012.03,0,0,0,0,0,0
BS1000.BSE_IDX,01/07/2025,12:09:32,11012.22,0,0,0,0,0,0
BS1000.BSE_IDX,01/07/2025,12:09:40,11012.77,0,0,0,0,0,0
BS1000.BSE_IDX,01/07/2025,12:09:48,11012.67,0,0,0,0,0,0
BS1000.BSE_IDX,01/07/2025,12:09:57,11012.93,0,0,0,0,0,0
BS1000.BSE_IDX,01/07/2025,12:10:05,11012.53,0,0,0,0,0,0
BS1000.BSE_IDX,01/07/2025,12:10:13,11012.22,0,0,0,0,0,0
BS1000.BSE_IDX,01/07/2025,12:10:22,11012.96,0,0,0,0,0,0
BS1000.BSE_IDX,01/07/2025,12:10:28,11012.91,0,0,0,0,0,0
BS1000.BSE_IDX,01/07/2025,12:10:36,11012.7,0,0,0,0,0,0
BS1000.BSE_IDX,01/07/2025,12:10:45,11012.53,0,0,0,0,0,0
BS1000.BSE_IDX,01/07/2025,12:10:52,11012.76,0,0,0,0,0,0
BS1000.BSE_IDX,01/07/2025,12:11:00,11012.71,0,0,0,0,0,0
BS1000.BSE_IDX,01/07/2025,12:11:08,11012.9,0,0,0,0,0,0
BS1000.BSE_IDX,01/07/2025,12:11:17,11012.91,0,0,0,0,0,0
BS1000.BSE_IDX,01/07/2025,12:11:24,11013.13,0,0,0,0,0,0
BS1000.BSE_IDX,01/07/2025,12:11:32,11013.01,0,0,0,0,0,0
BS1000.BSE_IDX,01/07/2025,12:11:41,11013.28,0,0,0,0,0,0
BS1000.BSE_IDX,01/07/2025,12:11:49,11014.23,0,0,0,0,0,0
BS1000.BSE_IDX,01/07/2025,12:11:57,11014.7,0,0,0,0,0,0
BS1000.BSE_IDX,01/07/2025,12:12:05,11015.06,0,0,0,0,0,0
BS1000.BSE_IDX,01/07/2025,12:12:13,11015.42,0,0,0,0,0,0
BS1000.BSE_IDX,01/07/2025,12:12:21,11015.97,0,0,0,0,0,0
BS1000.BSE_IDX,01/07/2025,12:12:29,11015.84,0,0,0,0,0,0
BS1000.BSE_IDX,01/07/2025,12:12:37,11016.24,0,0,0,0,0,0
BS1000.BSE_IDX,01/07/2025,12:12:45,11016.16,0,0,0,0,0,0
BS1000.BSE_IDX,01/07/2025,12:12:53,11015.65,0,0,0,0,0,0
BS1000.BSE_IDX,01/07/2025,12:13:01,11015.94,0,0,0,0,0,0
BS1000.BSE_IDX,01/07/2025,12:13:09,11016.1,0,0,0,0,0,0
BS1000.BSE_IDX,01/07/2025,12:13:17,11016.23,0,0,0,0,0,0
BS1000.BSE_IDX,01/07/2025,12:13:25,11016.4,0,0,0,0,0,0
BS1000.BSE_IDX,01/07/2025,12:13:33,11016.57,0,0,0,0,0,0
BS1000.BSE_IDX,01/07/2025,12:13:41,11017.07,0,0,0,0,0,0
BS1000.BSE_IDX,01/07/2025,12:13:49,11016.73,0,0,0,0,0,0
BS1000.BSE_IDX,01/07/2025,12:13:57,11016.75,0,0,0,0,0,0
BS1000.BSE_IDX,01/07/2025,12:14:05,11016.82,0,0,0,0,0,0
BS1000.BSE_IDX,01/07/2025,12:14:13,11016.8,0,0,0,0,0,0
BS1000.BSE_IDX,01/07/2025,12:14:21,11017.17,0,0,0,0,0,0
BS1000.BSE_IDX,01/07/2025,12:14:29,11017.09,0,0,0,0,0,0
BS1000.BSE_IDX,01/07/2025,12:14:37,11017.03,0,0,0,0,0,0
BS1000.BSE_IDX,01/07/2025,12:14:46,11017.24,0,0,0,0,0,0
BS1000.BSE_IDX,01/07/2025,12:14:54,11016.88,0,0,0,0,0,0
BS1000.BSE_IDX,01/07/2025,12:15:01,11016.98,0,0,0,0,0,0
BS1000.BSE_IDX,01/07/2025,12:15:09,11017.04,0,0,0,0,0,0
BS1000.BSE_IDX,01/07/2025,12:15:17,11017.56,0,0,0,0,0,0
BS1000.BSE_IDX,01/07/2025,12:15:25,11017.58,0,0,0,0,0,0
BS1000.BSE_IDX,01/07/2025,12:15:33,11017.43,0,0,0,0,0,0
BS1000.BSE_IDX,01/07/2025,12:15:41,11017.28,0,0,0,0,0,0
BS1000.BSE_IDX,01/07/2025,12:15:49,11017.09,0,0,0,0,0,0
BS1000.BSE_IDX,01/07/2025,12:15:57,11017.57,0,0,0,0,0,0
BS1000.BSE_IDX,01/07/2025,12:16:05,11017.46,0,0,0,0,0,0
BS1000.BSE_IDX,01/07/2025,12:16:13,11017.72,0,0,0,0,0,0
BS1000.BSE_IDX,01/07/2025,12:16:21,11018,0,0,0,0,0,0
BS1000.BSE_IDX,01/07/2025,12:16:29,11018.48,0,0,0,0,0,0
BS1000.BSE_IDX,01/07/2025,12:16:37,11018.73,0,0,0,0,0,0
BS1000.BSE_IDX,01/07/2025,12:16:45,11018.55,0,0,0,0,0,0
BS1000.BSE_IDX,01/07/2025,12:16:53,11017.91,0,0,0,0,0,0
BS1000.BSE_IDX,01/07/2025,12:17:01,11017.72,0,0,0,0,0,0
BS1000.BSE_IDX,01/07/2025,12:17:09,11018.1,0,0,0,0,0,0
BS1000.BSE_IDX,01/07/2025,12:17:17,11018.73,0,0,0,0,0,0
BS1000.BSE_IDX,01/07/2025,12:17:25,11018.09,0,0,0,0,0,0
BS1000.BSE_IDX,01/07/2025,12:17:33,11018.57,0,0,0,0,0,0
BS1000.BSE_IDX,01/07/2025,12:17:41,11018.52,0,0,0,0,0,0
BS1000.BSE_IDX,01/07/2025,12:17:49,11018.71,0,0,0,0,0,0
BS1000.BSE_IDX,01/07/2025,12:17:57,11018.85,0,0,0,0,0,0
BS1000.BSE_IDX,01/07/2025,12:18:05,11019.41,0,0,0,0,0,0
BS1000.BSE_IDX,01/07/2025,12:18:13,11019.58,0,0,0,0,0,0
BS1000.BSE_IDX,01/07/2025,12:18:21,11019.49,0,0,0,0,0,0
BS1000.BSE_IDX,01/07/2025,12:18:29,11019.82,0,0,0,0,0,0
BS1000.BSE_IDX,01/07/2025,12:18:37,11019.86,0,0,0,0,0,0
BS1000.BSE_IDX,01/07/2025,12:18:45,11020.14,0,0,0,0,0,0
BS1000.BSE_IDX,01/07/2025,12:18:53,11020.38,0,0,0,0,0,0
BS1000.BSE_IDX,01/07/2025,12:19:01,11020.9,0,0,0,0,0,0
BS1000.BSE_IDX,01/07/2025,12:19:09,11021.34,0,0,0,0,0,0
BS1000.BSE_IDX,01/07/2025,12:19:17,11021.25,0,0,0,0,0,0
BS1000.BSE_IDX,01/07/2025,12:19:25,11021.6,0,0,0,0,0,0
BS1000.BSE_IDX,01/07/2025,12:19:33,11022.03,0,0,0,0,0,0
BS1000.BSE_IDX,01/07/2025,12:19:41,11022.72,0,0,0,0,0,0
BS1000.BSE_IDX,01/07/2025,12:19:49,11023.19,0,0,0,0,0,0
BS1000.BSE_IDX,01/07/2025,12:19:57,11023.39,0,0,0,0,0,0
BS1000.BSE_IDX,01/07/2025,12:20:05,11023.97,0,0,0,0,0,0
BS1000.BSE_IDX,01/07/2025,12:20:13,11023.53,0,0,0,0,0,0
BS1000.BSE_IDX,01/07/2025,12:20:21,11024.76,0,0,0,0,0,0
BS1000.BSE_IDX,01/07/2025,12:20:29,11026.01,0,0,0,0,0,0
BS1000.BSE_IDX,01/07/2025,12:20:37,11026.4,0,0,0,0,0,0
BS1000.BSE_IDX,01/07/2025,12:20:45,11025.72,0,0,0,0,0,0
BS1000.BSE_IDX,01/07/2025,12:20:53,11026.17,0,0,0,0,0,0
BS1000.BSE_IDX,01/07/2025,12:21:01,11026.2,0,0,0,0,0,0
BS1000.BSE_IDX,01/07/2025,12:21:09,11026.12,0,0,0,0,0,0
BS1000.BSE_IDX,01/07/2025,12:21:17,11025.23,0,0,0,0,0,0
BS1000.BSE_IDX,01/07/2025,12:21:25,11025.41,0,0,0,0,0,0
BS1000.BSE_IDX,01/07/2025,12:21:33,11025.64,0,0,0,0,0,0
BS1000.BSE_IDX,01/07/2025,12:21:41,11026.58,0,0,0,0,0,0
BS1000.BSE_IDX,01/07/2025,12:21:49,11027.14,0,0,0,0,0,0
BS1000.BSE_IDX,01/07/2025,12:21:57,11027.3,0,0,0,0,0,0
BS1000.BSE_IDX,01/07/2025,12:22:05,11028.01,0,0,0,0,0,0
BS1000.BSE_IDX,01/07/2025,12:22:13,11027.82,0,0,0,0,0,0
BS1000.BSE_IDX,01/07/2025,12:22:21,11027.76,0,0,0,0,0,0
BS1000.BSE_IDX,01/07/2025,12:22:29,11027.57,0,0,0,0,0,0
BS1000.BSE_IDX,01/07/2025,12:22:37,11027.06,0,0,0,0,0,0
BS1000.BSE_IDX,01/07/2025,12:22:45,11026.86,0,0,0,0,0,0
BS1000.BSE_IDX,01/07/2025,12:22:53,11026.93,0,0,0,0,0,0
BS1000.BSE_IDX,01/07/2025,12:23:02,11027.32,0,0,0,0,0,0
BS1000.BSE_IDX,01/07/2025,12:23:09,11027.39,0,0,0,0,0,0
BS1000.BSE_IDX,01/07/2025,12:23:17,11027.24,0,0,0,0,0,0
BS1000.BSE_IDX,01/07/2025,12:23:25,11027.09,0,0,0,0,0,0
BS1000.BSE_IDX,01/07/2025,12:23:33,11026.83,0,0,0,0,0,0
BS1000.BSE_IDX,01/07/2025,12:23:41,11027.18,0,0,0,0,0,0
BS1000.BSE_IDX,01/07/2025,12:23:49,11027.45,0,0,0,0,0,0
BS1000.BSE_IDX,01/07/2025,12:23:57,11027.57,0,0,0,0,0,0
BS1000.BSE_IDX,01/07/2025,12:24:05,11027.71,0,0,0,0,0,0
BS1000.BSE_IDX,01/07/2025,12:24:13,11028.06,0,0,0,0,0,0
BS1000.BSE_IDX,01/07/2025,12:24:21,11028.53,0,0,0,0,0,0
BS1000.BSE_IDX,01/07/2025,12:24:29,11028.35,0,0,0,0,0,0
BS1000.BSE_IDX,01/07/2025,12:24:37,11028.33,0,0,0,0,0,0
BS1000.BSE_IDX,01/07/2025,12:24:45,11028.63,0,0,0,0,0,0
BS1000.BSE_IDX,01/07/2025,12:24:53,11028.37,0,0,0,0,0,0
BS1000.BSE_IDX,01/07/2025,12:25:01,11028.59,0,0,0,0,0,0
BS1000.BSE_IDX,01/07/2025,12:25:09,11028.62,0,0,0,0,0,0
BS1000.BSE_IDX,01/07/2025,12:25:17,11028.6,0,0,0,0,0,0
BS1000.BSE_IDX,01/07/2025,12:25:25,11028.91,0,0,0,0,0,0
BS1000.BSE_IDX,01/07/2025,12:25:33,11029.35,0,0,0,0,0,0
BS1000.BSE_IDX,01/07/2025,12:25:41,11029.38,0,0,0,0,0,0
BS1000.BSE_IDX,01/07/2025,12:25:49,11029.36,0,0,0,0,0,0
BS1000.BSE_IDX,01/07/2025,12:25:57,11029.8,0,0,0,0,0,0
BS1000.BSE_IDX,01/07/2025,12:26:05,11029.85,0,0,0,0,0,0
BS1000.BSE_IDX,01/07/2025,12:26:13,11029.82,0,0,0,0,0,0
BS1000.BSE_IDX,01/07/2025,12:26:21,11029.67,0,0,0,0,0,0
BS1000.BSE_IDX,01/07/2025,12:26:31,11029.8,0,0,0,0,0,0
BS1000.BSE_IDX,01/07/2025,12:26:37,11030.44,0,0,0,0,0,0
BS1000.BSE_IDX,01/07/2025,12:26:45,11030.49,0,0,0,0,0,0
BS1000.BSE_IDX,01/07/2025,12:26:53,11030.21,0,0,0,0,0,0
BS1000.BSE_IDX,01/07/2025,12:27:01,11029.49,0,0,0,0,0,0
BS1000.BSE_IDX,01/07/2025,12:27:09,11029.27,0,0,0,0,0,0
BS1000.BSE_IDX,01/07/2025,12:27:17,11029.4,0,0,0,0,0,0
BS1000.BSE_IDX,01/07/2025,12:27:25,11029.53,0,0,0,0,0,0
BS1000.BSE_IDX,01/07/2025,12:27:33,11029.15,0,0,0,0,0,0
BS1000.BSE_IDX,01/07/2025,12:27:41,11029.42,0,0,0,0,0,0
BS1000.BSE_IDX,01/07/2025,12:27:49,11029.13,0,0,0,0,0,0
BS1000.BSE_IDX,01/07/2025,12:27:57,11029.14,0,0,0,0,0,0
BS1000.BSE_IDX,01/07/2025,12:28:05,11029.05,0,0,0,0,0,0
BS1000.BSE_IDX,01/07/2025,12:28:13,11029.34,0,0,0,0,0,0
BS1000.BSE_IDX,01/07/2025,12:28:21,11029.02,0,0,0,0,0,0
BS1000.BSE_IDX,01/07/2025,12:28:29,11028.55,0,0,0,0,0,0
BS1000.BSE_IDX,01/07/2025,12:28:37,11028.88,0,0,0,0,0,0
BS1000.BSE_IDX,01/07/2025,12:28:45,11028.07,0,0,0,0,0,0
BS1000.BSE_IDX,01/07/2025,12:28:53,11027.12,0,0,0,0,0,0
BS1000.BSE_IDX,01/07/2025,12:29:01,11026.64,0,0,0,0,0,0
BS1000.BSE_IDX,01/07/2025,12:29:10,11026.23,0,0,0,0,0,0
BS1000.BSE_IDX,01/07/2025,12:29:18,11026.31,0,0,0,0,0,0
BS1000.BSE_IDX,01/07/2025,12:29:25,11026.96,0,0,0,0,0,0
BS1000.BSE_IDX,01/07/2025,12:29:33,11026.6,0,0,0,0,0,0
BS1000.BSE_IDX,01/07/2025,12:29:41,11026.36,0,0,0,0,0,0
BS1000.BSE_IDX,01/07/2025,12:29:49,11026.24,0,0,0,0,0,0
BS1000.BSE_IDX,01/07/2025,12:29:57,11026.54,0,0,0,0,0,0
BS1000.BSE_IDX,01/07/2025,12:30:05,11028.21,0,0,0,0,0,0
BS1000.BSE_IDX,01/07/2025,12:30:13,11028.57,0,0,0,0,0,0
BS1000.BSE_IDX,01/07/2025,12:30:22,11028.34,0,0,0,0,0,0
BS1000.BSE_IDX,01/07/2025,12:30:29,11027.87,0,0,0,0,0,0
BS1000.BSE_IDX,01/07/2025,12:30:37,11027.68,0,0,0,0,0,0
BS1000.BSE_IDX,01/07/2025,12:30:45,11027.86,0,0,0,0,0,0
BS1000.BSE_IDX,01/07/2025,12:30:53,11028.12,0,0,0,0,0,0
BS1000.BSE_IDX,01/07/2025,12:31:01,11028.3,0,0,0,0,0,0
BS1000.BSE_IDX,01/07/2025,12:31:09,11027,0,0,0,0,0,0
BS1000.BSE_IDX,01/07/2025,12:31:17,11026.06,0,0,0,0,0,0
BS1000.BSE_IDX,01/07/2025,12:31:25,11025.84,0,0,0,0,0,0
BS1000.BSE_IDX,01/07/2025,12:31:34,11025.62,0,0,0,0,0,0
BS1000.BSE_IDX,01/07/2025,12:31:41,11025.07,0,0,0,0,0,0
BS1000.BSE_IDX,01/07/2025,12:31:49,11024.85,0,0,0,0,0,0
BS1000.BSE_IDX,01/07/2025,12:31:57,11024.54,0,0,0,0,0,0
BS1000.BSE_IDX,01/07/2025,12:32:05,11024.65,0,0,0,0,0,0
BS1000.BSE_IDX,01/07/2025,12:32:13,11024.87,0,0,0,0,0,0
BS1000.BSE_IDX,01/07/2025,12:32:21,11024.83,0,0,0,0,0,0
BS1000.BSE_IDX,01/07/2025,12:32:29,11025.05,0,0,0,0,0,0
BS1000.BSE_IDX,01/07/2025,12:32:37,11024.78,0,0,0,0,0,0
BS1000.BSE_IDX,01/07/2025,12:32:45,11024.78,0,0,0,0,0,0
BS1000.BSE_IDX,01/07/2025,12:32:53,11024.38,0,0,0,0,0,0
BS1000.BSE_IDX,01/07/2025,12:33:01,11024.58,0,0,0,0,0,0
BS1000.BSE_IDX,01/07/2025,12:33:09,11024.32,0,0,0,0,0,0
BS1000.BSE_IDX,01/07/2025,12:33:17,11024.02,0,0,0,0,0,0
BS1000.BSE_IDX,01/07/2025,12:33:26,11024.12,0,0,0,0,0,0
BS1000.BSE_IDX,01/07/2025,12:33:33,11024.2,0,0,0,0,0,0
BS1000.BSE_IDX,01/07/2025,12:33:41,11024.42,0,0,0,0,0,0
BS1000.BSE_IDX,01/07/2025,12:33:49,11024.23,0,0,0,0,0,0
BS1000.BSE_IDX,01/07/2025,12:33:57,11024.16,0,0,0,0,0,0
BS1000.BSE_IDX,01/07/2025,12:34:05,11024.45,0,0,0,0,0,0
BS1000.BSE_IDX,01/07/2025,12:34:13,11024.87,0,0,0,0,0,0
BS1000.BSE_IDX,01/07/2025,12:34:21,11024.99,0,0,0,0,0,0
BS1000.BSE_IDX,01/07/2025,12:34:29,11025.54,0,0,0,0,0,0
BS1000.BSE_IDX,01/07/2025,12:34:37,11025.52,0,0,0,0,0,0
BS1000.BSE_IDX,01/07/2025,12:34:45,11025.68,0,0,0,0,0,0
BS1000.BSE_IDX,01/07/2025,12:34:53,11026.16,0,0,0,0,0,0
BS1000.BSE_IDX,01/07/2025,12:35:01,11026.53,0,0,0,0,0,0
BS1000.BSE_IDX,01/07/2025,12:35:09,11026.81,0,0,0,0,0,0
BS1000.BSE_IDX,01/07/2025,12:35:17,11027.31,0,0,0,0,0,0
BS1000.BSE_IDX,01/07/2025,12:35:25,11027.73,0,0,0,0,0,0
BS1000.BSE_IDX,01/07/2025,12:35:33,11027.85,0,0,0,0,0,0
BS1000.BSE_IDX,01/07/2025,12:35:41,11027.58,0,0,0,0,0,0
BS1000.BSE_IDX,01/07/2025,12:35:49,11028.47,0,0,0,0,0,0
BS1000.BSE_IDX,01/07/2025,12:35:57,11027.92,0,0,0,0,0,0
BS1000.BSE_IDX,01/07/2025,12:36:05,11028.77,0,0,0,0,0,0
BS1000.BSE_IDX,01/07/2025,12:36:13,11028.94,0,0,0,0,0,0
BS1000.BSE_IDX,01/07/2025,12:36:21,11028.42,0,0,0,0,0,0
BS1000.BSE_IDX,01/07/2025,12:36:29,11028.64,0,0,0,0,0,0
BS1000.BSE_IDX,01/07/2025,12:36:37,11028.73,0,0,0,0,0,0
BS1000.BSE_IDX,01/07/2025,12:36:45,11029.15,0,0,0,0,0,0
BS1000.BSE_IDX,01/07/2025,12:36:53,11029.16,0,0,0,0,0,0
BS1000.BSE_IDX,01/07/2025,12:37:01,11029.42,0,0,0,0,0,0
BS1000.BSE_IDX,01/07/2025,12:37:09,11029.65,0,0,0,0,0,0
BS1000.BSE_IDX,01/07/2025,12:37:17,11029.43,0,0,0,0,0,0
BS1000.BSE_IDX,01/07/2025,12:37:25,11028.75,0,0,0,0,0,0
BS1000.BSE_IDX,01/07/2025,12:37:33,11028.53,0,0,0,0,0,0
BS1000.BSE_IDX,01/07/2025,12:37:41,11027.91,0,0,0,0,0,0
BS1000.BSE_IDX,01/07/2025,12:37:49,11027.66,0,0,0,0,0,0
BS1000.BSE_IDX,01/07/2025,12:37:57,11027.21,0,0,0,0,0,0
BS1000.BSE_IDX,01/07/2025,12:38:05,11027.37,0,0,0,0,0,0
BS1000.BSE_IDX,01/07/2025,12:38:13,11027.36,0,0,0,0,0,0
BS1000.BSE_IDX,01/07/2025,12:38:22,11027.89,0,0,0,0,0,0
BS1000.BSE_IDX,01/07/2025,12:38:29,11027.75,0,0,0,0,0,0
BS1000.BSE_IDX,01/07/2025,12:38:39,11027.9,0,0,0,0,0,0
BS1000.BSE_IDX,01/07/2025,12:38:45,11028,0,0,0,0,0,0
BS1000.BSE_IDX,01/07/2025,12:38:53,11028.45,0,0,0,0,0,0
BS1000.BSE_IDX,01/07/2025,12:39:01,11028.4,0,0,0,0,0,0
BS1000.BSE_IDX,01/07/2025,12:39:10,11027.91,0,0,0,0,0,0
BS1000.BSE_IDX,01/07/2025,12:39:18,11028.42,0,0,0,0,0,0
BS1000.BSE_IDX,01/07/2025,12:39:25,11028.35,0,0,0,0,0,0
BS1000.BSE_IDX,01/07/2025,12:39:34,11028.37,0,0,0,0,0,0
BS1000.BSE_IDX,01/07/2025,12:39:42,11028.8,0,0,0,0,0,0
BS1000.BSE_IDX,01/07/2025,12:39:49,11028.87,0,0,0,0,0,0
BS1000.BSE_IDX,01/07/2025,12:39:57,11028.84,0,0,0,0,0,0
BS1000.BSE_IDX,01/07/2025,12:40:05,11029.26,0,0,0,0,0,0
BS1000.BSE_IDX,01/07/2025,12:40:14,11028.95,0,0,0,0,0,0
BS1000.BSE_IDX,01/07/2025,12:40:21,11029.07,0,0,0,0,0,0
BS1000.BSE_IDX,01/07/2025,12:40:29,11028.85,0,0,0,0,0,0
BS1000.BSE_IDX,01/07/2025,12:40:37,11028.97,0,0,0,0,0,0
BS1000.BSE_IDX,01/07/2025,12:40:45,11028.91,0,0,0,0,0,0
BS1000.BSE_IDX,01/07/2025,12:40:54,11028.96,0,0,0,0,0,0
BS1000.BSE_IDX,01/07/2025,12:41:01,11028.8,0,0,0,0,0,0
BS1000.BSE_IDX,01/07/2025,12:41:09,11028.4,0,0,0,0,0,0
BS1000.BSE_IDX,01/07/2025,12:41:17,11028.44,0,0,0,0,0,0
BS1000.BSE_IDX,01/07/2025,12:41:25,11028.31,0,0,0,0,0,0
BS1000.BSE_IDX,01/07/2025,12:41:33,11028.31,0,0,0,0,0,0
BS1000.BSE_IDX,01/07/2025,12:41:42,11028.62,0,0,0,0,0,0
BS1000.BSE_IDX,01/07/2025,12:41:50,11029.17,0,0,0,0,0,0
BS1000.BSE_IDX,01/07/2025,12:41:58,11029.2,0,0,0,0,0,0
BS1000.BSE_IDX,01/07/2025,12:42:05,11028.95,0,0,0,0,0,0
BS1000.BSE_IDX,01/07/2025,12:42:13,11029.1,0,0,0,0,0,0
BS1000.BSE_IDX,01/07/2025,12:42:21,11029.04,0,0,0,0,0,0
BS1000.BSE_IDX,01/07/2025,12:42:29,11029.59,0,0,0,0,0,0
BS1000.BSE_IDX,01/07/2025,12:42:37,11029.35,0,0,0,0,0,0
BS1000.BSE_IDX,01/07/2025,12:42:46,11029.38,0,0,0,0,0,0
BS1000.BSE_IDX,01/07/2025,12:42:53,11029.41,0,0,0,0,0,0
BS1000.BSE_IDX,01/07/2025,12:43:01,11029.7,0,0,0,0,0,0
BS1000.BSE_IDX,01/07/2025,12:43:10,11029.59,0,0,0,0,0,0
BS1000.BSE_IDX,01/07/2025,12:43:17,11029.6,0,0,0,0,0,0
BS1000.BSE_IDX,01/07/2025,12:43:26,11029.7,0,0,0,0,0,0
BS1000.BSE_IDX,01/07/2025,12:43:34,11029.65,0,0,0,0,0,0
BS1000.BSE_IDX,01/07/2025,12:43:42,11028.89,0,0,0,0,0,0
BS1000.BSE_IDX,01/07/2025,12:43:49,11028.81,0,0,0,0,0,0
BS1000.BSE_IDX,01/07/2025,12:43:58,11028.7,0,0,0,0,0,0
BS1000.BSE_IDX,01/07/2025,12:44:05,11028.76,0,0,0,0,0,0
BS1000.BSE_IDX,01/07/2025,12:44:14,11028.29,0,0,0,0,0,0
BS1000.BSE_IDX,01/07/2025,12:44:22,11027.39,0,0,0,0,0,0
BS1000.BSE_IDX,01/07/2025,12:44:29,11027.06,0,0,0,0,0,0
BS1000.BSE_IDX,01/07/2025,12:44:38,11026.9,0,0,0,0,0,0
BS1000.BSE_IDX,01/07/2025,12:44:46,11027.13,0,0,0,0,0,0
BS1000.BSE_IDX,01/07/2025,12:44:53,11026.76,0,0,0,0,0,0
BS1000.BSE_IDX,01/07/2025,12:45:01,11026.82,0,0,0,0,0,0
BS1000.BSE_IDX,01/07/2025,12:45:11,11026.65,0,0,0,0,0,0
BS1000.BSE_IDX,01/07/2025,12:45:18,11026.28,0,0,0,0,0,0
BS1000.BSE_IDX,01/07/2025,12:45:26,11026.27,0,0,0,0,0,0
BS1000.BSE_IDX,01/07/2025,12:45:34,11026.35,0,0,0,0,0,0
BS1000.BSE_IDX,01/07/2025,12:45:42,11025.95,0,0,0,0,0,0
BS1000.BSE_IDX,01/07/2025,12:45:50,11026.17,0,0,0,0,0,0
BS1000.BSE_IDX,01/07/2025,12:45:58,11025.93,0,0,0,0,0,0
BS1000.BSE_IDX,01/07/2025,12:46:06,11026.07,0,0,0,0,0,0
BS1000.BSE_IDX,01/07/2025,12:46:14,11025.77,0,0,0,0,0,0
BS1000.BSE_IDX,01/07/2025,12:46:22,11025.66,0,0,0,0,0,0
BS1000.BSE_IDX,01/07/2025,12:46:30,11025.11,0,0,0,0,0,0
BS1000.BSE_IDX,01/07/2025,12:46:38,11024.9,0,0,0,0,0,0
BS1000.BSE_IDX,01/07/2025,12:46:46,11025.02,0,0,0,0,0,0
BS1000.BSE_IDX,01/07/2025,12:46:54,11024.37,0,0,0,0,0,0
BS1000.BSE_IDX,01/07/2025,12:47:02,11024.42,0,0,0,0,0,0
BS1000.BSE_IDX,01/07/2025,12:47:10,11024.29,0,0,0,0,0,0
BS1000.BSE_IDX,01/07/2025,12:47:18,11024.36,0,0,0,0,0,0
BS1000.BSE_IDX,01/07/2025,12:47:26,11024.44,0,0,0,0,0,0
BS1000.BSE_IDX,01/07/2025,12:47:34,11024.72,0,0,0,0,0,0
BS1000.BSE_IDX,01/07/2025,12:47:42,11024.1,0,0,0,0,0,0
BS1000.BSE_IDX,01/07/2025,12:47:50,11024.51,0,0,0,0,0,0
BS1000.BSE_IDX,01/07/2025,12:47:58,11024.44,0,0,0,0,0,0
BS1000.BSE_IDX,01/07/2025,12:48:06,11024.6,0,0,0,0,0,0
BS1000.BSE_IDX,01/07/2025,12:48:14,11024.96,0,0,0,0,0,0
BS1000.BSE_IDX,01/07/2025,12:48:22,11024.86,0,0,0,0,0,0
BS1000.BSE_IDX,01/07/2025,12:48:30,11025.43,0,0,0,0,0,0
BS1000.BSE_IDX,01/07/2025,12:48:38,11025.43,0,0,0,0,0,0
BS1000.BSE_IDX,01/07/2025,12:48:46,11025.21,0,0,0,0,0,0
BS1000.BSE_IDX,01/07/2025,12:48:54,11025.25,0,0,0,0,0,0
BS1000.BSE_IDX,01/07/2025,12:49:02,11025.14,0,0,0,0,0,0
BS1000.BSE_IDX,01/07/2025,12:49:10,11025.16,0,0,0,0,0,0
BS1000.BSE_IDX,01/07/2025,12:49:18,11024.99,0,0,0,0,0,0
BS1000.BSE_IDX,01/07/2025,12:49:26,11025.02,0,0,0,0,0,0
BS1000.BSE_IDX,01/07/2025,12:49:34,11024.89,0,0,0,0,0,0
BS1000.BSE_IDX,01/07/2025,12:49:42,11025.14,0,0,0,0,0,0
BS1000.BSE_IDX,01/07/2025,12:49:50,11025.6,0,0,0,0,0,0
BS1000.BSE_IDX,01/07/2025,12:49:58,11025.78,0,0,0,0,0,0
BS1000.BSE_IDX,01/07/2025,12:50:06,11025.87,0,0,0,0,0,0
BS1000.BSE_IDX,01/07/2025,12:50:14,11025.7,0,0,0,0,0,0
BS1000.BSE_IDX,01/07/2025,12:50:22,11026.02,0,0,0,0,0,0
BS1000.BSE_IDX,01/07/2025,12:50:30,11026.27,0,0,0,0,0,0
BS1000.BSE_IDX,01/07/2025,12:50:38,11026.19,0,0,0,0,0,0
BS1000.BSE_IDX,01/07/2025,12:50:47,11026.47,0,0,0,0,0,0
BS1000.BSE_IDX,01/07/2025,12:50:54,11026.56,0,0,0,0,0,0
BS1000.BSE_IDX,01/07/2025,12:51:02,11026.5,0,0,0,0,0,0
BS1000.BSE_IDX,01/07/2025,12:51:10,11026.9,0,0,0,0,0,0
BS1000.BSE_IDX,01/07/2025,12:51:19,11027.27,0,0,0,0,0,0
BS1000.BSE_IDX,01/07/2025,12:51:26,11027.12,0,0,0,0,0,0
BS1000.BSE_IDX,01/07/2025,12:51:34,11027.28,0,0,0,0,0,0
BS1000.BSE_IDX,01/07/2025,12:51:42,11027.13,0,0,0,0,0,0
BS1000.BSE_IDX,01/07/2025,12:51:50,11027.06,0,0,0,0,0,0
BS1000.BSE_IDX,01/07/2025,12:51:58,11027.05,0,0,0,0,0,0
BS1000.BSE_IDX,01/07/2025,12:52:06,11026.8,0,0,0,0,0,0
BS1000.BSE_IDX,01/07/2025,12:52:14,11026.78,0,0,0,0,0,0
BS1000.BSE_IDX,01/07/2025,12:52:22,11026.97,0,0,0,0,0,0
BS1000.BSE_IDX,01/07/2025,12:52:30,11027,0,0,0,0,0,0
BS1000.BSE_IDX,01/07/2025,12:52:38,11026.72,0,0,0,0,0,0
BS1000.BSE_IDX,01/07/2025,12:52:46,11026.7,0,0,0,0,0,0
BS1000.BSE_IDX,01/07/2025,12:52:54,11026.91,0,0,0,0,0,0
BS1000.BSE_IDX,01/07/2025,12:53:02,11027.1,0,0,0,0,0,0
BS1000.BSE_IDX,01/07/2025,12:53:10,11027.13,0,0,0,0,0,0
BS1000.BSE_IDX,01/07/2025,12:53:18,11027.02,0,0,0,0,0,0
BS1000.BSE_IDX,01/07/2025,12:53:26,11026.59,0,0,0,0,0,0
BS1000.BSE_IDX,01/07/2025,12:53:34,11026.44,0,0,0,0,0,0
BS1000.BSE_IDX,01/07/2025,12:53:42,11025.99,0,0,0,0,0,0
BS1000.BSE_IDX,01/07/2025,12:53:50,11025.89,0,0,0,0,0,0
BS1000.BSE_IDX,01/07/2025,12:53:58,11025.98,0,0,0,0,0,0
BS1000.BSE_IDX,01/07/2025,12:54:06,11026.04,0,0,0,0,0,0
BS1000.BSE_IDX,01/07/2025,12:54:14,11025.74,0,0,0,0,0,0
BS1000.BSE_IDX,01/07/2025,12:54:22,11025.47,0,0,0,0,0,0
