Ticker,Date,Time,LTP,BuyPrice,BuyQty,SellPrice,SellQty,LTQ,OpenInterest
BSE IT.BSE_IDX,01/07/2025,09:00:07,38535.54,0,0,0,0,0,0
BSE IT.BSE_IDX,01/07/2025,09:00:15,38204.16,0,0,0,0,0,0
BSE IT.BSE_IDX,01/07/2025,09:00:23,38133.88,0,0,0,0,0,0
BSE IT.BSE_IDX,01/07/2025,09:00:31,38166.38,0,0,0,0,0,0
BSE IT.BSE_IDX,01/07/2025,09:00:39,38221.02,0,0,0,0,0,0
BSE IT.BSE_IDX,01/07/2025,09:00:47,38228.46,0,0,0,0,0,0
BSE IT.BSE_IDX,01/07/2025,09:00:55,38214.66,0,0,0,0,0,0
BSE IT.BSE_IDX,01/07/2025,09:01:03,38230.84,0,0,0,0,0,0
BSE IT.BSE_IDX,01/07/2025,09:01:11,38217.37,0,0,0,0,0,0
BSE IT.BSE_IDX,01/07/2025,09:01:19,38211.34,0,0,0,0,0,0
BSE IT.BSE_IDX,01/07/2025,09:01:27,38145.1,0,0,0,0,0,0
BSE IT.BSE_IDX,01/07/2025,09:01:35,38110.48,0,0,0,0,0,0
BSE IT.BSE_IDX,01/07/2025,09:01:43,38104.22,0,0,0,0,0,0
BSE IT.BSE_IDX,01/07/2025,09:01:51,37978.48,0,0,0,0,0,0
BSE IT.BSE_IDX,01/07/2025,09:01:59,38074.25,0,0,0,0,0,0
BSE IT.BSE_IDX,01/07/2025,09:02:07,38116.49,0,0,0,0,0,0
BSE IT.BSE_IDX,01/07/2025,09:02:15,38155.64,0,0,0,0,0,0
BSE IT.BSE_IDX,01/07/2025,09:02:23,38166.2,0,0,0,0,0,0
BSE IT.BSE_IDX,01/07/2025,09:02:31,38163.23,0,0,0,0,0,0
BSE IT.BSE_IDX,01/07/2025,09:02:39,38161.34,0,0,0,0,0,0
BSE IT.BSE_IDX,01/07/2025,09:02:47,38150.08,0,0,0,0,0,0
BSE IT.BSE_IDX,01/07/2025,09:02:55,38150.01,0,0,0,0,0,0
BSE IT.BSE_IDX,01/07/2025,09:03:03,38174.11,0,0,0,0,0,0
BSE IT.BSE_IDX,01/07/2025,09:03:11,38150.09,0,0,0,0,0,0
BSE IT.BSE_IDX,01/07/2025,09:03:19,38188.45,0,0,0,0,0,0
BSE IT.BSE_IDX,01/07/2025,09:03:27,38187.5,0,0,0,0,0,0
BSE IT.BSE_IDX,01/07/2025,09:03:35,38187.85,0,0,0,0,0,0
BSE IT.BSE_IDX,01/07/2025,09:03:43,38199.4,0,0,0,0,0,0
BSE IT.BSE_IDX,01/07/2025,09:03:51,38199.48,0,0,0,0,0,0
BSE IT.BSE_IDX,01/07/2025,09:03:59,38199.48,0,0,0,0,0,0
BSE IT.BSE_IDX,01/07/2025,09:04:07,38206.43,0,0,0,0,0,0
BSE IT.BSE_IDX,01/07/2025,09:04:15,38204.75,0,0,0,0,0,0
BSE IT.BSE_IDX,01/07/2025,09:04:23,38203.96,0,0,0,0,0,0
BSE IT.BSE_IDX,01/07/2025,09:04:31,38183.61,0,0,0,0,0,0
BSE IT.BSE_IDX,01/07/2025,09:04:39,38197.26,0,0,0,0,0,0
BSE IT.BSE_IDX,01/07/2025,09:04:47,38188.03,0,0,0,0,0,0
BSE IT.BSE_IDX,01/07/2025,09:04:55,38189.64,0,0,0,0,0,0
BSE IT.BSE_IDX,01/07/2025,09:05:03,38194.62,0,0,0,0,0,0
BSE IT.BSE_IDX,01/07/2025,09:05:11,38176.51,0,0,0,0,0,0
BSE IT.BSE_IDX,01/07/2025,09:05:19,38176.95,0,0,0,0,0,0
BSE IT.BSE_IDX,01/07/2025,09:05:27,38176.79,0,0,0,0,0,0
BSE IT.BSE_IDX,01/07/2025,09:05:35,38174.24,0,0,0,0,0,0
BSE IT.BSE_IDX,01/07/2025,09:05:43,38169.07,0,0,0,0,0,0
BSE IT.BSE_IDX,01/07/2025,09:05:51,38174.79,0,0,0,0,0,0
BSE IT.BSE_IDX,01/07/2025,09:05:59,38173.37,0,0,0,0,0,0
BSE IT.BSE_IDX,01/07/2025,09:06:07,38165.68,0,0,0,0,0,0
BSE IT.BSE_IDX,01/07/2025,09:06:15,38165.39,0,0,0,0,0,0
BSE IT.BSE_IDX,01/07/2025,09:06:23,38159.4,0,0,0,0,0,0
BSE IT.BSE_IDX,01/07/2025,09:06:31,38159.78,0,0,0,0,0,0
BSE IT.BSE_IDX,01/07/2025,09:06:39,38196.4,0,0,0,0,0,0
BSE IT.BSE_IDX,01/07/2025,09:06:47,38173.8,0,0,0,0,0,0
BSE IT.BSE_IDX,01/07/2025,09:06:55,38172.14,0,0,0,0,0,0
BSE IT.BSE_IDX,01/07/2025,09:07:04,38189.48,0,0,0,0,0,0
BSE IT.BSE_IDX,01/07/2025,09:07:11,38189.48,0,0,0,0,0,0
BSE IT.BSE_IDX,01/07/2025,09:07:19,38189.48,0,0,0,0,0,0
BSE IT.BSE_IDX,01/07/2025,09:07:27,38189.48,0,0,0,0,0,0
BSE IT.BSE_IDX,01/07/2025,09:07:35,38189.48,0,0,0,0,0,0
BSE IT.BSE_IDX,01/07/2025,09:07:43,38189.48,0,0,0,0,0,0
BSE IT.BSE_IDX,01/07/2025,09:07:51,38189.48,0,0,0,0,0,0
BSE IT.BSE_IDX,01/07/2025,09:07:59,38189.48,0,0,0,0,0,0
BSE IT.BSE_IDX,01/07/2025,09:08:07,38189.48,0,0,0,0,0,0
BSE IT.BSE_IDX,01/07/2025,09:08:15,38189.48,0,0,0,0,0,0
BSE IT.BSE_IDX,01/07/2025,09:08:23,38189.48,0,0,0,0,0,0
BSE IT.BSE_IDX,01/07/2025,09:08:31,38189.48,0,0,0,0,0,0
BSE IT.BSE_IDX,01/07/2025,09:08:39,38189.48,0,0,0,0,0,0
BSE IT.BSE_IDX,01/07/2025,09:08:47,38189.48,0,0,0,0,0,0
BSE IT.BSE_IDX,01/07/2025,09:08:55,38189.48,0,0,0,0,0,0
BSE IT.BSE_IDX,01/07/2025,09:09:03,38189.21,0,0,0,0,0,0
BSE IT.BSE_IDX,01/07/2025,09:09:11,38189.21,0,0,0,0,0,0
BSE IT.BSE_IDX,01/07/2025,09:09:19,38189.21,0,0,0,0,0,0
BSE IT.BSE_IDX,01/07/2025,09:09:27,38189.21,0,0,0,0,0,0
BSE IT.BSE_IDX,01/07/2025,09:09:35,38189.21,0,0,0,0,0,0
BSE IT.BSE_IDX,01/07/2025,09:09:43,38189.21,0,0,0,0,0,0
BSE IT.BSE_IDX,01/07/2025,09:09:51,38189.21,0,0,0,0,0,0
BSE IT.BSE_IDX,01/07/2025,09:09:59,38189.21,0,0,0,0,0,0
BSE IT.BSE_IDX,01/07/2025,09:10:07,38189.21,0,0,0,0,0,0
BSE IT.BSE_IDX,01/07/2025,09:10:15,38189.21,0,0,0,0,0,0
BSE IT.BSE_IDX,01/07/2025,09:10:23,38189.21,0,0,0,0,0,0
BSE IT.BSE_IDX,01/07/2025,09:10:31,38189.21,0,0,0,0,0,0
BSE IT.BSE_IDX,01/07/2025,09:10:39,38189.21,0,0,0,0,0,0
BSE IT.BSE_IDX,01/07/2025,09:10:47,38189.21,0,0,0,0,0,0
BSE IT.BSE_IDX,01/07/2025,09:10:55,38189.21,0,0,0,0,0,0
BSE IT.BSE_IDX,01/07/2025,09:11:03,38189.21,0,0,0,0,0,0
BSE IT.BSE_IDX,01/07/2025,09:11:11,38189.21,0,0,0,0,0,0
BSE IT.BSE_IDX,01/07/2025,09:11:19,38189.21,0,0,0,0,0,0
BSE IT.BSE_IDX,01/07/2025,09:11:27,38189.21,0,0,0,0,0,0
BSE IT.BSE_IDX,01/07/2025,09:11:35,38189.21,0,0,0,0,0,0
BSE IT.BSE_IDX,01/07/2025,09:11:43,38189.21,0,0,0,0,0,0
BSE IT.BSE_IDX,01/07/2025,09:11:51,38189.21,0,0,0,0,0,0
BSE IT.BSE_IDX,01/07/2025,09:11:59,38189.21,0,0,0,0,0,0
BSE IT.BSE_IDX,01/07/2025,09:12:07,38189.21,0,0,0,0,0,0
BSE IT.BSE_IDX,01/07/2025,09:12:16,38189.21,0,0,0,0,0,0
BSE IT.BSE_IDX,01/07/2025,09:12:23,38189.21,0,0,0,0,0,0
BSE IT.BSE_IDX,01/07/2025,09:12:31,38189.21,0,0,0,0,0,0
BSE IT.BSE_IDX,01/07/2025,09:12:39,38189.21,0,0,0,0,0,0
BSE IT.BSE_IDX,01/07/2025,09:12:47,38189.21,0,0,0,0,0,0
BSE IT.BSE_IDX,01/07/2025,09:12:55,38189.21,0,0,0,0,0,0
BSE IT.BSE_IDX,01/07/2025,09:13:03,38189.21,0,0,0,0,0,0
BSE IT.BSE_IDX,01/07/2025,09:13:11,38189.21,0,0,0,0,0,0
BSE IT.BSE_IDX,01/07/2025,09:13:19,38189.21,0,0,0,0,0,0
BSE IT.BSE_IDX,01/07/2025,09:13:27,38189.21,0,0,0,0,0,0
BSE IT.BSE_IDX,01/07/2025,09:13:35,38189.21,0,0,0,0,0,0
BSE IT.BSE_IDX,01/07/2025,09:13:43,38189.21,0,0,0,0,0,0
BSE IT.BSE_IDX,01/07/2025,09:13:51,38189.21,0,0,0,0,0,0
BSE IT.BSE_IDX,01/07/2025,09:13:59,38189.21,0,0,0,0,0,0
BSE IT.BSE_IDX,01/07/2025,09:14:07,38189.21,0,0,0,0,0,0
BSE IT.BSE_IDX,01/07/2025,09:14:15,38189.21,0,0,0,0,0,0
BSE IT.BSE_IDX,01/07/2025,09:14:23,38189.21,0,0,0,0,0,0
BSE IT.BSE_IDX,01/07/2025,09:14:31,38189.21,0,0,0,0,0,0
BSE IT.BSE_IDX,01/07/2025,09:14:39,38189.21,0,0,0,0,0,0
BSE IT.BSE_IDX,01/07/2025,09:14:47,38189.21,0,0,0,0,0,0
BSE IT.BSE_IDX,01/07/2025,09:14:55,38189.21,0,0,0,0,0,0
BSE IT.BSE_IDX,01/07/2025,09:15:04,38223.14,0,0,0,0,0,0
BSE IT.BSE_IDX,01/07/2025,09:15:11,38193,0,0,0,0,0,0
BSE IT.BSE_IDX,01/07/2025,09:15:19,38188.7,0,0,0,0,0,0
BSE IT.BSE_IDX,01/07/2025,09:15:27,38187.75,0,0,0,0,0,0
BSE IT.BSE_IDX,01/07/2025,09:15:35,38173.95,0,0,0,0,0,0
BSE IT.BSE_IDX,01/07/2025,09:15:43,38172.34,0,0,0,0,0,0
BSE IT.BSE_IDX,01/07/2025,09:15:51,38167.23,0,0,0,0,0,0
BSE IT.BSE_IDX,01/07/2025,09:15:59,38174.09,0,0,0,0,0,0
BSE IT.BSE_IDX,01/07/2025,09:16:07,38168.47,0,0,0,0,0,0
BSE IT.BSE_IDX,01/07/2025,09:16:15,38181.46,0,0,0,0,0,0
BSE IT.BSE_IDX,01/07/2025,09:16:24,38180.3,0,0,0,0,0,0
BSE IT.BSE_IDX,01/07/2025,09:16:31,38187.83,0,0,0,0,0,0
BSE IT.BSE_IDX,01/07/2025,09:16:39,38187.67,0,0,0,0,0,0
BSE IT.BSE_IDX,01/07/2025,09:16:48,38182.26,0,0,0,0,0,0
BSE IT.BSE_IDX,01/07/2025,09:16:55,38197.15,0,0,0,0,0,0
BSE IT.BSE_IDX,01/07/2025,09:17:03,38183.53,0,0,0,0,0,0
BSE IT.BSE_IDX,01/07/2025,09:17:12,38152.31,0,0,0,0,0,0
BSE IT.BSE_IDX,01/07/2025,09:17:19,38142.68,0,0,0,0,0,0
BSE IT.BSE_IDX,01/07/2025,09:17:27,38138.06,0,0,0,0,0,0
BSE IT.BSE_IDX,01/07/2025,09:17:35,38144.46,0,0,0,0,0,0
BSE IT.BSE_IDX,01/07/2025,09:17:44,38155.2,0,0,0,0,0,0
BSE IT.BSE_IDX,01/07/2025,09:17:51,38158.5,0,0,0,0,0,0
BSE IT.BSE_IDX,01/07/2025,09:17:59,38158.9,0,0,0,0,0,0
BSE IT.BSE_IDX,01/07/2025,09:18:07,38159.17,0,0,0,0,0,0
BSE IT.BSE_IDX,01/07/2025,09:18:15,38142.45,0,0,0,0,0,0
BSE IT.BSE_IDX,01/07/2025,09:18:23,38147.27,0,0,0,0,0,0
BSE IT.BSE_IDX,01/07/2025,09:18:31,38153.14,0,0,0,0,0,0
BSE IT.BSE_IDX,01/07/2025,09:18:39,38156.28,0,0,0,0,0,0
BSE IT.BSE_IDX,01/07/2025,09:18:47,38156.94,0,0,0,0,0,0
BSE IT.BSE_IDX,01/07/2025,09:18:56,38159.93,0,0,0,0,0,0
BSE IT.BSE_IDX,01/07/2025,09:19:03,38149.81,0,0,0,0,0,0
BSE IT.BSE_IDX,01/07/2025,09:19:11,38141.58,0,0,0,0,0,0
BSE IT.BSE_IDX,01/07/2025,09:19:19,38145.69,0,0,0,0,0,0
BSE IT.BSE_IDX,01/07/2025,09:19:28,38144.13,0,0,0,0,0,0
BSE IT.BSE_IDX,01/07/2025,09:19:35,38140.77,0,0,0,0,0,0
BSE IT.BSE_IDX,01/07/2025,09:19:43,38144.51,0,0,0,0,0,0
BSE IT.BSE_IDX,01/07/2025,09:19:52,38133.87,0,0,0,0,0,0
BSE IT.BSE_IDX,01/07/2025,09:19:59,38139.85,0,0,0,0,0,0
BSE IT.BSE_IDX,01/07/2025,09:20:07,38127.86,0,0,0,0,0,0
BSE IT.BSE_IDX,01/07/2025,09:20:15,38120.83,0,0,0,0,0,0
BSE IT.BSE_IDX,01/07/2025,09:20:24,38118.49,0,0,0,0,0,0
BSE IT.BSE_IDX,01/07/2025,09:20:31,38126.47,0,0,0,0,0,0
BSE IT.BSE_IDX,01/07/2025,09:20:39,38118.76,0,0,0,0,0,0
BSE IT.BSE_IDX,01/07/2025,09:20:47,38114.62,0,0,0,0,0,0
BSE IT.BSE_IDX,01/07/2025,09:20:55,38103.09,0,0,0,0,0,0
BSE IT.BSE_IDX,01/07/2025,09:21:03,38096.78,0,0,0,0,0,0
BSE IT.BSE_IDX,01/07/2025,09:21:11,38104.21,0,0,0,0,0,0
BSE IT.BSE_IDX,01/07/2025,09:21:19,38124.83,0,0,0,0,0,0
BSE IT.BSE_IDX,01/07/2025,09:21:27,38135.23,0,0,0,0,0,0
BSE IT.BSE_IDX,01/07/2025,09:21:36,38139.36,0,0,0,0,0,0
BSE IT.BSE_IDX,01/07/2025,09:21:43,38139.88,0,0,0,0,0,0
BSE IT.BSE_IDX,01/07/2025,09:21:51,38143.27,0,0,0,0,0,0
BSE IT.BSE_IDX,01/07/2025,09:21:59,38151.18,0,0,0,0,0,0
BSE IT.BSE_IDX,01/07/2025,09:22:07,38152.89,0,0,0,0,0,0
BSE IT.BSE_IDX,01/07/2025,09:22:15,38160.58,0,0,0,0,0,0
BSE IT.BSE_IDX,01/07/2025,09:22:23,38164.73,0,0,0,0,0,0
BSE IT.BSE_IDX,01/07/2025,09:22:31,38166.38,0,0,0,0,0,0
BSE IT.BSE_IDX,01/07/2025,09:22:39,38163.45,0,0,0,0,0,0
BSE IT.BSE_IDX,01/07/2025,09:22:47,38163.37,0,0,0,0,0,0
BSE IT.BSE_IDX,01/07/2025,09:22:55,38162.81,0,0,0,0,0,0
BSE IT.BSE_IDX,01/07/2025,09:23:03,38157.07,0,0,0,0,0,0
BSE IT.BSE_IDX,01/07/2025,09:23:11,38167.26,0,0,0,0,0,0
BSE IT.BSE_IDX,01/07/2025,09:23:19,38165.64,0,0,0,0,0,0
BSE IT.BSE_IDX,01/07/2025,09:23:27,38163.54,0,0,0,0,0,0
BSE IT.BSE_IDX,01/07/2025,09:23:35,38164.48,0,0,0,0,0,0
BSE IT.BSE_IDX,01/07/2025,09:23:44,38155.56,0,0,0,0,0,0
BSE IT.BSE_IDX,01/07/2025,09:23:51,38156.16,0,0,0,0,0,0
BSE IT.BSE_IDX,01/07/2025,09:23:59,38168.17,0,0,0,0,0,0
BSE IT.BSE_IDX,01/07/2025,09:24:08,38170.62,0,0,0,0,0,0
BSE IT.BSE_IDX,01/07/2025,09:24:15,38169.83,0,0,0,0,0,0
BSE IT.BSE_IDX,01/07/2025,09:24:23,38179.73,0,0,0,0,0,0
BSE IT.BSE_IDX,01/07/2025,09:24:32,38174.89,0,0,0,0,0,0
BSE IT.BSE_IDX,01/07/2025,09:24:39,38176.46,0,0,0,0,0,0
BSE IT.BSE_IDX,01/07/2025,09:24:48,38177.78,0,0,0,0,0,0
BSE IT.BSE_IDX,01/07/2025,09:24:57,38178.24,0,0,0,0,0,0
BSE IT.BSE_IDX,01/07/2025,09:25:03,38184.64,0,0,0,0,0,0
BSE IT.BSE_IDX,01/07/2025,09:25:12,38197.99,0,0,0,0,0,0
BSE IT.BSE_IDX,01/07/2025,09:25:19,38201.12,0,0,0,0,0,0
BSE IT.BSE_IDX,01/07/2025,09:25:29,38196.68,0,0,0,0,0,0
BSE IT.BSE_IDX,01/07/2025,09:25:35,38199.25,0,0,0,0,0,0
BSE IT.BSE_IDX,01/07/2025,09:25:43,38199.01,0,0,0,0,0,0
BSE IT.BSE_IDX,01/07/2025,09:25:51,38200.49,0,0,0,0,0,0
BSE IT.BSE_IDX,01/07/2025,09:25:59,38201.74,0,0,0,0,0,0
BSE IT.BSE_IDX,01/07/2025,09:26:08,38189.09,0,0,0,0,0,0
BSE IT.BSE_IDX,01/07/2025,09:26:15,38180.37,0,0,0,0,0,0
BSE IT.BSE_IDX,01/07/2025,09:26:23,38194.07,0,0,0,0,0,0
BSE IT.BSE_IDX,01/07/2025,09:26:31,38194.52,0,0,0,0,0,0
BSE IT.BSE_IDX,01/07/2025,09:26:39,38203.34,0,0,0,0,0,0
BSE IT.BSE_IDX,01/07/2025,09:26:48,38206.77,0,0,0,0,0,0
BSE IT.BSE_IDX,01/07/2025,09:26:55,38203.77,0,0,0,0,0,0
BSE IT.BSE_IDX,01/07/2025,09:27:04,38212.33,0,0,0,0,0,0
BSE IT.BSE_IDX,01/07/2025,09:27:12,38209.7,0,0,0,0,0,0
BSE IT.BSE_IDX,01/07/2025,09:27:19,38218.5,0,0,0,0,0,0
BSE IT.BSE_IDX,01/07/2025,09:27:28,38216.14,0,0,0,0,0,0
BSE IT.BSE_IDX,01/07/2025,09:27:36,38213.2,0,0,0,0,0,0
BSE IT.BSE_IDX,01/07/2025,09:27:44,38211.66,0,0,0,0,0,0
BSE IT.BSE_IDX,01/07/2025,09:27:51,38227.42,0,0,0,0,0,0
BSE IT.BSE_IDX,01/07/2025,09:28:00,38235.89,0,0,0,0,0,0
BSE IT.BSE_IDX,01/07/2025,09:28:08,38245.48,0,0,0,0,0,0
BSE IT.BSE_IDX,01/07/2025,09:28:16,38268.93,0,0,0,0,0,0
BSE IT.BSE_IDX,01/07/2025,09:28:24,38254.6,0,0,0,0,0,0
BSE IT.BSE_IDX,01/07/2025,09:28:32,38253.56,0,0,0,0,0,0
BSE IT.BSE_IDX,01/07/2025,09:28:40,38246.75,0,0,0,0,0,0
BSE IT.BSE_IDX,01/07/2025,09:28:48,38233.26,0,0,0,0,0,0
BSE IT.BSE_IDX,01/07/2025,09:28:56,38233.67,0,0,0,0,0,0
BSE IT.BSE_IDX,01/07/2025,09:29:04,38233.15,0,0,0,0,0,0
BSE IT.BSE_IDX,01/07/2025,09:29:12,38241.98,0,0,0,0,0,0
BSE IT.BSE_IDX,01/07/2025,09:29:20,38244.82,0,0,0,0,0,0
BSE IT.BSE_IDX,01/07/2025,09:29:28,38248.02,0,0,0,0,0,0
BSE IT.BSE_IDX,01/07/2025,09:29:36,38248.66,0,0,0,0,0,0
BSE IT.BSE_IDX,01/07/2025,09:29:44,38269,0,0,0,0,0,0
BSE IT.BSE_IDX,01/07/2025,09:29:52,38267.69,0,0,0,0,0,0
BSE IT.BSE_IDX,01/07/2025,09:30:00,38273.71,0,0,0,0,0,0
BSE IT.BSE_IDX,01/07/2025,09:30:08,38276.15,0,0,0,0,0,0
BSE IT.BSE_IDX,01/07/2025,09:30:16,38309.23,0,0,0,0,0,0
BSE IT.BSE_IDX,01/07/2025,09:30:24,38313.89,0,0,0,0,0,0
BSE IT.BSE_IDX,01/07/2025,09:30:32,38320.77,0,0,0,0,0,0
BSE IT.BSE_IDX,01/07/2025,09:30:40,38343.35,0,0,0,0,0,0
BSE IT.BSE_IDX,01/07/2025,09:30:48,38354.27,0,0,0,0,0,0
BSE IT.BSE_IDX,01/07/2025,09:30:56,38349.19,0,0,0,0,0,0
BSE IT.BSE_IDX,01/07/2025,09:31:04,38356.06,0,0,0,0,0,0
BSE IT.BSE_IDX,01/07/2025,09:31:12,38356.17,0,0,0,0,0,0
BSE IT.BSE_IDX,01/07/2025,09:31:20,38375.29,0,0,0,0,0,0
BSE IT.BSE_IDX,01/07/2025,09:31:28,38399.78,0,0,0,0,0,0
BSE IT.BSE_IDX,01/07/2025,09:31:36,38394,0,0,0,0,0,0
BSE IT.BSE_IDX,01/07/2025,09:31:44,38393.36,0,0,0,0,0,0
BSE IT.BSE_IDX,01/07/2025,09:31:52,38407.47,0,0,0,0,0,0
BSE IT.BSE_IDX,01/07/2025,09:32:00,38412.27,0,0,0,0,0,0
BSE IT.BSE_IDX,01/07/2025,09:32:08,38418.71,0,0,0,0,0,0
BSE IT.BSE_IDX,01/07/2025,09:32:16,38415.75,0,0,0,0,0,0
BSE IT.BSE_IDX,01/07/2025,09:32:24,38415.96,0,0,0,0,0,0
BSE IT.BSE_IDX,01/07/2025,09:32:32,38427.94,0,0,0,0,0,0
BSE IT.BSE_IDX,01/07/2025,09:32:40,38419.03,0,0,0,0,0,0
BSE IT.BSE_IDX,01/07/2025,09:32:48,38423.9,0,0,0,0,0,0
BSE IT.BSE_IDX,01/07/2025,09:32:56,38417.3,0,0,0,0,0,0
BSE IT.BSE_IDX,01/07/2025,09:33:04,38406.45,0,0,0,0,0,0
BSE IT.BSE_IDX,01/07/2025,09:33:12,38413.74,0,0,0,0,0,0
BSE IT.BSE_IDX,01/07/2025,09:33:20,38418.78,0,0,0,0,0,0
BSE IT.BSE_IDX,01/07/2025,09:33:28,38422.62,0,0,0,0,0,0
BSE IT.BSE_IDX,01/07/2025,09:33:36,38421.86,0,0,0,0,0,0
BSE IT.BSE_IDX,01/07/2025,09:33:44,38420.07,0,0,0,0,0,0
BSE IT.BSE_IDX,01/07/2025,09:33:52,38417.47,0,0,0,0,0,0
BSE IT.BSE_IDX,01/07/2025,09:34:00,38411.82,0,0,0,0,0,0
BSE IT.BSE_IDX,01/07/2025,09:34:08,38409.11,0,0,0,0,0,0
BSE IT.BSE_IDX,01/07/2025,09:34:16,38401.5,0,0,0,0,0,0
BSE IT.BSE_IDX,01/07/2025,09:34:24,38397.98,0,0,0,0,0,0
BSE IT.BSE_IDX,01/07/2025,09:34:32,38390.57,0,0,0,0,0,0
BSE IT.BSE_IDX,01/07/2025,09:34:40,38399.88,0,0,0,0,0,0
BSE IT.BSE_IDX,01/07/2025,09:34:48,38403.26,0,0,0,0,0,0
BSE IT.BSE_IDX,01/07/2025,09:34:56,38391.97,0,0,0,0,0,0
BSE IT.BSE_IDX,01/07/2025,09:35:05,38398.87,0,0,0,0,0,0
BSE IT.BSE_IDX,01/07/2025,09:35:12,38392.41,0,0,0,0,0,0
BSE IT.BSE_IDX,01/07/2025,09:35:20,38366.02,0,0,0,0,0,0
BSE IT.BSE_IDX,01/07/2025,09:35:28,38364.38,0,0,0,0,0,0
BSE IT.BSE_IDX,01/07/2025,09:35:36,38367.4,0,0,0,0,0,0
BSE IT.BSE_IDX,01/07/2025,09:35:44,38366,0,0,0,0,0,0
BSE IT.BSE_IDX,01/07/2025,09:35:52,38357.1,0,0,0,0,0,0
BSE IT.BSE_IDX,01/07/2025,09:36:00,38353.62,0,0,0,0,0,0
BSE IT.BSE_IDX,01/07/2025,09:36:08,38358.53,0,0,0,0,0,0
BSE IT.BSE_IDX,01/07/2025,09:36:16,38352.69,0,0,0,0,0,0
BSE IT.BSE_IDX,01/07/2025,09:36:24,38351.8,0,0,0,0,0,0
BSE IT.BSE_IDX,01/07/2025,09:36:33,38352.62,0,0,0,0,0,0
BSE IT.BSE_IDX,01/07/2025,09:36:40,38342.7,0,0,0,0,0,0
BSE IT.BSE_IDX,01/07/2025,09:36:48,38342.67,0,0,0,0,0,0
BSE IT.BSE_IDX,01/07/2025,09:36:56,38336.08,0,0,0,0,0,0
BSE IT.BSE_IDX,01/07/2025,09:37:04,38339.42,0,0,0,0,0,0
BSE IT.BSE_IDX,01/07/2025,09:37:12,38337.46,0,0,0,0,0,0
BSE IT.BSE_IDX,01/07/2025,09:37:20,38340.15,0,0,0,0,0,0
BSE IT.BSE_IDX,01/07/2025,09:37:28,38344.01,0,0,0,0,0,0
BSE IT.BSE_IDX,01/07/2025,09:37:36,38337.46,0,0,0,0,0,0
BSE IT.BSE_IDX,01/07/2025,09:37:44,38334.67,0,0,0,0,0,0
BSE IT.BSE_IDX,01/07/2025,09:37:52,38343.99,0,0,0,0,0,0
BSE IT.BSE_IDX,01/07/2025,09:38:00,38351.41,0,0,0,0,0,0
BSE IT.BSE_IDX,01/07/2025,09:38:08,38344.52,0,0,0,0,0,0
BSE IT.BSE_IDX,01/07/2025,09:38:16,38332.15,0,0,0,0,0,0
BSE IT.BSE_IDX,01/07/2025,09:38:24,38323.79,0,0,0,0,0,0
BSE IT.BSE_IDX,01/07/2025,09:38:32,38321.49,0,0,0,0,0,0
BSE IT.BSE_IDX,01/07/2025,09:38:40,38321.57,0,0,0,0,0,0
BSE IT.BSE_IDX,01/07/2025,09:38:48,38322.73,0,0,0,0,0,0
BSE IT.BSE_IDX,01/07/2025,09:38:56,38319.11,0,0,0,0,0,0
BSE IT.BSE_IDX,01/07/2025,09:39:04,38318.25,0,0,0,0,0,0
BSE IT.BSE_IDX,01/07/2025,09:39:12,38315.61,0,0,0,0,0,0
BSE IT.BSE_IDX,01/07/2025,09:39:20,38317.5,0,0,0,0,0,0
BSE IT.BSE_IDX,01/07/2025,09:39:28,38318.62,0,0,0,0,0,0
BSE IT.BSE_IDX,01/07/2025,09:39:36,38318.91,0,0,0,0,0,0
BSE IT.BSE_IDX,01/07/2025,09:39:44,38322.47,0,0,0,0,0,0
BSE IT.BSE_IDX,01/07/2025,09:39:52,38323.52,0,0,0,0,0,0
BSE IT.BSE_IDX,01/07/2025,09:40:00,38329.01,0,0,0,0,0,0
BSE IT.BSE_IDX,01/07/2025,09:40:08,38336.2,0,0,0,0,0,0
BSE IT.BSE_IDX,01/07/2025,09:40:16,38327.36,0,0,0,0,0,0
BSE IT.BSE_IDX,01/07/2025,09:40:24,38317.42,0,0,0,0,0,0
BSE IT.BSE_IDX,01/07/2025,09:40:32,38305.47,0,0,0,0,0,0
BSE IT.BSE_IDX,01/07/2025,09:40:40,38300.38,0,0,0,0,0,0
BSE IT.BSE_IDX,01/07/2025,09:40:48,38308.7,0,0,0,0,0,0
BSE IT.BSE_IDX,01/07/2025,09:40:56,38304.85,0,0,0,0,0,0
BSE IT.BSE_IDX,01/07/2025,09:41:04,38305.57,0,0,0,0,0,0
BSE IT.BSE_IDX,01/07/2025,09:41:12,38304.31,0,0,0,0,0,0
BSE IT.BSE_IDX,01/07/2025,09:41:20,38306.99,0,0,0,0,0,0
BSE IT.BSE_IDX,01/07/2025,09:41:28,38301.16,0,0,0,0,0,0
BSE IT.BSE_IDX,01/07/2025,09:41:36,38298.68,0,0,0,0,0,0
BSE IT.BSE_IDX,01/07/2025,09:41:44,38296.46,0,0,0,0,0,0
BSE IT.BSE_IDX,01/07/2025,09:41:52,38300.33,0,0,0,0,0,0
BSE IT.BSE_IDX,01/07/2025,09:42:00,38308.47,0,0,0,0,0,0
BSE IT.BSE_IDX,01/07/2025,09:42:08,38312.79,0,0,0,0,0,0
BSE IT.BSE_IDX,01/07/2025,09:42:16,38316.59,0,0,0,0,0,0
BSE IT.BSE_IDX,01/07/2025,09:42:24,38314.67,0,0,0,0,0,0
BSE IT.BSE_IDX,01/07/2025,09:42:32,38307.54,0,0,0,0,0,0
BSE IT.BSE_IDX,01/07/2025,09:42:40,38300.03,0,0,0,0,0,0
BSE IT.BSE_IDX,01/07/2025,09:42:48,38299.45,0,0,0,0,0,0
BSE IT.BSE_IDX,01/07/2025,09:42:56,38299.21,0,0,0,0,0,0
BSE IT.BSE_IDX,01/07/2025,09:43:04,38296.19,0,0,0,0,0,0
BSE IT.BSE_IDX,01/07/2025,09:43:12,38296.11,0,0,0,0,0,0
BSE IT.BSE_IDX,01/07/2025,09:43:20,38294.04,0,0,0,0,0,0
BSE IT.BSE_IDX,01/07/2025,09:43:28,38294.52,0,0,0,0,0,0
BSE IT.BSE_IDX,01/07/2025,09:43:36,38292.24,0,0,0,0,0,0
BSE IT.BSE_IDX,01/07/2025,09:43:44,38281.81,0,0,0,0,0,0
BSE IT.BSE_IDX,01/07/2025,09:43:53,38287.93,0,0,0,0,0,0
BSE IT.BSE_IDX,01/07/2025,09:44:00,38288.12,0,0,0,0,0,0
BSE IT.BSE_IDX,01/07/2025,09:44:08,38286.55,0,0,0,0,0,0
BSE IT.BSE_IDX,01/07/2025,09:44:16,38288.38,0,0,0,0,0,0
BSE IT.BSE_IDX,01/07/2025,09:44:24,38290,0,0,0,0,0,0
BSE IT.BSE_IDX,01/07/2025,09:44:32,38293.97,0,0,0,0,0,0
BSE IT.BSE_IDX,01/07/2025,09:44:40,38293.3,0,0,0,0,0,0
BSE IT.BSE_IDX,01/07/2025,09:44:48,38290,0,0,0,0,0,0
BSE IT.BSE_IDX,01/07/2025,09:44:56,38289.3,0,0,0,0,0,0
BSE IT.BSE_IDX,01/07/2025,09:45:05,38290,0,0,0,0,0,0
BSE IT.BSE_IDX,01/07/2025,09:45:12,38282.29,0,0,0,0,0,0
BSE IT.BSE_IDX,01/07/2025,09:45:20,38266.65,0,0,0,0,0,0
BSE IT.BSE_IDX,01/07/2025,09:45:28,38260.91,0,0,0,0,0,0
BSE IT.BSE_IDX,01/07/2025,09:45:36,38260.23,0,0,0,0,0,0
BSE IT.BSE_IDX,01/07/2025,09:45:44,38245.83,0,0,0,0,0,0
BSE IT.BSE_IDX,01/07/2025,09:45:52,38249.07,0,0,0,0,0,0
BSE IT.BSE_IDX,01/07/2025,09:46:01,38236.82,0,0,0,0,0,0
BSE IT.BSE_IDX,01/07/2025,09:46:08,38230.22,0,0,0,0,0,0
BSE IT.BSE_IDX,01/07/2025,09:46:16,38225.71,0,0,0,0,0,0
BSE IT.BSE_IDX,01/07/2025,09:46:24,38221.37,0,0,0,0,0,0
BSE IT.BSE_IDX,01/07/2025,09:46:32,38232.25,0,0,0,0,0,0
BSE IT.BSE_IDX,01/07/2025,09:46:40,38235.12,0,0,0,0,0,0
BSE IT.BSE_IDX,01/07/2025,09:46:48,38232.26,0,0,0,0,0,0
BSE IT.BSE_IDX,01/07/2025,09:46:56,38228.96,0,0,0,0,0,0
BSE IT.BSE_IDX,01/07/2025,09:47:04,38221.24,0,0,0,0,0,0
BSE IT.BSE_IDX,01/07/2025,09:47:12,38222.31,0,0,0,0,0,0
BSE IT.BSE_IDX,01/07/2025,09:47:20,38214.67,0,0,0,0,0,0
BSE IT.BSE_IDX,01/07/2025,09:47:28,38214.42,0,0,0,0,0,0
BSE IT.BSE_IDX,01/07/2025,09:47:36,38215.03,0,0,0,0,0,0
BSE IT.BSE_IDX,01/07/2025,09:47:44,38215.88,0,0,0,0,0,0
BSE IT.BSE_IDX,01/07/2025,09:47:52,38217.17,0,0,0,0,0,0
BSE IT.BSE_IDX,01/07/2025,09:48:00,38222.05,0,0,0,0,0,0
BSE IT.BSE_IDX,01/07/2025,09:48:08,38220.89,0,0,0,0,0,0
BSE IT.BSE_IDX,01/07/2025,09:48:16,38224.13,0,0,0,0,0,0
BSE IT.BSE_IDX,01/07/2025,09:48:24,38225.88,0,0,0,0,0,0
BSE IT.BSE_IDX,01/07/2025,09:48:32,38233.84,0,0,0,0,0,0
BSE IT.BSE_IDX,01/07/2025,09:48:40,38230.39,0,0,0,0,0,0
BSE IT.BSE_IDX,01/07/2025,09:48:48,38228.01,0,0,0,0,0,0
BSE IT.BSE_IDX,01/07/2025,09:48:56,38229.76,0,0,0,0,0,0
BSE IT.BSE_IDX,01/07/2025,09:49:04,38229.42,0,0,0,0,0,0
BSE IT.BSE_IDX,01/07/2025,09:49:12,38216.94,0,0,0,0,0,0
BSE IT.BSE_IDX,01/07/2025,09:49:20,38214.59,0,0,0,0,0,0
BSE IT.BSE_IDX,01/07/2025,09:49:28,38222.91,0,0,0,0,0,0
BSE IT.BSE_IDX,01/07/2025,09:49:36,38222.89,0,0,0,0,0,0
BSE IT.BSE_IDX,01/07/2025,09:49:44,38222.95,0,0,0,0,0,0
BSE IT.BSE_IDX,01/07/2025,09:49:52,38222,0,0,0,0,0,0
BSE IT.BSE_IDX,01/07/2025,09:50:00,38215.77,0,0,0,0,0,0
BSE IT.BSE_IDX,01/07/2025,09:50:08,38211.76,0,0,0,0,0,0
BSE IT.BSE_IDX,01/07/2025,09:50:16,38211.53,0,0,0,0,0,0
BSE IT.BSE_IDX,01/07/2025,09:50:24,38212.83,0,0,0,0,0,0
BSE IT.BSE_IDX,01/07/2025,09:50:32,38211.17,0,0,0,0,0,0
BSE IT.BSE_IDX,01/07/2025,09:50:40,38204.03,0,0,0,0,0,0
BSE IT.BSE_IDX,01/07/2025,09:50:48,38205.61,0,0,0,0,0,0
BSE IT.BSE_IDX,01/07/2025,09:50:57,38207.06,0,0,0,0,0,0
BSE IT.BSE_IDX,01/07/2025,09:51:04,38199.78,0,0,0,0,0,0
BSE IT.BSE_IDX,01/07/2025,09:51:12,38209.9,0,0,0,0,0,0
BSE IT.BSE_IDX,01/07/2025,09:51:20,38208.05,0,0,0,0,0,0
BSE IT.BSE_IDX,01/07/2025,09:51:28,38195.25,0,0,0,0,0,0
BSE IT.BSE_IDX,01/07/2025,09:51:37,38195.44,0,0,0,0,0,0
BSE IT.BSE_IDX,01/07/2025,09:51:44,38195.01,0,0,0,0,0,0
BSE IT.BSE_IDX,01/07/2025,09:51:52,38200.39,0,0,0,0,0,0
BSE IT.BSE_IDX,01/07/2025,09:52:01,38197.34,0,0,0,0,0,0
BSE IT.BSE_IDX,01/07/2025,09:52:08,38199.2,0,0,0,0,0,0
BSE IT.BSE_IDX,01/07/2025,09:52:17,38187.53,0,0,0,0,0,0
BSE IT.BSE_IDX,01/07/2025,09:52:24,38184.16,0,0,0,0,0,0
BSE IT.BSE_IDX,01/07/2025,09:52:32,38202.13,0,0,0,0,0,0
BSE IT.BSE_IDX,01/07/2025,09:52:40,38201.15,0,0,0,0,0,0
BSE IT.BSE_IDX,01/07/2025,09:52:48,38202.88,0,0,0,0,0,0
BSE IT.BSE_IDX,01/07/2025,09:52:57,38201.34,0,0,0,0,0,0
BSE IT.BSE_IDX,01/07/2025,09:53:04,38201.31,0,0,0,0,0,0
BSE IT.BSE_IDX,01/07/2025,09:53:13,38199.5,0,0,0,0,0,0
BSE IT.BSE_IDX,01/07/2025,09:53:20,38194.9,0,0,0,0,0,0
BSE IT.BSE_IDX,01/07/2025,09:53:28,38195.67,0,0,0,0,0,0
BSE IT.BSE_IDX,01/07/2025,09:53:36,38199.01,0,0,0,0,0,0
BSE IT.BSE_IDX,01/07/2025,09:53:44,38200.09,0,0,0,0,0,0
BSE IT.BSE_IDX,01/07/2025,09:53:52,38200.53,0,0,0,0,0,0
BSE IT.BSE_IDX,01/07/2025,09:54:00,38190.86,0,0,0,0,0,0
BSE IT.BSE_IDX,01/07/2025,09:54:08,38185.1,0,0,0,0,0,0
BSE IT.BSE_IDX,01/07/2025,09:54:16,38180.26,0,0,0,0,0,0
BSE IT.BSE_IDX,01/07/2025,09:54:24,38177.86,0,0,0,0,0,0
BSE IT.BSE_IDX,01/07/2025,09:54:32,38179.29,0,0,0,0,0,0
BSE IT.BSE_IDX,01/07/2025,09:54:40,38177.64,0,0,0,0,0,0
BSE IT.BSE_IDX,01/07/2025,09:54:48,38182.67,0,0,0,0,0,0
BSE IT.BSE_IDX,01/07/2025,09:54:56,38183.72,0,0,0,0,0,0
BSE IT.BSE_IDX,01/07/2025,09:55:04,38180.96,0,0,0,0,0,0
BSE IT.BSE_IDX,01/07/2025,09:55:12,38182.28,0,0,0,0,0,0
BSE IT.BSE_IDX,01/07/2025,09:55:20,38185.68,0,0,0,0,0,0
BSE IT.BSE_IDX,01/07/2025,09:55:28,38183.94,0,0,0,0,0,0
BSE IT.BSE_IDX,01/07/2025,09:55:36,38181.89,0,0,0,0,0,0
BSE IT.BSE_IDX,01/07/2025,09:55:44,38179.58,0,0,0,0,0,0
BSE IT.BSE_IDX,01/07/2025,09:55:52,38167.06,0,0,0,0,0,0
BSE IT.BSE_IDX,01/07/2025,09:56:00,38165.51,0,0,0,0,0,0
BSE IT.BSE_IDX,01/07/2025,09:56:08,38164.97,0,0,0,0,0,0
BSE IT.BSE_IDX,01/07/2025,09:56:16,38169.81,0,0,0,0,0,0
BSE IT.BSE_IDX,01/07/2025,09:56:25,38169.65,0,0,0,0,0,0
BSE IT.BSE_IDX,01/07/2025,09:56:32,38164.22,0,0,0,0,0,0
BSE IT.BSE_IDX,01/07/2025,09:56:41,38161.23,0,0,0,0,0,0
BSE IT.BSE_IDX,01/07/2025,09:56:48,38160.1,0,0,0,0,0,0
BSE IT.BSE_IDX,01/07/2025,09:56:57,38153.94,0,0,0,0,0,0
BSE IT.BSE_IDX,01/07/2025,09:57:04,38148.84,0,0,0,0,0,0
BSE IT.BSE_IDX,01/07/2025,09:57:12,38149.7,0,0,0,0,0,0
BSE IT.BSE_IDX,01/07/2025,09:57:20,38147.67,0,0,0,0,0,0
BSE IT.BSE_IDX,01/07/2025,09:57:28,38143.56,0,0,0,0,0,0
BSE IT.BSE_IDX,01/07/2025,09:57:36,38139.41,0,0,0,0,0,0
BSE IT.BSE_IDX,01/07/2025,09:57:44,38143.4,0,0,0,0,0,0
BSE IT.BSE_IDX,01/07/2025,09:57:52,38144.8,0,0,0,0,0,0
BSE IT.BSE_IDX,01/07/2025,09:58:00,38141.8,0,0,0,0,0,0
BSE IT.BSE_IDX,01/07/2025,09:58:08,38139.88,0,0,0,0,0,0
BSE IT.BSE_IDX,01/07/2025,09:58:16,38137.67,0,0,0,0,0,0
BSE IT.BSE_IDX,01/07/2025,09:58:24,38130.37,0,0,0,0,0,0
BSE IT.BSE_IDX,01/07/2025,09:58:32,38128.8,0,0,0,0,0,0
BSE IT.BSE_IDX,01/07/2025,09:58:40,38132.96,0,0,0,0,0,0
BSE IT.BSE_IDX,01/07/2025,09:58:48,38138.9,0,0,0,0,0,0
BSE IT.BSE_IDX,01/07/2025,09:58:56,38144.31,0,0,0,0,0,0
BSE IT.BSE_IDX,01/07/2025,09:59:05,38157.28,0,0,0,0,0,0
BSE IT.BSE_IDX,01/07/2025,09:59:12,38159.6,0,0,0,0,0,0
BSE IT.BSE_IDX,01/07/2025,09:59:20,38162.98,0,0,0,0,0,0
BSE IT.BSE_IDX,01/07/2025,09:59:28,38163.54,0,0,0,0,0,0
BSE IT.BSE_IDX,01/07/2025,09:59:36,38161.3,0,0,0,0,0,0
BSE IT.BSE_IDX,01/07/2025,09:59:45,38169.2,0,0,0,0,0,0
BSE IT.BSE_IDX,01/07/2025,09:59:52,38166.24,0,0,0,0,0,0
BSE IT.BSE_IDX,01/07/2025,10:00:00,38172.77,0,0,0,0,0,0
BSE IT.BSE_IDX,01/07/2025,10:00:08,38176.52,0,0,0,0,0,0
BSE IT.BSE_IDX,01/07/2025,10:00:16,38177.7,0,0,0,0,0,0
BSE IT.BSE_IDX,01/07/2025,10:00:24,38177.29,0,0,0,0,0,0
BSE IT.BSE_IDX,01/07/2025,10:00:32,38177.17,0,0,0,0,0,0
BSE IT.BSE_IDX,01/07/2025,10:00:40,38175.44,0,0,0,0,0,0
BSE IT.BSE_IDX,01/07/2025,10:00:48,38172.81,0,0,0,0,0,0
BSE IT.BSE_IDX,01/07/2025,10:00:56,38172.97,0,0,0,0,0,0
BSE IT.BSE_IDX,01/07/2025,10:01:04,38167.1,0,0,0,0,0,0
BSE IT.BSE_IDX,01/07/2025,10:01:12,38161.9,0,0,0,0,0,0
BSE IT.BSE_IDX,01/07/2025,10:01:21,38164.08,0,0,0,0,0,0
BSE IT.BSE_IDX,01/07/2025,10:01:28,38160.16,0,0,0,0,0,0
BSE IT.BSE_IDX,01/07/2025,10:01:36,38159.93,0,0,0,0,0,0
BSE IT.BSE_IDX,01/07/2025,10:01:44,38157.55,0,0,0,0,0,0
BSE IT.BSE_IDX,01/07/2025,10:01:52,38154.42,0,0,0,0,0,0
BSE IT.BSE_IDX,01/07/2025,10:02:00,38149.22,0,0,0,0,0,0
BSE IT.BSE_IDX,01/07/2025,10:02:08,38143.39,0,0,0,0,0,0
BSE IT.BSE_IDX,01/07/2025,10:02:16,38136.1,0,0,0,0,0,0
BSE IT.BSE_IDX,01/07/2025,10:02:24,38136.26,0,0,0,0,0,0
BSE IT.BSE_IDX,01/07/2025,10:02:32,38133.48,0,0,0,0,0,0
BSE IT.BSE_IDX,01/07/2025,10:02:41,38136.06,0,0,0,0,0,0
BSE IT.BSE_IDX,01/07/2025,10:02:49,38131.23,0,0,0,0,0,0
BSE IT.BSE_IDX,01/07/2025,10:02:56,38126.2,0,0,0,0,0,0
BSE IT.BSE_IDX,01/07/2025,10:03:04,38127.59,0,0,0,0,0,0
BSE IT.BSE_IDX,01/07/2025,10:03:13,38116.74,0,0,0,0,0,0
BSE IT.BSE_IDX,01/07/2025,10:03:20,38109.84,0,0,0,0,0,0
BSE IT.BSE_IDX,01/07/2025,10:03:29,38095.23,0,0,0,0,0,0
BSE IT.BSE_IDX,01/07/2025,10:03:37,38095.62,0,0,0,0,0,0
BSE IT.BSE_IDX,01/07/2025,10:03:45,38093.23,0,0,0,0,0,0
BSE IT.BSE_IDX,01/07/2025,10:03:53,38096.47,0,0,0,0,0,0
BSE IT.BSE_IDX,01/07/2025,10:04:01,38097.34,0,0,0,0,0,0
BSE IT.BSE_IDX,01/07/2025,10:04:09,38099.87,0,0,0,0,0,0
BSE IT.BSE_IDX,01/07/2025,10:04:17,38104.47,0,0,0,0,0,0
BSE IT.BSE_IDX,01/07/2025,10:04:25,38098.01,0,0,0,0,0,0
BSE IT.BSE_IDX,01/07/2025,10:04:33,38102.84,0,0,0,0,0,0
BSE IT.BSE_IDX,01/07/2025,10:04:41,38114.53,0,0,0,0,0,0
BSE IT.BSE_IDX,01/07/2025,10:04:50,38120.9,0,0,0,0,0,0
BSE IT.BSE_IDX,01/07/2025,10:04:57,38117.32,0,0,0,0,0,0
BSE IT.BSE_IDX,01/07/2025,10:05:05,38110.16,0,0,0,0,0,0
BSE IT.BSE_IDX,01/07/2025,10:05:14,38109.89,0,0,0,0,0,0
BSE IT.BSE_IDX,01/07/2025,10:05:21,38107.24,0,0,0,0,0,0
BSE IT.BSE_IDX,01/07/2025,10:05:29,38093,0,0,0,0,0,0
BSE IT.BSE_IDX,01/07/2025,10:05:37,38093.36,0,0,0,0,0,0
BSE IT.BSE_IDX,01/07/2025,10:05:45,38103.93,0,0,0,0,0,0
BSE IT.BSE_IDX,01/07/2025,10:05:53,38105.46,0,0,0,0,0,0
BSE IT.BSE_IDX,01/07/2025,10:06:01,38109.33,0,0,0,0,0,0
BSE IT.BSE_IDX,01/07/2025,10:06:09,38116.69,0,0,0,0,0,0
BSE IT.BSE_IDX,01/07/2025,10:06:17,38117.53,0,0,0,0,0,0
BSE IT.BSE_IDX,01/07/2025,10:06:25,38117.78,0,0,0,0,0,0
BSE IT.BSE_IDX,01/07/2025,10:06:33,38117.86,0,0,0,0,0,0
BSE IT.BSE_IDX,01/07/2025,10:06:41,38123.57,0,0,0,0,0,0
BSE IT.BSE_IDX,01/07/2025,10:06:49,38123.27,0,0,0,0,0,0
BSE IT.BSE_IDX,01/07/2025,10:06:57,38120.92,0,0,0,0,0,0
BSE IT.BSE_IDX,01/07/2025,10:07:05,38121.94,0,0,0,0,0,0
BSE IT.BSE_IDX,01/07/2025,10:07:13,38118.44,0,0,0,0,0,0
BSE IT.BSE_IDX,01/07/2025,10:07:21,38117.18,0,0,0,0,0,0
BSE IT.BSE_IDX,01/07/2025,10:07:29,38117.14,0,0,0,0,0,0
BSE IT.BSE_IDX,01/07/2025,10:07:37,38111.73,0,0,0,0,0,0
BSE IT.BSE_IDX,01/07/2025,10:07:45,38112.83,0,0,0,0,0,0
BSE IT.BSE_IDX,01/07/2025,10:07:53,38119.61,0,0,0,0,0,0
BSE IT.BSE_IDX,01/07/2025,10:08:01,38118.51,0,0,0,0,0,0
BSE IT.BSE_IDX,01/07/2025,10:08:09,38116.85,0,0,0,0,0,0
BSE IT.BSE_IDX,01/07/2025,10:08:17,38116.84,0,0,0,0,0,0
BSE IT.BSE_IDX,01/07/2025,10:08:25,38117.22,0,0,0,0,0,0
BSE IT.BSE_IDX,01/07/2025,10:08:33,38119.74,0,0,0,0,0,0
BSE IT.BSE_IDX,01/07/2025,10:08:41,38120.14,0,0,0,0,0,0
BSE IT.BSE_IDX,01/07/2025,10:08:49,38120.17,0,0,0,0,0,0
BSE IT.BSE_IDX,01/07/2025,10:08:57,38119.6,0,0,0,0,0,0
BSE IT.BSE_IDX,01/07/2025,10:09:05,38104.2,0,0,0,0,0,0
BSE IT.BSE_IDX,01/07/2025,10:09:13,38100.45,0,0,0,0,0,0
BSE IT.BSE_IDX,01/07/2025,10:09:21,38099.3,0,0,0,0,0,0
BSE IT.BSE_IDX,01/07/2025,10:09:29,38095.8,0,0,0,0,0,0
BSE IT.BSE_IDX,01/07/2025,10:09:37,38093.96,0,0,0,0,0,0
BSE IT.BSE_IDX,01/07/2025,10:09:45,38098.15,0,0,0,0,0,0
BSE IT.BSE_IDX,01/07/2025,10:09:53,38096.21,0,0,0,0,0,0
BSE IT.BSE_IDX,01/07/2025,10:10:01,38093.93,0,0,0,0,0,0
BSE IT.BSE_IDX,01/07/2025,10:10:09,38093.05,0,0,0,0,0,0
BSE IT.BSE_IDX,01/07/2025,10:10:17,38092.22,0,0,0,0,0,0
BSE IT.BSE_IDX,01/07/2025,10:10:25,38096.62,0,0,0,0,0,0
BSE IT.BSE_IDX,01/07/2025,10:10:33,38097.13,0,0,0,0,0,0
BSE IT.BSE_IDX,01/07/2025,10:10:41,38096.69,0,0,0,0,0,0
BSE IT.BSE_IDX,01/07/2025,10:10:49,38098.36,0,0,0,0,0,0
BSE IT.BSE_IDX,01/07/2025,10:10:57,38097.61,0,0,0,0,0,0
BSE IT.BSE_IDX,01/07/2025,10:11:05,38097.54,0,0,0,0,0,0
BSE IT.BSE_IDX,01/07/2025,10:11:13,38097.66,0,0,0,0,0,0
BSE IT.BSE_IDX,01/07/2025,10:11:22,38098.35,0,0,0,0,0,0
BSE IT.BSE_IDX,01/07/2025,10:11:29,38095.19,0,0,0,0,0,0
BSE IT.BSE_IDX,01/07/2025,10:11:37,38093.97,0,0,0,0,0,0
BSE IT.BSE_IDX,01/07/2025,10:11:45,38095.95,0,0,0,0,0,0
BSE IT.BSE_IDX,01/07/2025,10:11:53,38086.01,0,0,0,0,0,0
BSE IT.BSE_IDX,01/07/2025,10:12:01,38097.45,0,0,0,0,0,0
BSE IT.BSE_IDX,01/07/2025,10:12:09,38096.52,0,0,0,0,0,0
BSE IT.BSE_IDX,01/07/2025,10:12:17,38097.32,0,0,0,0,0,0
BSE IT.BSE_IDX,01/07/2025,10:12:25,38088.79,0,0,0,0,0,0
BSE IT.BSE_IDX,01/07/2025,10:12:33,38093.14,0,0,0,0,0,0
BSE IT.BSE_IDX,01/07/2025,10:12:41,38091.99,0,0,0,0,0,0
BSE IT.BSE_IDX,01/07/2025,10:12:49,38089.07,0,0,0,0,0,0
BSE IT.BSE_IDX,01/07/2025,10:12:57,38075.42,0,0,0,0,0,0
BSE IT.BSE_IDX,01/07/2025,10:13:05,38073.7,0,0,0,0,0,0
BSE IT.BSE_IDX,01/07/2025,10:13:13,38088.89,0,0,0,0,0,0
BSE IT.BSE_IDX,01/07/2025,10:13:21,38090.52,0,0,0,0,0,0
BSE IT.BSE_IDX,01/07/2025,10:13:29,38089.25,0,0,0,0,0,0
BSE IT.BSE_IDX,01/07/2025,10:13:37,38087.4,0,0,0,0,0,0
BSE IT.BSE_IDX,01/07/2025,10:13:45,38088.77,0,0,0,0,0,0
BSE IT.BSE_IDX,01/07/2025,10:13:53,38087.5,0,0,0,0,0,0
BSE IT.BSE_IDX,01/07/2025,10:14:01,38091.33,0,0,0,0,0,0
BSE IT.BSE_IDX,01/07/2025,10:14:09,38090.49,0,0,0,0,0,0
BSE IT.BSE_IDX,01/07/2025,10:14:17,38085.38,0,0,0,0,0,0
BSE IT.BSE_IDX,01/07/2025,10:14:25,38085.07,0,0,0,0,0,0
BSE IT.BSE_IDX,01/07/2025,10:14:33,38084.88,0,0,0,0,0,0
BSE IT.BSE_IDX,01/07/2025,10:14:41,38086.99,0,0,0,0,0,0
BSE IT.BSE_IDX,01/07/2025,10:14:49,38087.76,0,0,0,0,0,0
BSE IT.BSE_IDX,01/07/2025,10:14:57,38085.73,0,0,0,0,0,0
BSE IT.BSE_IDX,01/07/2025,10:15:05,38085.19,0,0,0,0,0,0
BSE IT.BSE_IDX,01/07/2025,10:15:13,38084.9,0,0,0,0,0,0
BSE IT.BSE_IDX,01/07/2025,10:15:21,38089.22,0,0,0,0,0,0
BSE IT.BSE_IDX,01/07/2025,10:15:29,38087.8,0,0,0,0,0,0
BSE IT.BSE_IDX,01/07/2025,10:15:37,38102.68,0,0,0,0,0,0
BSE IT.BSE_IDX,01/07/2025,10:15:45,38109.29,0,0,0,0,0,0
BSE IT.BSE_IDX,01/07/2025,10:15:53,38116.58,0,0,0,0,0,0
BSE IT.BSE_IDX,01/07/2025,10:16:01,38121.79,0,0,0,0,0,0
BSE IT.BSE_IDX,01/07/2025,10:16:09,38122.75,0,0,0,0,0,0
BSE IT.BSE_IDX,01/07/2025,10:16:17,38121.39,0,0,0,0,0,0
BSE IT.BSE_IDX,01/07/2025,10:16:25,38124.19,0,0,0,0,0,0
BSE IT.BSE_IDX,01/07/2025,10:16:33,38126.37,0,0,0,0,0,0
BSE IT.BSE_IDX,01/07/2025,10:16:41,38130.53,0,0,0,0,0,0
BSE IT.BSE_IDX,01/07/2025,10:16:49,38127.8,0,0,0,0,0,0
BSE IT.BSE_IDX,01/07/2025,10:16:57,38135.06,0,0,0,0,0,0
BSE IT.BSE_IDX,01/07/2025,10:17:05,38139.03,0,0,0,0,0,0
BSE IT.BSE_IDX,01/07/2025,10:17:13,38143.32,0,0,0,0,0,0
BSE IT.BSE_IDX,01/07/2025,10:17:21,38163.57,0,0,0,0,0,0
BSE IT.BSE_IDX,01/07/2025,10:17:29,38166.54,0,0,0,0,0,0
BSE IT.BSE_IDX,01/07/2025,10:17:37,38164.59,0,0,0,0,0,0
BSE IT.BSE_IDX,01/07/2025,10:17:45,38163.87,0,0,0,0,0,0
BSE IT.BSE_IDX,01/07/2025,10:17:53,38164.85,0,0,0,0,0,0
BSE IT.BSE_IDX,01/07/2025,10:18:01,38168.36,0,0,0,0,0,0
BSE IT.BSE_IDX,01/07/2025,10:18:09,38168.17,0,0,0,0,0,0
BSE IT.BSE_IDX,01/07/2025,10:18:17,38169.86,0,0,0,0,0,0
BSE IT.BSE_IDX,01/07/2025,10:18:25,38170.75,0,0,0,0,0,0
BSE IT.BSE_IDX,01/07/2025,10:18:33,38170.68,0,0,0,0,0,0
BSE IT.BSE_IDX,01/07/2025,10:18:41,38165.55,0,0,0,0,0,0
BSE IT.BSE_IDX,01/07/2025,10:18:49,38165.15,0,0,0,0,0,0
BSE IT.BSE_IDX,01/07/2025,10:18:57,38167.15,0,0,0,0,0,0
BSE IT.BSE_IDX,01/07/2025,10:19:05,38165.87,0,0,0,0,0,0
BSE IT.BSE_IDX,01/07/2025,10:19:13,38164.54,0,0,0,0,0,0
BSE IT.BSE_IDX,01/07/2025,10:19:21,38162.99,0,0,0,0,0,0
BSE IT.BSE_IDX,01/07/2025,10:19:29,38167.82,0,0,0,0,0,0
BSE IT.BSE_IDX,01/07/2025,10:19:37,38167.93,0,0,0,0,0,0
BSE IT.BSE_IDX,01/07/2025,10:19:45,38167.16,0,0,0,0,0,0
BSE IT.BSE_IDX,01/07/2025,10:19:53,38167.06,0,0,0,0,0,0
BSE IT.BSE_IDX,01/07/2025,10:20:01,38167.94,0,0,0,0,0,0
BSE IT.BSE_IDX,01/07/2025,10:20:09,38164.81,0,0,0,0,0,0
BSE IT.BSE_IDX,01/07/2025,10:20:17,38165.06,0,0,0,0,0,0
BSE IT.BSE_IDX,01/07/2025,10:20:25,38160.82,0,0,0,0,0,0
BSE IT.BSE_IDX,01/07/2025,10:20:33,38164.57,0,0,0,0,0,0
BSE IT.BSE_IDX,01/07/2025,10:20:41,38170.02,0,0,0,0,0,0
BSE IT.BSE_IDX,01/07/2025,10:20:49,38170.37,0,0,0,0,0,0
BSE IT.BSE_IDX,01/07/2025,10:20:57,38163.71,0,0,0,0,0,0
BSE IT.BSE_IDX,01/07/2025,10:21:05,38162.6,0,0,0,0,0,0
BSE IT.BSE_IDX,01/07/2025,10:21:13,38166.95,0,0,0,0,0,0
BSE IT.BSE_IDX,01/07/2025,10:21:21,38166.82,0,0,0,0,0,0
BSE IT.BSE_IDX,01/07/2025,10:21:29,38172.21,0,0,0,0,0,0
BSE IT.BSE_IDX,01/07/2025,10:21:37,38170.91,0,0,0,0,0,0
BSE IT.BSE_IDX,01/07/2025,10:21:45,38169.77,0,0,0,0,0,0
BSE IT.BSE_IDX,01/07/2025,10:21:53,38169.59,0,0,0,0,0,0
BSE IT.BSE_IDX,01/07/2025,10:22:01,38174.32,0,0,0,0,0,0
BSE IT.BSE_IDX,01/07/2025,10:22:09,38173.93,0,0,0,0,0,0
BSE IT.BSE_IDX,01/07/2025,10:22:17,38170.39,0,0,0,0,0,0
BSE IT.BSE_IDX,01/07/2025,10:22:25,38178.13,0,0,0,0,0,0
BSE IT.BSE_IDX,01/07/2025,10:22:33,38177.67,0,0,0,0,0,0
BSE IT.BSE_IDX,01/07/2025,10:22:41,38187.41,0,0,0,0,0,0
BSE IT.BSE_IDX,01/07/2025,10:22:49,38188.73,0,0,0,0,0,0
BSE IT.BSE_IDX,01/07/2025,10:22:57,38197.13,0,0,0,0,0,0
BSE IT.BSE_IDX,01/07/2025,10:23:05,38197.42,0,0,0,0,0,0
BSE IT.BSE_IDX,01/07/2025,10:23:13,38199.05,0,0,0,0,0,0
BSE IT.BSE_IDX,01/07/2025,10:23:21,38198.38,0,0,0,0,0,0
BSE IT.BSE_IDX,01/07/2025,10:23:29,38204.39,0,0,0,0,0,0
BSE IT.BSE_IDX,01/07/2025,10:23:37,38204.17,0,0,0,0,0,0
BSE IT.BSE_IDX,01/07/2025,10:23:45,38203.8,0,0,0,0,0,0
BSE IT.BSE_IDX,01/07/2025,10:23:53,38198.98,0,0,0,0,0,0
BSE IT.BSE_IDX,01/07/2025,10:24:01,38196.99,0,0,0,0,0,0
BSE IT.BSE_IDX,01/07/2025,10:24:09,38194.22,0,0,0,0,0,0
BSE IT.BSE_IDX,01/07/2025,10:24:17,38186.35,0,0,0,0,0,0
BSE IT.BSE_IDX,01/07/2025,10:24:25,38184.19,0,0,0,0,0,0
BSE IT.BSE_IDX,01/07/2025,10:24:33,38175.97,0,0,0,0,0,0
BSE IT.BSE_IDX,01/07/2025,10:24:41,38176.38,0,0,0,0,0,0
BSE IT.BSE_IDX,01/07/2025,10:24:49,38173.53,0,0,0,0,0,0
BSE IT.BSE_IDX,01/07/2025,10:24:57,38181.64,0,0,0,0,0,0
BSE IT.BSE_IDX,01/07/2025,10:25:05,38180.43,0,0,0,0,0,0
BSE IT.BSE_IDX,01/07/2025,10:25:13,38179.49,0,0,0,0,0,0
BSE IT.BSE_IDX,01/07/2025,10:25:21,38174.44,0,0,0,0,0,0
BSE IT.BSE_IDX,01/07/2025,10:25:29,38174.36,0,0,0,0,0,0
BSE IT.BSE_IDX,01/07/2025,10:25:37,38176.6,0,0,0,0,0,0
BSE IT.BSE_IDX,01/07/2025,10:25:45,38173.76,0,0,0,0,0,0
BSE IT.BSE_IDX,01/07/2025,10:25:53,38171.58,0,0,0,0,0,0
BSE IT.BSE_IDX,01/07/2025,10:26:01,38176.36,0,0,0,0,0,0
BSE IT.BSE_IDX,01/07/2025,10:26:09,38176.05,0,0,0,0,0,0
BSE IT.BSE_IDX,01/07/2025,10:26:17,38178.74,0,0,0,0,0,0
BSE IT.BSE_IDX,01/07/2025,10:26:25,38178.34,0,0,0,0,0,0
BSE IT.BSE_IDX,01/07/2025,10:26:33,38176.81,0,0,0,0,0,0
BSE IT.BSE_IDX,01/07/2025,10:26:41,38177.31,0,0,0,0,0,0
BSE IT.BSE_IDX,01/07/2025,10:26:49,38179.07,0,0,0,0,0,0
BSE IT.BSE_IDX,01/07/2025,10:26:57,38177.16,0,0,0,0,0,0
BSE IT.BSE_IDX,01/07/2025,10:27:05,38174.2,0,0,0,0,0,0
BSE IT.BSE_IDX,01/07/2025,10:27:13,38171.47,0,0,0,0,0,0
BSE IT.BSE_IDX,01/07/2025,10:27:21,38171.13,0,0,0,0,0,0
BSE IT.BSE_IDX,01/07/2025,10:27:29,38177.6,0,0,0,0,0,0
BSE IT.BSE_IDX,01/07/2025,10:27:37,38177.86,0,0,0,0,0,0
BSE IT.BSE_IDX,01/07/2025,10:27:45,38180.14,0,0,0,0,0,0
BSE IT.BSE_IDX,01/07/2025,10:27:53,38180.41,0,0,0,0,0,0
BSE IT.BSE_IDX,01/07/2025,10:28:01,38182.86,0,0,0,0,0,0
BSE IT.BSE_IDX,01/07/2025,10:28:09,38182.65,0,0,0,0,0,0
BSE IT.BSE_IDX,01/07/2025,10:28:17,38190.6,0,0,0,0,0,0
BSE IT.BSE_IDX,01/07/2025,10:28:25,38185.21,0,0,0,0,0,0
BSE IT.BSE_IDX,01/07/2025,10:28:33,38185.85,0,0,0,0,0,0
BSE IT.BSE_IDX,01/07/2025,10:28:41,38184.51,0,0,0,0,0,0
BSE IT.BSE_IDX,01/07/2025,10:28:49,38185.37,0,0,0,0,0,0
BSE IT.BSE_IDX,01/07/2025,10:28:57,38187.45,0,0,0,0,0,0
BSE IT.BSE_IDX,01/07/2025,10:29:05,38192.41,0,0,0,0,0,0
BSE IT.BSE_IDX,01/07/2025,10:29:13,38193.01,0,0,0,0,0,0
BSE IT.BSE_IDX,01/07/2025,10:29:21,38193.08,0,0,0,0,0,0
BSE IT.BSE_IDX,01/07/2025,10:29:29,38193.14,0,0,0,0,0,0
BSE IT.BSE_IDX,01/07/2025,10:29:37,38186.75,0,0,0,0,0,0
BSE IT.BSE_IDX,01/07/2025,10:29:46,38186.51,0,0,0,0,0,0
BSE IT.BSE_IDX,01/07/2025,10:29:54,38185.57,0,0,0,0,0,0
BSE IT.BSE_IDX,01/07/2025,10:30:01,38185.61,0,0,0,0,0,0
BSE IT.BSE_IDX,01/07/2025,10:30:09,38191.38,0,0,0,0,0,0
BSE IT.BSE_IDX,01/07/2025,10:30:17,38195.29,0,0,0,0,0,0
BSE IT.BSE_IDX,01/07/2025,10:30:25,38198.76,0,0,0,0,0,0
BSE IT.BSE_IDX,01/07/2025,10:30:33,38198.2,0,0,0,0,0,0
BSE IT.BSE_IDX,01/07/2025,10:30:41,38199.72,0,0,0,0,0,0
BSE IT.BSE_IDX,01/07/2025,10:30:49,38197.56,0,0,0,0,0,0
BSE IT.BSE_IDX,01/07/2025,10:30:57,38198.62,0,0,0,0,0,0
BSE IT.BSE_IDX,01/07/2025,10:31:05,38203.36,0,0,0,0,0,0
BSE IT.BSE_IDX,01/07/2025,10:31:13,38203.18,0,0,0,0,0,0
BSE IT.BSE_IDX,01/07/2025,10:31:21,38203.51,0,0,0,0,0,0
BSE IT.BSE_IDX,01/07/2025,10:31:29,38203.06,0,0,0,0,0,0
BSE IT.BSE_IDX,01/07/2025,10:31:37,38202.46,0,0,0,0,0,0
BSE IT.BSE_IDX,01/07/2025,10:31:45,38195.36,0,0,0,0,0,0
BSE IT.BSE_IDX,01/07/2025,10:31:53,38194.93,0,0,0,0,0,0
BSE IT.BSE_IDX,01/07/2025,10:32:01,38195.28,0,0,0,0,0,0
BSE IT.BSE_IDX,01/07/2025,10:32:09,38189.56,0,0,0,0,0,0
BSE IT.BSE_IDX,01/07/2025,10:32:17,38189.53,0,0,0,0,0,0
BSE IT.BSE_IDX,01/07/2025,10:32:25,38189,0,0,0,0,0,0
BSE IT.BSE_IDX,01/07/2025,10:32:33,38190.66,0,0,0,0,0,0
BSE IT.BSE_IDX,01/07/2025,10:32:41,38189.65,0,0,0,0,0,0
BSE IT.BSE_IDX,01/07/2025,10:32:49,38191.09,0,0,0,0,0,0
BSE IT.BSE_IDX,01/07/2025,10:32:57,38197.58,0,0,0,0,0,0
BSE IT.BSE_IDX,01/07/2025,10:33:05,38201.24,0,0,0,0,0,0
BSE IT.BSE_IDX,01/07/2025,10:33:13,38200.71,0,0,0,0,0,0
BSE IT.BSE_IDX,01/07/2025,10:33:21,38199.48,0,0,0,0,0,0
BSE IT.BSE_IDX,01/07/2025,10:33:29,38198.48,0,0,0,0,0,0
BSE IT.BSE_IDX,01/07/2025,10:33:37,38200.27,0,0,0,0,0,0
BSE IT.BSE_IDX,01/07/2025,10:33:45,38200.76,0,0,0,0,0,0
BSE IT.BSE_IDX,01/07/2025,10:33:53,38201.17,0,0,0,0,0,0
BSE IT.BSE_IDX,01/07/2025,10:34:01,38194.15,0,0,0,0,0,0
BSE IT.BSE_IDX,01/07/2025,10:34:09,38195.56,0,0,0,0,0,0
BSE IT.BSE_IDX,01/07/2025,10:34:17,38194.56,0,0,0,0,0,0
BSE IT.BSE_IDX,01/07/2025,10:34:25,38196.68,0,0,0,0,0,0
BSE IT.BSE_IDX,01/07/2025,10:34:33,38197.56,0,0,0,0,0,0
BSE IT.BSE_IDX,01/07/2025,10:34:41,38199.19,0,0,0,0,0,0
BSE IT.BSE_IDX,01/07/2025,10:34:49,38199.29,0,0,0,0,0,0
BSE IT.BSE_IDX,01/07/2025,10:34:58,38198.39,0,0,0,0,0,0
BSE IT.BSE_IDX,01/07/2025,10:35:06,38198.42,0,0,0,0,0,0
BSE IT.BSE_IDX,01/07/2025,10:35:14,38200.55,0,0,0,0,0,0
BSE IT.BSE_IDX,01/07/2025,10:35:21,38201.96,0,0,0,0,0,0
BSE IT.BSE_IDX,01/07/2025,10:35:29,38199.12,0,0,0,0,0,0
BSE IT.BSE_IDX,01/07/2025,10:35:37,38194.75,0,0,0,0,0,0
BSE IT.BSE_IDX,01/07/2025,10:35:45,38196.07,0,0,0,0,0,0
BSE IT.BSE_IDX,01/07/2025,10:35:54,38202.53,0,0,0,0,0,0
BSE IT.BSE_IDX,01/07/2025,10:36:02,38206.74,0,0,0,0,0,0
BSE IT.BSE_IDX,01/07/2025,10:36:10,38206.7,0,0,0,0,0,0
BSE IT.BSE_IDX,01/07/2025,10:36:17,38209.01,0,0,0,0,0,0
BSE IT.BSE_IDX,01/07/2025,10:36:25,38207.01,0,0,0,0,0,0
BSE IT.BSE_IDX,01/07/2025,10:36:34,38207.85,0,0,0,0,0,0
BSE IT.BSE_IDX,01/07/2025,10:36:42,38207.97,0,0,0,0,0,0
BSE IT.BSE_IDX,01/07/2025,10:36:49,38213.65,0,0,0,0,0,0
BSE IT.BSE_IDX,01/07/2025,10:36:58,38215.9,0,0,0,0,0,0
BSE IT.BSE_IDX,01/07/2025,10:37:05,38218,0,0,0,0,0,0
BSE IT.BSE_IDX,01/07/2025,10:37:14,38220.15,0,0,0,0,0,0
BSE IT.BSE_IDX,01/07/2025,10:37:21,38218.34,0,0,0,0,0,0
BSE IT.BSE_IDX,01/07/2025,10:37:30,38213.48,0,0,0,0,0,0
BSE IT.BSE_IDX,01/07/2025,10:37:38,38214.93,0,0,0,0,0,0
BSE IT.BSE_IDX,01/07/2025,10:37:46,38215.01,0,0,0,0,0,0
BSE IT.BSE_IDX,01/07/2025,10:37:54,38215.77,0,0,0,0,0,0
BSE IT.BSE_IDX,01/07/2025,10:38:02,38207.76,0,0,0,0,0,0
BSE IT.BSE_IDX,01/07/2025,10:38:10,38209.73,0,0,0,0,0,0
BSE IT.BSE_IDX,01/07/2025,10:38:18,38204.67,0,0,0,0,0,0
BSE IT.BSE_IDX,01/07/2025,10:38:26,38206.33,0,0,0,0,0,0
BSE IT.BSE_IDX,01/07/2025,10:38:34,38208.13,0,0,0,0,0,0
BSE IT.BSE_IDX,01/07/2025,10:38:42,38208.2,0,0,0,0,0,0
BSE IT.BSE_IDX,01/07/2025,10:38:50,38208.46,0,0,0,0,0,0
BSE IT.BSE_IDX,01/07/2025,10:38:58,38209.04,0,0,0,0,0,0
BSE IT.BSE_IDX,01/07/2025,10:39:06,38216.74,0,0,0,0,0,0
BSE IT.BSE_IDX,01/07/2025,10:39:14,38219.49,0,0,0,0,0,0
BSE IT.BSE_IDX,01/07/2025,10:39:22,38214.53,0,0,0,0,0,0
BSE IT.BSE_IDX,01/07/2025,10:39:30,38211.33,0,0,0,0,0,0
BSE IT.BSE_IDX,01/07/2025,10:39:38,38216.4,0,0,0,0,0,0
BSE IT.BSE_IDX,01/07/2025,10:39:46,38224.03,0,0,0,0,0,0
BSE IT.BSE_IDX,01/07/2025,10:39:54,38223.22,0,0,0,0,0,0
BSE IT.BSE_IDX,01/07/2025,10:40:02,38222.68,0,0,0,0,0,0
BSE IT.BSE_IDX,01/07/2025,10:40:10,38208.55,0,0,0,0,0,0
BSE IT.BSE_IDX,01/07/2025,10:40:18,38207.44,0,0,0,0,0,0
BSE IT.BSE_IDX,01/07/2025,10:40:26,38207.84,0,0,0,0,0,0
BSE IT.BSE_IDX,01/07/2025,10:40:34,38207.26,0,0,0,0,0,0
BSE IT.BSE_IDX,01/07/2025,10:40:42,38205.99,0,0,0,0,0,0
BSE IT.BSE_IDX,01/07/2025,10:40:50,38205.11,0,0,0,0,0,0
BSE IT.BSE_IDX,01/07/2025,10:40:58,38207.5,0,0,0,0,0,0
BSE IT.BSE_IDX,01/07/2025,10:41:06,38204.47,0,0,0,0,0,0
BSE IT.BSE_IDX,01/07/2025,10:41:14,38196.53,0,0,0,0,0,0
BSE IT.BSE_IDX,01/07/2025,10:41:22,38194.11,0,0,0,0,0,0
BSE IT.BSE_IDX,01/07/2025,10:41:30,38186.91,0,0,0,0,0,0
BSE IT.BSE_IDX,01/07/2025,10:41:38,38201.57,0,0,0,0,0,0
BSE IT.BSE_IDX,01/07/2025,10:41:46,38200.83,0,0,0,0,0,0
BSE IT.BSE_IDX,01/07/2025,10:41:54,38200.55,0,0,0,0,0,0
BSE IT.BSE_IDX,01/07/2025,10:42:02,38201.61,0,0,0,0,0,0
BSE IT.BSE_IDX,01/07/2025,10:42:10,38203.02,0,0,0,0,0,0
BSE IT.BSE_IDX,01/07/2025,10:42:18,38204.12,0,0,0,0,0,0
BSE IT.BSE_IDX,01/07/2025,10:42:26,38203.8,0,0,0,0,0,0
BSE IT.BSE_IDX,01/07/2025,10:42:34,38207.07,0,0,0,0,0,0
BSE IT.BSE_IDX,01/07/2025,10:42:42,38205.59,0,0,0,0,0,0
BSE IT.BSE_IDX,01/07/2025,10:42:50,38206.66,0,0,0,0,0,0
BSE IT.BSE_IDX,01/07/2025,10:42:58,38203.98,0,0,0,0,0,0
BSE IT.BSE_IDX,01/07/2025,10:43:06,38202.4,0,0,0,0,0,0
BSE IT.BSE_IDX,01/07/2025,10:43:14,38196.27,0,0,0,0,0,0
BSE IT.BSE_IDX,01/07/2025,10:43:22,38195.38,0,0,0,0,0,0
BSE IT.BSE_IDX,01/07/2025,10:43:30,38195.42,0,0,0,0,0,0
BSE IT.BSE_IDX,01/07/2025,10:43:38,38191.08,0,0,0,0,0,0
BSE IT.BSE_IDX,01/07/2025,10:43:46,38190.34,0,0,0,0,0,0
BSE IT.BSE_IDX,01/07/2025,10:43:54,38195.53,0,0,0,0,0,0
BSE IT.BSE_IDX,01/07/2025,10:44:02,38194.53,0,0,0,0,0,0
BSE IT.BSE_IDX,01/07/2025,10:44:10,38195.91,0,0,0,0,0,0
BSE IT.BSE_IDX,01/07/2025,10:44:18,38193.76,0,0,0,0,0,0
BSE IT.BSE_IDX,01/07/2025,10:44:26,38198.64,0,0,0,0,0,0
BSE IT.BSE_IDX,01/07/2025,10:44:34,38196.65,0,0,0,0,0,0
BSE IT.BSE_IDX,01/07/2025,10:44:42,38197.43,0,0,0,0,0,0
BSE IT.BSE_IDX,01/07/2025,10:44:50,38203.99,0,0,0,0,0,0
BSE IT.BSE_IDX,01/07/2025,10:44:58,38200.34,0,0,0,0,0,0
BSE IT.BSE_IDX,01/07/2025,10:45:07,38192.62,0,0,0,0,0,0
BSE IT.BSE_IDX,01/07/2025,10:45:14,38195.73,0,0,0,0,0,0
BSE IT.BSE_IDX,01/07/2025,10:45:22,38193.13,0,0,0,0,0,0
BSE IT.BSE_IDX,01/07/2025,10:45:30,38192.53,0,0,0,0,0,0
BSE IT.BSE_IDX,01/07/2025,10:45:38,38186.03,0,0,0,0,0,0
BSE IT.BSE_IDX,01/07/2025,10:45:46,38189.5,0,0,0,0,0,0
BSE IT.BSE_IDX,01/07/2025,10:45:54,38189.97,0,0,0,0,0,0
BSE IT.BSE_IDX,01/07/2025,10:46:02,38189.9,0,0,0,0,0,0
BSE IT.BSE_IDX,01/07/2025,10:46:10,38186.9,0,0,0,0,0,0
BSE IT.BSE_IDX,01/07/2025,10:46:18,38187.61,0,0,0,0,0,0
BSE IT.BSE_IDX,01/07/2025,10:46:26,38194,0,0,0,0,0,0
BSE IT.BSE_IDX,01/07/2025,10:46:34,38197.87,0,0,0,0,0,0
BSE IT.BSE_IDX,01/07/2025,10:46:42,38202.65,0,0,0,0,0,0
BSE IT.BSE_IDX,01/07/2025,10:46:50,38207.6,0,0,0,0,0,0
BSE IT.BSE_IDX,01/07/2025,10:46:58,38205.7,0,0,0,0,0,0
BSE IT.BSE_IDX,01/07/2025,10:47:06,38206.65,0,0,0,0,0,0
BSE IT.BSE_IDX,01/07/2025,10:47:14,38205.66,0,0,0,0,0,0
BSE IT.BSE_IDX,01/07/2025,10:47:22,38197.61,0,0,0,0,0,0
BSE IT.BSE_IDX,01/07/2025,10:47:30,38198.11,0,0,0,0,0,0
BSE IT.BSE_IDX,01/07/2025,10:47:38,38205.14,0,0,0,0,0,0
BSE IT.BSE_IDX,01/07/2025,10:47:46,38199.44,0,0,0,0,0,0
BSE IT.BSE_IDX,01/07/2025,10:47:54,38204.1,0,0,0,0,0,0
BSE IT.BSE_IDX,01/07/2025,10:48:02,38204.34,0,0,0,0,0,0
BSE IT.BSE_IDX,01/07/2025,10:48:10,38198.64,0,0,0,0,0,0
BSE IT.BSE_IDX,01/07/2025,10:48:18,38197.48,0,0,0,0,0,0
BSE IT.BSE_IDX,01/07/2025,10:48:26,38202.75,0,0,0,0,0,0
BSE IT.BSE_IDX,01/07/2025,10:48:34,38197.21,0,0,0,0,0,0
BSE IT.BSE_IDX,01/07/2025,10:48:42,38196.23,0,0,0,0,0,0
BSE IT.BSE_IDX,01/07/2025,10:48:50,38197.19,0,0,0,0,0,0
BSE IT.BSE_IDX,01/07/2025,10:48:58,38199.87,0,0,0,0,0,0
BSE IT.BSE_IDX,01/07/2025,10:49:06,38192.55,0,0,0,0,0,0
BSE IT.BSE_IDX,01/07/2025,10:49:14,38188.36,0,0,0,0,0,0
BSE IT.BSE_IDX,01/07/2025,10:49:22,38188.9,0,0,0,0,0,0
BSE IT.BSE_IDX,01/07/2025,10:49:30,38181.94,0,0,0,0,0,0
BSE IT.BSE_IDX,01/07/2025,10:49:38,38181.32,0,0,0,0,0,0
BSE IT.BSE_IDX,01/07/2025,10:49:46,38175.47,0,0,0,0,0,0
BSE IT.BSE_IDX,01/07/2025,10:49:54,38175.31,0,0,0,0,0,0
BSE IT.BSE_IDX,01/07/2025,10:50:02,38175.05,0,0,0,0,0,0
BSE IT.BSE_IDX,01/07/2025,10:50:10,38173.32,0,0,0,0,0,0
BSE IT.BSE_IDX,01/07/2025,10:50:18,38172.33,0,0,0,0,0,0
BSE IT.BSE_IDX,01/07/2025,10:50:26,38174.88,0,0,0,0,0,0
BSE IT.BSE_IDX,01/07/2025,10:50:34,38173.11,0,0,0,0,0,0
BSE IT.BSE_IDX,01/07/2025,10:50:42,38173.12,0,0,0,0,0,0
BSE IT.BSE_IDX,01/07/2025,10:50:50,38174.46,0,0,0,0,0,0
BSE IT.BSE_IDX,01/07/2025,10:50:58,38177.12,0,0,0,0,0,0
BSE IT.BSE_IDX,01/07/2025,10:51:06,38174.37,0,0,0,0,0,0
BSE IT.BSE_IDX,01/07/2025,10:51:14,38173.28,0,0,0,0,0,0
BSE IT.BSE_IDX,01/07/2025,10:51:22,38173.44,0,0,0,0,0,0
BSE IT.BSE_IDX,01/07/2025,10:51:30,38173.11,0,0,0,0,0,0
BSE IT.BSE_IDX,01/07/2025,10:51:38,38173.41,0,0,0,0,0,0
BSE IT.BSE_IDX,01/07/2025,10:51:46,38172.26,0,0,0,0,0,0
BSE IT.BSE_IDX,01/07/2025,10:51:54,38158.9,0,0,0,0,0,0
BSE IT.BSE_IDX,01/07/2025,10:52:02,38156.79,0,0,0,0,0,0
BSE IT.BSE_IDX,01/07/2025,10:52:10,38157.22,0,0,0,0,0,0
BSE IT.BSE_IDX,01/07/2025,10:52:18,38154.68,0,0,0,0,0,0
BSE IT.BSE_IDX,01/07/2025,10:52:26,38145.02,0,0,0,0,0,0
BSE IT.BSE_IDX,01/07/2025,10:52:34,38143.6,0,0,0,0,0,0
BSE IT.BSE_IDX,01/07/2025,10:52:43,38142.69,0,0,0,0,0,0
BSE IT.BSE_IDX,01/07/2025,10:52:50,38142.42,0,0,0,0,0,0
BSE IT.BSE_IDX,01/07/2025,10:52:58,38141.27,0,0,0,0,0,0
BSE IT.BSE_IDX,01/07/2025,10:53:06,38136.83,0,0,0,0,0,0
BSE IT.BSE_IDX,01/07/2025,10:53:14,38135.61,0,0,0,0,0,0
BSE IT.BSE_IDX,01/07/2025,10:53:22,38136.2,0,0,0,0,0,0
BSE IT.BSE_IDX,01/07/2025,10:53:30,38134.45,0,0,0,0,0,0
BSE IT.BSE_IDX,01/07/2025,10:53:38,38138.77,0,0,0,0,0,0
BSE IT.BSE_IDX,01/07/2025,10:53:46,38137.8,0,0,0,0,0,0
BSE IT.BSE_IDX,01/07/2025,10:53:54,38138.03,0,0,0,0,0,0
BSE IT.BSE_IDX,01/07/2025,10:54:02,38138.31,0,0,0,0,0,0
BSE IT.BSE_IDX,01/07/2025,10:54:10,38138.3,0,0,0,0,0,0
BSE IT.BSE_IDX,01/07/2025,10:54:18,38133.17,0,0,0,0,0,0
BSE IT.BSE_IDX,01/07/2025,10:54:26,38133.81,0,0,0,0,0,0
BSE IT.BSE_IDX,01/07/2025,10:54:34,38139.47,0,0,0,0,0,0
BSE IT.BSE_IDX,01/07/2025,10:54:42,38138.72,0,0,0,0,0,0
BSE IT.BSE_IDX,01/07/2025,10:54:51,38135.37,0,0,0,0,0,0
BSE IT.BSE_IDX,01/07/2025,10:54:58,38134.9,0,0,0,0,0,0
BSE IT.BSE_IDX,01/07/2025,10:55:06,38135.85,0,0,0,0,0,0
BSE IT.BSE_IDX,01/07/2025,10:55:14,38129.17,0,0,0,0,0,0
BSE IT.BSE_IDX,01/07/2025,10:55:22,38135.21,0,0,0,0,0,0
BSE IT.BSE_IDX,01/07/2025,10:55:30,38135.43,0,0,0,0,0,0
BSE IT.BSE_IDX,01/07/2025,10:55:38,38135.21,0,0,0,0,0,0
BSE IT.BSE_IDX,01/07/2025,10:55:46,38134.82,0,0,0,0,0,0
BSE IT.BSE_IDX,01/07/2025,10:55:54,38131.81,0,0,0,0,0,0
BSE IT.BSE_IDX,01/07/2025,10:56:02,38129.99,0,0,0,0,0,0
BSE IT.BSE_IDX,01/07/2025,10:56:10,38132.17,0,0,0,0,0,0
BSE IT.BSE_IDX,01/07/2025,10:56:18,38132.48,0,0,0,0,0,0
BSE IT.BSE_IDX,01/07/2025,10:56:26,38128.17,0,0,0,0,0,0
BSE IT.BSE_IDX,01/07/2025,10:56:34,38128.34,0,0,0,0,0,0
BSE IT.BSE_IDX,01/07/2025,10:56:42,38129.1,0,0,0,0,0,0
BSE IT.BSE_IDX,01/07/2025,10:56:50,38127.82,0,0,0,0,0,0
BSE IT.BSE_IDX,01/07/2025,10:56:58,38127,0,0,0,0,0,0
BSE IT.BSE_IDX,01/07/2025,10:57:06,38127.97,0,0,0,0,0,0
BSE IT.BSE_IDX,01/07/2025,10:57:14,38128.88,0,0,0,0,0,0
BSE IT.BSE_IDX,01/07/2025,10:57:22,38127.4,0,0,0,0,0,0
BSE IT.BSE_IDX,01/07/2025,10:57:30,38123.55,0,0,0,0,0,0
BSE IT.BSE_IDX,01/07/2025,10:57:39,38123.78,0,0,0,0,0,0
BSE IT.BSE_IDX,01/07/2025,10:57:46,38123.78,0,0,0,0,0,0
BSE IT.BSE_IDX,01/07/2025,10:57:54,38123.17,0,0,0,0,0,0
BSE IT.BSE_IDX,01/07/2025,10:58:02,38119.14,0,0,0,0,0,0
BSE IT.BSE_IDX,01/07/2025,10:58:10,38116.94,0,0,0,0,0,0
BSE IT.BSE_IDX,01/07/2025,10:58:18,38118.98,0,0,0,0,0,0
BSE IT.BSE_IDX,01/07/2025,10:58:26,38118.37,0,0,0,0,0,0
BSE IT.BSE_IDX,01/07/2025,10:58:34,38126.29,0,0,0,0,0,0
BSE IT.BSE_IDX,01/07/2025,10:58:42,38126.66,0,0,0,0,0,0
BSE IT.BSE_IDX,01/07/2025,10:58:50,38126.91,0,0,0,0,0,0
BSE IT.BSE_IDX,01/07/2025,10:58:58,38128.75,0,0,0,0,0,0
BSE IT.BSE_IDX,01/07/2025,10:59:06,38126.09,0,0,0,0,0,0
BSE IT.BSE_IDX,01/07/2025,10:59:14,38126.2,0,0,0,0,0,0
BSE IT.BSE_IDX,01/07/2025,10:59:22,38126.82,0,0,0,0,0,0
BSE IT.BSE_IDX,01/07/2025,10:59:30,38127.16,0,0,0,0,0,0
BSE IT.BSE_IDX,01/07/2025,10:59:38,38122.95,0,0,0,0,0,0
BSE IT.BSE_IDX,01/07/2025,10:59:47,38123.43,0,0,0,0,0,0
BSE IT.BSE_IDX,01/07/2025,10:59:55,38121.23,0,0,0,0,0,0
BSE IT.BSE_IDX,01/07/2025,11:00:03,38121.01,0,0,0,0,0,0
BSE IT.BSE_IDX,01/07/2025,11:00:11,38120.56,0,0,0,0,0,0
BSE IT.BSE_IDX,01/07/2025,11:00:18,38120.29,0,0,0,0,0,0
BSE IT.BSE_IDX,01/07/2025,11:00:26,38120.68,0,0,0,0,0,0
BSE IT.BSE_IDX,01/07/2025,11:00:34,38124.79,0,0,0,0,0,0
BSE IT.BSE_IDX,01/07/2025,11:00:42,38128.99,0,0,0,0,0,0
BSE IT.BSE_IDX,01/07/2025,11:00:50,38126.87,0,0,0,0,0,0
BSE IT.BSE_IDX,01/07/2025,11:00:58,38126.69,0,0,0,0,0,0
BSE IT.BSE_IDX,01/07/2025,11:01:06,38127.17,0,0,0,0,0,0
BSE IT.BSE_IDX,01/07/2025,11:01:15,38128.4,0,0,0,0,0,0
BSE IT.BSE_IDX,01/07/2025,11:01:22,38122.89,0,0,0,0,0,0
BSE IT.BSE_IDX,01/07/2025,11:01:30,38123.95,0,0,0,0,0,0
BSE IT.BSE_IDX,01/07/2025,11:01:38,38121.92,0,0,0,0,0,0
BSE IT.BSE_IDX,01/07/2025,11:01:46,38122.04,0,0,0,0,0,0
BSE IT.BSE_IDX,01/07/2025,11:01:54,38118,0,0,0,0,0,0
BSE IT.BSE_IDX,01/07/2025,11:02:02,38112.42,0,0,0,0,0,0
BSE IT.BSE_IDX,01/07/2025,11:02:10,38108.22,0,0,0,0,0,0
BSE IT.BSE_IDX,01/07/2025,11:02:18,38106.18,0,0,0,0,0,0
BSE IT.BSE_IDX,01/07/2025,11:02:27,38106.45,0,0,0,0,0,0
BSE IT.BSE_IDX,01/07/2025,11:02:34,38108.15,0,0,0,0,0,0
BSE IT.BSE_IDX,01/07/2025,11:02:42,38106.38,0,0,0,0,0,0
BSE IT.BSE_IDX,01/07/2025,11:02:51,38111.99,0,0,0,0,0,0
BSE IT.BSE_IDX,01/07/2025,11:02:58,38115.43,0,0,0,0,0,0
BSE IT.BSE_IDX,01/07/2025,11:03:06,38114.23,0,0,0,0,0,0
BSE IT.BSE_IDX,01/07/2025,11:03:14,38112.78,0,0,0,0,0,0
BSE IT.BSE_IDX,01/07/2025,11:03:22,38111.75,0,0,0,0,0,0
BSE IT.BSE_IDX,01/07/2025,11:03:31,38111.35,0,0,0,0,0,0
BSE IT.BSE_IDX,01/07/2025,11:03:38,38107.55,0,0,0,0,0,0
BSE IT.BSE_IDX,01/07/2025,11:03:46,38104,0,0,0,0,0,0
BSE IT.BSE_IDX,01/07/2025,11:03:54,38104.07,0,0,0,0,0,0
BSE IT.BSE_IDX,01/07/2025,11:04:02,38103.57,0,0,0,0,0,0
BSE IT.BSE_IDX,01/07/2025,11:04:10,38103.95,0,0,0,0,0,0
BSE IT.BSE_IDX,01/07/2025,11:04:18,38105.74,0,0,0,0,0,0
BSE IT.BSE_IDX,01/07/2025,11:04:27,38115.3,0,0,0,0,0,0
BSE IT.BSE_IDX,01/07/2025,11:04:34,38116.74,0,0,0,0,0,0
BSE IT.BSE_IDX,01/07/2025,11:04:42,38115.58,0,0,0,0,0,0
BSE IT.BSE_IDX,01/07/2025,11:04:51,38116.08,0,0,0,0,0,0
BSE IT.BSE_IDX,01/07/2025,11:04:58,38117.49,0,0,0,0,0,0
BSE IT.BSE_IDX,01/07/2025,11:05:06,38120.57,0,0,0,0,0,0
BSE IT.BSE_IDX,01/07/2025,11:05:14,38121.54,0,0,0,0,0,0
BSE IT.BSE_IDX,01/07/2025,11:05:22,38122.96,0,0,0,0,0,0
BSE IT.BSE_IDX,01/07/2025,11:05:30,38124.48,0,0,0,0,0,0
BSE IT.BSE_IDX,01/07/2025,11:05:38,38128.08,0,0,0,0,0,0
BSE IT.BSE_IDX,01/07/2025,11:05:46,38129.18,0,0,0,0,0,0
BSE IT.BSE_IDX,01/07/2025,11:05:54,38131.22,0,0,0,0,0,0
BSE IT.BSE_IDX,01/07/2025,11:06:02,38131.27,0,0,0,0,0,0
BSE IT.BSE_IDX,01/07/2025,11:06:11,38129.33,0,0,0,0,0,0
BSE IT.BSE_IDX,01/07/2025,11:06:19,38136.98,0,0,0,0,0,0
BSE IT.BSE_IDX,01/07/2025,11:06:26,38135.55,0,0,0,0,0,0
BSE IT.BSE_IDX,01/07/2025,11:06:34,38124.67,0,0,0,0,0,0
BSE IT.BSE_IDX,01/07/2025,11:06:42,38125.51,0,0,0,0,0,0
BSE IT.BSE_IDX,01/07/2025,11:06:50,38126.87,0,0,0,0,0,0
BSE IT.BSE_IDX,01/07/2025,11:06:58,38127.48,0,0,0,0,0,0
BSE IT.BSE_IDX,01/07/2025,11:07:06,38128.55,0,0,0,0,0,0
BSE IT.BSE_IDX,01/07/2025,11:07:15,38123.34,0,0,0,0,0,0
BSE IT.BSE_IDX,01/07/2025,11:07:22,38126.22,0,0,0,0,0,0
BSE IT.BSE_IDX,01/07/2025,11:07:30,38123.31,0,0,0,0,0,0
BSE IT.BSE_IDX,01/07/2025,11:07:38,38127.67,0,0,0,0,0,0
BSE IT.BSE_IDX,01/07/2025,11:07:46,38130.47,0,0,0,0,0,0
BSE IT.BSE_IDX,01/07/2025,11:07:54,38132.74,0,0,0,0,0,0
BSE IT.BSE_IDX,01/07/2025,11:08:02,38136.31,0,0,0,0,0,0
BSE IT.BSE_IDX,01/07/2025,11:08:11,38136.34,0,0,0,0,0,0
BSE IT.BSE_IDX,01/07/2025,11:08:18,38136.21,0,0,0,0,0,0
BSE IT.BSE_IDX,01/07/2025,11:08:26,38139.58,0,0,0,0,0,0
BSE IT.BSE_IDX,01/07/2025,11:08:35,38136.76,0,0,0,0,0,0
BSE IT.BSE_IDX,01/07/2025,11:08:43,38135.54,0,0,0,0,0,0
BSE IT.BSE_IDX,01/07/2025,11:08:51,38135.4,0,0,0,0,0,0
BSE IT.BSE_IDX,01/07/2025,11:08:58,38134.77,0,0,0,0,0,0
BSE IT.BSE_IDX,01/07/2025,11:09:07,38135.53,0,0,0,0,0,0
BSE IT.BSE_IDX,01/07/2025,11:09:15,38135.74,0,0,0,0,0,0
BSE IT.BSE_IDX,01/07/2025,11:09:23,38136.14,0,0,0,0,0,0
BSE IT.BSE_IDX,01/07/2025,11:09:31,38136.55,0,0,0,0,0,0
BSE IT.BSE_IDX,01/07/2025,11:09:39,38139.44,0,0,0,0,0,0
BSE IT.BSE_IDX,01/07/2025,11:09:46,38138.41,0,0,0,0,0,0
BSE IT.BSE_IDX,01/07/2025,11:09:55,38138.7,0,0,0,0,0,0
BSE IT.BSE_IDX,01/07/2025,11:10:03,38139.33,0,0,0,0,0,0
BSE IT.BSE_IDX,01/07/2025,11:10:11,38140.03,0,0,0,0,0,0
BSE IT.BSE_IDX,01/07/2025,11:10:19,38141.69,0,0,0,0,0,0
BSE IT.BSE_IDX,01/07/2025,11:10:27,38138.87,0,0,0,0,0,0
BSE IT.BSE_IDX,01/07/2025,11:10:35,38140.69,0,0,0,0,0,0
BSE IT.BSE_IDX,01/07/2025,11:10:43,38142.77,0,0,0,0,0,0
BSE IT.BSE_IDX,01/07/2025,11:10:51,38142.62,0,0,0,0,0,0
BSE IT.BSE_IDX,01/07/2025,11:10:59,38142.47,0,0,0,0,0,0
BSE IT.BSE_IDX,01/07/2025,11:11:07,38140.53,0,0,0,0,0,0
BSE IT.BSE_IDX,01/07/2025,11:11:15,38144.86,0,0,0,0,0,0
BSE IT.BSE_IDX,01/07/2025,11:11:23,38147.13,0,0,0,0,0,0
BSE IT.BSE_IDX,01/07/2025,11:11:31,38146.38,0,0,0,0,0,0
BSE IT.BSE_IDX,01/07/2025,11:11:39,38146.55,0,0,0,0,0,0
BSE IT.BSE_IDX,01/07/2025,11:11:47,38144.48,0,0,0,0,0,0
BSE IT.BSE_IDX,01/07/2025,11:11:55,38139.52,0,0,0,0,0,0
BSE IT.BSE_IDX,01/07/2025,11:12:03,38139.42,0,0,0,0,0,0
BSE IT.BSE_IDX,01/07/2025,11:12:11,38140.26,0,0,0,0,0,0
BSE IT.BSE_IDX,01/07/2025,11:12:19,38140.12,0,0,0,0,0,0
BSE IT.BSE_IDX,01/07/2025,11:12:27,38141.47,0,0,0,0,0,0
BSE IT.BSE_IDX,01/07/2025,11:12:35,38143.61,0,0,0,0,0,0
BSE IT.BSE_IDX,01/07/2025,11:12:43,38141.05,0,0,0,0,0,0
BSE IT.BSE_IDX,01/07/2025,11:12:51,38140.47,0,0,0,0,0,0
BSE IT.BSE_IDX,01/07/2025,11:12:59,38142.26,0,0,0,0,0,0
BSE IT.BSE_IDX,01/07/2025,11:13:07,38140.44,0,0,0,0,0,0
BSE IT.BSE_IDX,01/07/2025,11:13:16,38142.08,0,0,0,0,0,0
BSE IT.BSE_IDX,01/07/2025,11:13:23,38140.47,0,0,0,0,0,0
BSE IT.BSE_IDX,01/07/2025,11:13:31,38138.02,0,0,0,0,0,0
BSE IT.BSE_IDX,01/07/2025,11:13:39,38143.63,0,0,0,0,0,0
BSE IT.BSE_IDX,01/07/2025,11:13:47,38145.35,0,0,0,0,0,0
BSE IT.BSE_IDX,01/07/2025,11:13:55,38142.12,0,0,0,0,0,0
BSE IT.BSE_IDX,01/07/2025,11:14:03,38143.74,0,0,0,0,0,0
BSE IT.BSE_IDX,01/07/2025,11:14:11,38143.9,0,0,0,0,0,0
BSE IT.BSE_IDX,01/07/2025,11:14:19,38146.72,0,0,0,0,0,0
BSE IT.BSE_IDX,01/07/2025,11:14:27,38145.92,0,0,0,0,0,0
BSE IT.BSE_IDX,01/07/2025,11:14:35,38146.61,0,0,0,0,0,0
BSE IT.BSE_IDX,01/07/2025,11:14:43,38147.18,0,0,0,0,0,0
BSE IT.BSE_IDX,01/07/2025,11:14:51,38147.7,0,0,0,0,0,0
BSE IT.BSE_IDX,01/07/2025,11:14:59,38147.89,0,0,0,0,0,0
BSE IT.BSE_IDX,01/07/2025,11:15:07,38149.7,0,0,0,0,0,0
BSE IT.BSE_IDX,01/07/2025,11:15:15,38148.19,0,0,0,0,0,0
BSE IT.BSE_IDX,01/07/2025,11:15:23,38148.97,0,0,0,0,0,0
BSE IT.BSE_IDX,01/07/2025,11:15:31,38146.61,0,0,0,0,0,0
BSE IT.BSE_IDX,01/07/2025,11:15:39,38148.59,0,0,0,0,0,0
BSE IT.BSE_IDX,01/07/2025,11:15:47,38147.42,0,0,0,0,0,0
BSE IT.BSE_IDX,01/07/2025,11:15:56,38146.07,0,0,0,0,0,0
BSE IT.BSE_IDX,01/07/2025,11:16:03,38145.86,0,0,0,0,0,0
BSE IT.BSE_IDX,01/07/2025,11:16:11,38140.79,0,0,0,0,0,0
BSE IT.BSE_IDX,01/07/2025,11:16:19,38138.83,0,0,0,0,0,0
BSE IT.BSE_IDX,01/07/2025,11:16:27,38133.83,0,0,0,0,0,0
BSE IT.BSE_IDX,01/07/2025,11:16:35,38130.36,0,0,0,0,0,0
BSE IT.BSE_IDX,01/07/2025,11:16:43,38130.8,0,0,0,0,0,0
BSE IT.BSE_IDX,01/07/2025,11:16:51,38132.99,0,0,0,0,0,0
BSE IT.BSE_IDX,01/07/2025,11:16:59,38142.21,0,0,0,0,0,0
BSE IT.BSE_IDX,01/07/2025,11:17:07,38145.53,0,0,0,0,0,0
BSE IT.BSE_IDX,01/07/2025,11:17:15,38145.12,0,0,0,0,0,0
BSE IT.BSE_IDX,01/07/2025,11:17:23,38147.21,0,0,0,0,0,0
BSE IT.BSE_IDX,01/07/2025,11:17:31,38152.51,0,0,0,0,0,0
BSE IT.BSE_IDX,01/07/2025,11:17:39,38149.3,0,0,0,0,0,0
BSE IT.BSE_IDX,01/07/2025,11:17:47,38157.77,0,0,0,0,0,0
BSE IT.BSE_IDX,01/07/2025,11:17:57,38157.98,0,0,0,0,0,0
BSE IT.BSE_IDX,01/07/2025,11:18:03,38159.64,0,0,0,0,0,0
BSE IT.BSE_IDX,01/07/2025,11:18:11,38160.3,0,0,0,0,0,0
BSE IT.BSE_IDX,01/07/2025,11:18:19,38164.54,0,0,0,0,0,0
BSE IT.BSE_IDX,01/07/2025,11:18:27,38164.4,0,0,0,0,0,0
BSE IT.BSE_IDX,01/07/2025,11:18:35,38168.59,0,0,0,0,0,0
BSE IT.BSE_IDX,01/07/2025,11:18:44,38166.28,0,0,0,0,0,0
BSE IT.BSE_IDX,01/07/2025,11:18:51,38168.99,0,0,0,0,0,0
BSE IT.BSE_IDX,01/07/2025,11:18:59,38166.67,0,0,0,0,0,0
BSE IT.BSE_IDX,01/07/2025,11:19:08,38167.97,0,0,0,0,0,0
BSE IT.BSE_IDX,01/07/2025,11:19:15,38177.31,0,0,0,0,0,0
BSE IT.BSE_IDX,01/07/2025,11:19:23,38178.52,0,0,0,0,0,0
BSE IT.BSE_IDX,01/07/2025,11:19:31,38176.13,0,0,0,0,0,0
BSE IT.BSE_IDX,01/07/2025,11:19:39,38175.77,0,0,0,0,0,0
BSE IT.BSE_IDX,01/07/2025,11:19:47,38170.17,0,0,0,0,0,0
BSE IT.BSE_IDX,01/07/2025,11:19:55,38166.96,0,0,0,0,0,0
BSE IT.BSE_IDX,01/07/2025,11:20:03,38168.76,0,0,0,0,0,0
BSE IT.BSE_IDX,01/07/2025,11:20:11,38166.87,0,0,0,0,0,0
BSE IT.BSE_IDX,01/07/2025,11:20:19,38165.56,0,0,0,0,0,0
BSE IT.BSE_IDX,01/07/2025,11:20:27,38164.89,0,0,0,0,0,0
BSE IT.BSE_IDX,01/07/2025,11:20:35,38163.77,0,0,0,0,0,0
BSE IT.BSE_IDX,01/07/2025,11:20:43,38163.84,0,0,0,0,0,0
BSE IT.BSE_IDX,01/07/2025,11:20:51,38163.1,0,0,0,0,0,0
BSE IT.BSE_IDX,01/07/2025,11:20:59,38170.52,0,0,0,0,0,0
BSE IT.BSE_IDX,01/07/2025,11:21:07,38171.34,0,0,0,0,0,0
BSE IT.BSE_IDX,01/07/2025,11:21:15,38169.25,0,0,0,0,0,0
BSE IT.BSE_IDX,01/07/2025,11:21:24,38168.83,0,0,0,0,0,0
BSE IT.BSE_IDX,01/07/2025,11:21:31,38160.25,0,0,0,0,0,0
BSE IT.BSE_IDX,01/07/2025,11:21:39,38159.5,0,0,0,0,0,0
BSE IT.BSE_IDX,01/07/2025,11:21:47,38163.05,0,0,0,0,0,0
BSE IT.BSE_IDX,01/07/2025,11:21:56,38161.44,0,0,0,0,0,0
BSE IT.BSE_IDX,01/07/2025,11:22:03,38158.34,0,0,0,0,0,0
BSE IT.BSE_IDX,01/07/2025,11:22:11,38158.58,0,0,0,0,0,0
BSE IT.BSE_IDX,01/07/2025,11:22:19,38158.3,0,0,0,0,0,0
BSE IT.BSE_IDX,01/07/2025,11:22:28,38154.27,0,0,0,0,0,0
BSE IT.BSE_IDX,01/07/2025,11:22:35,38160.79,0,0,0,0,0,0
BSE IT.BSE_IDX,01/07/2025,11:22:43,38159.36,0,0,0,0,0,0
BSE IT.BSE_IDX,01/07/2025,11:22:51,38157.82,0,0,0,0,0,0
BSE IT.BSE_IDX,01/07/2025,11:22:59,38156.36,0,0,0,0,0,0
BSE IT.BSE_IDX,01/07/2025,11:23:07,38156.27,0,0,0,0,0,0
BSE IT.BSE_IDX,01/07/2025,11:23:15,38154.66,0,0,0,0,0,0
BSE IT.BSE_IDX,01/07/2025,11:23:23,38154.45,0,0,0,0,0,0
BSE IT.BSE_IDX,01/07/2025,11:23:31,38153.04,0,0,0,0,0,0
BSE IT.BSE_IDX,01/07/2025,11:23:39,38152.71,0,0,0,0,0,0
BSE IT.BSE_IDX,01/07/2025,11:23:47,38155.02,0,0,0,0,0,0
BSE IT.BSE_IDX,01/07/2025,11:23:55,38155.59,0,0,0,0,0,0
BSE IT.BSE_IDX,01/07/2025,11:24:04,38157.77,0,0,0,0,0,0
BSE IT.BSE_IDX,01/07/2025,11:24:11,38157.3,0,0,0,0,0,0
BSE IT.BSE_IDX,01/07/2025,11:24:19,38156.65,0,0,0,0,0,0
BSE IT.BSE_IDX,01/07/2025,11:24:27,38157.91,0,0,0,0,0,0
BSE IT.BSE_IDX,01/07/2025,11:24:35,38156.86,0,0,0,0,0,0
BSE IT.BSE_IDX,01/07/2025,11:24:43,38161.74,0,0,0,0,0,0
BSE IT.BSE_IDX,01/07/2025,11:24:52,38160.9,0,0,0,0,0,0
BSE IT.BSE_IDX,01/07/2025,11:25:00,38158.36,0,0,0,0,0,0
BSE IT.BSE_IDX,01/07/2025,11:25:07,38162.25,0,0,0,0,0,0
BSE IT.BSE_IDX,01/07/2025,11:25:15,38160.27,0,0,0,0,0,0
BSE IT.BSE_IDX,01/07/2025,11:25:23,38160.27,0,0,0,0,0,0
BSE IT.BSE_IDX,01/07/2025,11:25:31,38160,0,0,0,0,0,0
BSE IT.BSE_IDX,01/07/2025,11:25:41,38156.97,0,0,0,0,0,0
BSE IT.BSE_IDX,01/07/2025,11:25:47,38161.29,0,0,0,0,0,0
BSE IT.BSE_IDX,01/07/2025,11:25:55,38161.23,0,0,0,0,0,0
BSE IT.BSE_IDX,01/07/2025,11:26:03,38165.54,0,0,0,0,0,0
BSE IT.BSE_IDX,01/07/2025,11:26:11,38165.18,0,0,0,0,0,0
BSE IT.BSE_IDX,01/07/2025,11:26:19,38165.99,0,0,0,0,0,0
BSE IT.BSE_IDX,01/07/2025,11:26:27,38166.93,0,0,0,0,0,0
BSE IT.BSE_IDX,01/07/2025,11:26:35,38165.54,0,0,0,0,0,0
BSE IT.BSE_IDX,01/07/2025,11:26:43,38165.85,0,0,0,0,0,0
BSE IT.BSE_IDX,01/07/2025,11:26:51,38166.42,0,0,0,0,0,0
BSE IT.BSE_IDX,01/07/2025,11:26:59,38166.26,0,0,0,0,0,0
BSE IT.BSE_IDX,01/07/2025,11:27:07,38163.81,0,0,0,0,0,0
BSE IT.BSE_IDX,01/07/2025,11:27:15,38162.43,0,0,0,0,0,0
BSE IT.BSE_IDX,01/07/2025,11:27:23,38161.12,0,0,0,0,0,0
BSE IT.BSE_IDX,01/07/2025,11:27:31,38163.38,0,0,0,0,0,0
BSE IT.BSE_IDX,01/07/2025,11:27:39,38164.21,0,0,0,0,0,0
BSE IT.BSE_IDX,01/07/2025,11:27:47,38164.23,0,0,0,0,0,0
BSE IT.BSE_IDX,01/07/2025,11:27:55,38165.61,0,0,0,0,0,0
BSE IT.BSE_IDX,01/07/2025,11:28:03,38165.66,0,0,0,0,0,0
BSE IT.BSE_IDX,01/07/2025,11:28:11,38165.55,0,0,0,0,0,0
BSE IT.BSE_IDX,01/07/2025,11:28:19,38160.28,0,0,0,0,0,0
BSE IT.BSE_IDX,01/07/2025,11:28:27,38157.3,0,0,0,0,0,0
BSE IT.BSE_IDX,01/07/2025,11:28:36,38163.05,0,0,0,0,0,0
BSE IT.BSE_IDX,01/07/2025,11:28:43,38156.89,0,0,0,0,0,0
BSE IT.BSE_IDX,01/07/2025,11:28:51,38153.44,0,0,0,0,0,0
BSE IT.BSE_IDX,01/07/2025,11:28:59,38152.2,0,0,0,0,0,0
BSE IT.BSE_IDX,01/07/2025,11:29:07,38156.02,0,0,0,0,0,0
BSE IT.BSE_IDX,01/07/2025,11:29:16,38155.77,0,0,0,0,0,0
BSE IT.BSE_IDX,01/07/2025,11:29:24,38157.11,0,0,0,0,0,0
BSE IT.BSE_IDX,01/07/2025,11:29:31,38160.66,0,0,0,0,0,0
BSE IT.BSE_IDX,01/07/2025,11:29:39,38157.82,0,0,0,0,0,0
BSE IT.BSE_IDX,01/07/2025,11:29:47,38157.74,0,0,0,0,0,0
BSE IT.BSE_IDX,01/07/2025,11:29:55,38157.45,0,0,0,0,0,0
BSE IT.BSE_IDX,01/07/2025,11:30:03,38157.73,0,0,0,0,0,0
BSE IT.BSE_IDX,01/07/2025,11:30:11,38158.04,0,0,0,0,0,0
BSE IT.BSE_IDX,01/07/2025,11:30:19,38164.03,0,0,0,0,0,0
BSE IT.BSE_IDX,01/07/2025,11:30:27,38164.05,0,0,0,0,0,0
BSE IT.BSE_IDX,01/07/2025,11:30:35,38163.24,0,0,0,0,0,0
BSE IT.BSE_IDX,01/07/2025,11:30:43,38163.8,0,0,0,0,0,0
BSE IT.BSE_IDX,01/07/2025,11:30:51,38158.09,0,0,0,0,0,0
BSE IT.BSE_IDX,01/07/2025,11:30:59,38158.71,0,0,0,0,0,0
BSE IT.BSE_IDX,01/07/2025,11:31:07,38153.93,0,0,0,0,0,0
BSE IT.BSE_IDX,01/07/2025,11:31:15,38159.78,0,0,0,0,0,0
BSE IT.BSE_IDX,01/07/2025,11:31:23,38157.01,0,0,0,0,0,0
BSE IT.BSE_IDX,01/07/2025,11:31:31,38155.44,0,0,0,0,0,0
BSE IT.BSE_IDX,01/07/2025,11:31:39,38152.15,0,0,0,0,0,0
BSE IT.BSE_IDX,01/07/2025,11:31:47,38154.06,0,0,0,0,0,0
BSE IT.BSE_IDX,01/07/2025,11:31:55,38157.05,0,0,0,0,0,0
BSE IT.BSE_IDX,01/07/2025,11:32:04,38152.48,0,0,0,0,0,0
BSE IT.BSE_IDX,01/07/2025,11:32:11,38149.42,0,0,0,0,0,0
BSE IT.BSE_IDX,01/07/2025,11:32:19,38146.41,0,0,0,0,0,0
BSE IT.BSE_IDX,01/07/2025,11:32:27,38146.37,0,0,0,0,0,0
BSE IT.BSE_IDX,01/07/2025,11:32:35,38144.4,0,0,0,0,0,0
BSE IT.BSE_IDX,01/07/2025,11:32:43,38139.57,0,0,0,0,0,0
BSE IT.BSE_IDX,01/07/2025,11:32:51,38140.66,0,0,0,0,0,0
BSE IT.BSE_IDX,01/07/2025,11:32:59,38138.79,0,0,0,0,0,0
BSE IT.BSE_IDX,01/07/2025,11:33:07,38137.53,0,0,0,0,0,0
BSE IT.BSE_IDX,01/07/2025,11:33:15,38131.06,0,0,0,0,0,0
BSE IT.BSE_IDX,01/07/2025,11:33:23,38129.78,0,0,0,0,0,0
BSE IT.BSE_IDX,01/07/2025,11:33:31,38129.76,0,0,0,0,0,0
BSE IT.BSE_IDX,01/07/2025,11:33:39,38127.4,0,0,0,0,0,0
BSE IT.BSE_IDX,01/07/2025,11:33:47,38129.34,0,0,0,0,0,0
BSE IT.BSE_IDX,01/07/2025,11:33:55,38123.36,0,0,0,0,0,0
BSE IT.BSE_IDX,01/07/2025,11:34:03,38122.91,0,0,0,0,0,0
BSE IT.BSE_IDX,01/07/2025,11:34:12,38115.28,0,0,0,0,0,0
BSE IT.BSE_IDX,01/07/2025,11:34:19,38116.92,0,0,0,0,0,0
BSE IT.BSE_IDX,01/07/2025,11:34:27,38115.34,0,0,0,0,0,0
BSE IT.BSE_IDX,01/07/2025,11:34:35,38116.15,0,0,0,0,0,0
BSE IT.BSE_IDX,01/07/2025,11:34:43,38114.28,0,0,0,0,0,0
BSE IT.BSE_IDX,01/07/2025,11:34:51,38111.73,0,0,0,0,0,0
BSE IT.BSE_IDX,01/07/2025,11:34:59,38110.04,0,0,0,0,0,0
BSE IT.BSE_IDX,01/07/2025,11:35:07,38109.62,0,0,0,0,0,0
BSE IT.BSE_IDX,01/07/2025,11:35:16,38109.98,0,0,0,0,0,0
BSE IT.BSE_IDX,01/07/2025,11:35:23,38106.62,0,0,0,0,0,0
BSE IT.BSE_IDX,01/07/2025,11:35:32,38101.13,0,0,0,0,0,0
BSE IT.BSE_IDX,01/07/2025,11:35:39,38106.17,0,0,0,0,0,0
BSE IT.BSE_IDX,01/07/2025,11:35:47,38111.37,0,0,0,0,0,0
BSE IT.BSE_IDX,01/07/2025,11:35:55,38112.85,0,0,0,0,0,0
BSE IT.BSE_IDX,01/07/2025,11:36:04,38109.81,0,0,0,0,0,0
BSE IT.BSE_IDX,01/07/2025,11:36:11,38109.62,0,0,0,0,0,0
BSE IT.BSE_IDX,01/07/2025,11:36:19,38100.04,0,0,0,0,0,0
BSE IT.BSE_IDX,01/07/2025,11:36:28,38100.5,0,0,0,0,0,0
BSE IT.BSE_IDX,01/07/2025,11:36:35,38098.82,0,0,0,0,0,0
BSE IT.BSE_IDX,01/07/2025,11:36:43,38103.69,0,0,0,0,0,0
BSE IT.BSE_IDX,01/07/2025,11:36:54,38103.8,0,0,0,0,0,0
BSE IT.BSE_IDX,01/07/2025,11:36:59,38104.33,0,0,0,0,0,0
BSE IT.BSE_IDX,01/07/2025,11:37:07,38103.95,0,0,0,0,0,0
BSE IT.BSE_IDX,01/07/2025,11:37:15,38106.55,0,0,0,0,0,0
BSE IT.BSE_IDX,01/07/2025,11:37:23,38105.05,0,0,0,0,0,0
BSE IT.BSE_IDX,01/07/2025,11:37:31,38103.61,0,0,0,0,0,0
BSE IT.BSE_IDX,01/07/2025,11:37:41,38104.6,0,0,0,0,0,0
BSE IT.BSE_IDX,01/07/2025,11:37:47,38105.74,0,0,0,0,0,0
BSE IT.BSE_IDX,01/07/2025,11:37:55,38112.1,0,0,0,0,0,0
BSE IT.BSE_IDX,01/07/2025,11:38:03,38113.44,0,0,0,0,0,0
BSE IT.BSE_IDX,01/07/2025,11:38:11,38103.15,0,0,0,0,0,0
BSE IT.BSE_IDX,01/07/2025,11:38:20,38100.85,0,0,0,0,0,0
BSE IT.BSE_IDX,01/07/2025,11:38:27,38101.06,0,0,0,0,0,0
BSE IT.BSE_IDX,01/07/2025,11:38:35,38102.19,0,0,0,0,0,0
BSE IT.BSE_IDX,01/07/2025,11:38:43,38104.02,0,0,0,0,0,0
BSE IT.BSE_IDX,01/07/2025,11:38:51,38106.24,0,0,0,0,0,0
BSE IT.BSE_IDX,01/07/2025,11:38:59,38106.11,0,0,0,0,0,0
BSE IT.BSE_IDX,01/07/2025,11:39:07,38103.71,0,0,0,0,0,0
BSE IT.BSE_IDX,01/07/2025,11:39:16,38103.23,0,0,0,0,0,0
BSE IT.BSE_IDX,01/07/2025,11:39:23,38103.12,0,0,0,0,0,0
BSE IT.BSE_IDX,01/07/2025,11:39:31,38105.25,0,0,0,0,0,0
BSE IT.BSE_IDX,01/07/2025,11:39:39,38106.43,0,0,0,0,0,0
BSE IT.BSE_IDX,01/07/2025,11:39:47,38108.59,0,0,0,0,0,0
BSE IT.BSE_IDX,01/07/2025,11:39:55,38107.59,0,0,0,0,0,0
BSE IT.BSE_IDX,01/07/2025,11:40:03,38108.69,0,0,0,0,0,0
BSE IT.BSE_IDX,01/07/2025,11:40:11,38118.48,0,0,0,0,0,0
BSE IT.BSE_IDX,01/07/2025,11:40:19,38118.13,0,0,0,0,0,0
BSE IT.BSE_IDX,01/07/2025,11:40:27,38118.95,0,0,0,0,0,0
BSE IT.BSE_IDX,01/07/2025,11:40:35,38116.78,0,0,0,0,0,0
BSE IT.BSE_IDX,01/07/2025,11:40:43,38117.46,0,0,0,0,0,0
BSE IT.BSE_IDX,01/07/2025,11:40:51,38119.79,0,0,0,0,0,0
BSE IT.BSE_IDX,01/07/2025,11:41:00,38118.56,0,0,0,0,0,0
BSE IT.BSE_IDX,01/07/2025,11:41:07,38119.78,0,0,0,0,0,0
BSE IT.BSE_IDX,01/07/2025,11:41:15,38119.55,0,0,0,0,0,0
BSE IT.BSE_IDX,01/07/2025,11:41:24,38119.75,0,0,0,0,0,0
BSE IT.BSE_IDX,01/07/2025,11:41:32,38118.62,0,0,0,0,0,0
BSE IT.BSE_IDX,01/07/2025,11:41:39,38118.66,0,0,0,0,0,0
BSE IT.BSE_IDX,01/07/2025,11:41:48,38118.3,0,0,0,0,0,0
BSE IT.BSE_IDX,01/07/2025,11:41:56,38117.24,0,0,0,0,0,0
BSE IT.BSE_IDX,01/07/2025,11:42:04,38120.35,0,0,0,0,0,0
BSE IT.BSE_IDX,01/07/2025,11:42:12,38121.45,0,0,0,0,0,0
BSE IT.BSE_IDX,01/07/2025,11:42:20,38114.4,0,0,0,0,0,0
BSE IT.BSE_IDX,01/07/2025,11:42:28,38115.5,0,0,0,0,0,0
BSE IT.BSE_IDX,01/07/2025,11:42:36,38111.64,0,0,0,0,0,0
BSE IT.BSE_IDX,01/07/2025,11:42:44,38111.01,0,0,0,0,0,0
BSE IT.BSE_IDX,01/07/2025,11:42:52,38111.27,0,0,0,0,0,0
BSE IT.BSE_IDX,01/07/2025,11:43:00,38111.47,0,0,0,0,0,0
BSE IT.BSE_IDX,01/07/2025,11:43:08,38111.97,0,0,0,0,0,0
BSE IT.BSE_IDX,01/07/2025,11:43:16,38113.22,0,0,0,0,0,0
BSE IT.BSE_IDX,01/07/2025,11:43:24,38113.71,0,0,0,0,0,0
BSE IT.BSE_IDX,01/07/2025,11:43:32,38114.41,0,0,0,0,0,0
BSE IT.BSE_IDX,01/07/2025,11:43:40,38111.7,0,0,0,0,0,0
BSE IT.BSE_IDX,01/07/2025,11:43:48,38104.34,0,0,0,0,0,0
BSE IT.BSE_IDX,01/07/2025,11:43:56,38102.45,0,0,0,0,0,0
BSE IT.BSE_IDX,01/07/2025,11:44:04,38102.04,0,0,0,0,0,0
BSE IT.BSE_IDX,01/07/2025,11:44:12,38098.43,0,0,0,0,0,0
BSE IT.BSE_IDX,01/07/2025,11:44:20,38097.58,0,0,0,0,0,0
BSE IT.BSE_IDX,01/07/2025,11:44:28,38098.15,0,0,0,0,0,0
BSE IT.BSE_IDX,01/07/2025,11:44:36,38090.91,0,0,0,0,0,0
BSE IT.BSE_IDX,01/07/2025,11:44:44,38088.31,0,0,0,0,0,0
BSE IT.BSE_IDX,01/07/2025,11:44:52,38086.65,0,0,0,0,0,0
BSE IT.BSE_IDX,01/07/2025,11:45:00,38084.64,0,0,0,0,0,0
BSE IT.BSE_IDX,01/07/2025,11:45:08,38101.5,0,0,0,0,0,0
BSE IT.BSE_IDX,01/07/2025,11:45:16,38108.01,0,0,0,0,0,0
BSE IT.BSE_IDX,01/07/2025,11:45:24,38107.87,0,0,0,0,0,0
BSE IT.BSE_IDX,01/07/2025,11:45:32,38109.16,0,0,0,0,0,0
BSE IT.BSE_IDX,01/07/2025,11:45:40,38111.94,0,0,0,0,0,0
BSE IT.BSE_IDX,01/07/2025,11:45:48,38113.31,0,0,0,0,0,0
BSE IT.BSE_IDX,01/07/2025,11:45:56,38115.22,0,0,0,0,0,0
BSE IT.BSE_IDX,01/07/2025,11:46:04,38122.91,0,0,0,0,0,0
BSE IT.BSE_IDX,01/07/2025,11:46:12,38127.3,0,0,0,0,0,0
BSE IT.BSE_IDX,01/07/2025,11:46:20,38120.72,0,0,0,0,0,0
BSE IT.BSE_IDX,01/07/2025,11:46:28,38117.38,0,0,0,0,0,0
BSE IT.BSE_IDX,01/07/2025,11:46:36,38123.22,0,0,0,0,0,0
BSE IT.BSE_IDX,01/07/2025,11:46:44,38113.23,0,0,0,0,0,0
BSE IT.BSE_IDX,01/07/2025,11:46:52,38113.18,0,0,0,0,0,0
BSE IT.BSE_IDX,01/07/2025,11:47:00,38110.71,0,0,0,0,0,0
BSE IT.BSE_IDX,01/07/2025,11:47:08,38110.65,0,0,0,0,0,0
BSE IT.BSE_IDX,01/07/2025,11:47:16,38108.64,0,0,0,0,0,0
BSE IT.BSE_IDX,01/07/2025,11:47:24,38106.97,0,0,0,0,0,0
BSE IT.BSE_IDX,01/07/2025,11:47:32,38111.73,0,0,0,0,0,0
BSE IT.BSE_IDX,01/07/2025,11:47:40,38111.72,0,0,0,0,0,0
BSE IT.BSE_IDX,01/07/2025,11:47:48,38109.67,0,0,0,0,0,0
BSE IT.BSE_IDX,01/07/2025,11:47:56,38107.2,0,0,0,0,0,0
BSE IT.BSE_IDX,01/07/2025,11:48:04,38104.14,0,0,0,0,0,0
BSE IT.BSE_IDX,01/07/2025,11:48:12,38104.6,0,0,0,0,0,0
BSE IT.BSE_IDX,01/07/2025,11:48:20,38106.22,0,0,0,0,0,0
BSE IT.BSE_IDX,01/07/2025,11:48:28,38109.32,0,0,0,0,0,0
BSE IT.BSE_IDX,01/07/2025,11:48:36,38099.7,0,0,0,0,0,0
BSE IT.BSE_IDX,01/07/2025,11:48:44,38099.98,0,0,0,0,0,0
BSE IT.BSE_IDX,01/07/2025,11:48:52,38098.89,0,0,0,0,0,0
BSE IT.BSE_IDX,01/07/2025,11:49:01,38101.25,0,0,0,0,0,0
BSE IT.BSE_IDX,01/07/2025,11:49:09,38100.93,0,0,0,0,0,0
BSE IT.BSE_IDX,01/07/2025,11:49:16,38107,0,0,0,0,0,0
BSE IT.BSE_IDX,01/07/2025,11:49:24,38107.1,0,0,0,0,0,0
BSE IT.BSE_IDX,01/07/2025,11:49:32,38107.02,0,0,0,0,0,0
BSE IT.BSE_IDX,01/07/2025,11:49:40,38109.69,0,0,0,0,0,0
BSE IT.BSE_IDX,01/07/2025,11:49:49,38111.29,0,0,0,0,0,0
BSE IT.BSE_IDX,01/07/2025,11:49:56,38104.48,0,0,0,0,0,0
BSE IT.BSE_IDX,01/07/2025,11:50:04,38103.54,0,0,0,0,0,0
BSE IT.BSE_IDX,01/07/2025,11:50:12,38103.38,0,0,0,0,0,0
BSE IT.BSE_IDX,01/07/2025,11:50:20,38105.01,0,0,0,0,0,0
BSE IT.BSE_IDX,01/07/2025,11:50:28,38103.72,0,0,0,0,0,0
BSE IT.BSE_IDX,01/07/2025,11:50:36,38105.1,0,0,0,0,0,0
BSE IT.BSE_IDX,01/07/2025,11:50:44,38104.04,0,0,0,0,0,0
BSE IT.BSE_IDX,01/07/2025,11:50:52,38105.14,0,0,0,0,0,0
BSE IT.BSE_IDX,01/07/2025,11:51:00,38103.69,0,0,0,0,0,0
BSE IT.BSE_IDX,01/07/2025,11:51:08,38102.57,0,0,0,0,0,0
BSE IT.BSE_IDX,01/07/2025,11:51:16,38101.12,0,0,0,0,0,0
BSE IT.BSE_IDX,01/07/2025,11:51:24,38100.39,0,0,0,0,0,0
BSE IT.BSE_IDX,01/07/2025,11:51:32,38099.33,0,0,0,0,0,0
BSE IT.BSE_IDX,01/07/2025,11:51:40,38096.15,0,0,0,0,0,0
BSE IT.BSE_IDX,01/07/2025,11:51:48,38100.45,0,0,0,0,0,0
BSE IT.BSE_IDX,01/07/2025,11:51:56,38094.9,0,0,0,0,0,0
BSE IT.BSE_IDX,01/07/2025,11:52:04,38094.3,0,0,0,0,0,0
BSE IT.BSE_IDX,01/07/2025,11:52:12,38093.71,0,0,0,0,0,0
BSE IT.BSE_IDX,01/07/2025,11:52:20,38092.02,0,0,0,0,0,0
BSE IT.BSE_IDX,01/07/2025,11:52:28,38090.69,0,0,0,0,0,0
BSE IT.BSE_IDX,01/07/2025,11:52:36,38089.85,0,0,0,0,0,0
BSE IT.BSE_IDX,01/07/2025,11:52:44,38089.91,0,0,0,0,0,0
BSE IT.BSE_IDX,01/07/2025,11:52:52,38090.61,0,0,0,0,0,0
BSE IT.BSE_IDX,01/07/2025,11:53:00,38085.04,0,0,0,0,0,0
BSE IT.BSE_IDX,01/07/2025,11:53:08,38084.26,0,0,0,0,0,0
BSE IT.BSE_IDX,01/07/2025,11:53:16,38084.8,0,0,0,0,0,0
BSE IT.BSE_IDX,01/07/2025,11:53:24,38081.05,0,0,0,0,0,0
BSE IT.BSE_IDX,01/07/2025,11:53:32,38081.04,0,0,0,0,0,0
BSE IT.BSE_IDX,01/07/2025,11:53:40,38080.26,0,0,0,0,0,0
BSE IT.BSE_IDX,01/07/2025,11:53:48,38079.09,0,0,0,0,0,0
BSE IT.BSE_IDX,01/07/2025,11:53:56,38077.77,0,0,0,0,0,0
BSE IT.BSE_IDX,01/07/2025,11:54:04,38075.98,0,0,0,0,0,0
BSE IT.BSE_IDX,01/07/2025,11:54:12,38069.98,0,0,0,0,0,0
BSE IT.BSE_IDX,01/07/2025,11:54:20,38069.69,0,0,0,0,0,0
BSE IT.BSE_IDX,01/07/2025,11:54:28,38063.26,0,0,0,0,0,0
BSE IT.BSE_IDX,01/07/2025,11:54:36,38063.38,0,0,0,0,0,0
BSE IT.BSE_IDX,01/07/2025,11:54:44,38063.21,0,0,0,0,0,0
BSE IT.BSE_IDX,01/07/2025,11:54:52,38061.97,0,0,0,0,0,0
BSE IT.BSE_IDX,01/07/2025,11:55:00,38061.92,0,0,0,0,0,0
BSE IT.BSE_IDX,01/07/2025,11:55:08,38061.91,0,0,0,0,0,0
BSE IT.BSE_IDX,01/07/2025,11:55:17,38061.71,0,0,0,0,0,0
BSE IT.BSE_IDX,01/07/2025,11:55:24,38060.85,0,0,0,0,0,0
BSE IT.BSE_IDX,01/07/2025,11:55:32,38055.39,0,0,0,0,0,0
BSE IT.BSE_IDX,01/07/2025,11:55:40,38053.69,0,0,0,0,0,0
BSE IT.BSE_IDX,01/07/2025,11:55:48,38052.43,0,0,0,0,0,0
BSE IT.BSE_IDX,01/07/2025,11:55:56,38048.06,0,0,0,0,0,0
BSE IT.BSE_IDX,01/07/2025,11:56:05,38047.9,0,0,0,0,0,0
BSE IT.BSE_IDX,01/07/2025,11:56:12,38046.2,0,0,0,0,0,0
BSE IT.BSE_IDX,01/07/2025,11:56:20,38034.12,0,0,0,0,0,0
BSE IT.BSE_IDX,01/07/2025,11:56:28,38030,0,0,0,0,0,0
BSE IT.BSE_IDX,01/07/2025,11:56:36,38030.22,0,0,0,0,0,0
BSE IT.BSE_IDX,01/07/2025,11:56:44,38031.7,0,0,0,0,0,0
BSE IT.BSE_IDX,01/07/2025,11:56:52,38033.54,0,0,0,0,0,0
BSE IT.BSE_IDX,01/07/2025,11:57:00,38033.79,0,0,0,0,0,0
BSE IT.BSE_IDX,01/07/2025,11:57:08,38033.35,0,0,0,0,0,0
BSE IT.BSE_IDX,01/07/2025,11:57:16,38038.01,0,0,0,0,0,0
BSE IT.BSE_IDX,01/07/2025,11:57:24,38041.49,0,0,0,0,0,0
BSE IT.BSE_IDX,01/07/2025,11:57:32,38047.18,0,0,0,0,0,0
BSE IT.BSE_IDX,01/07/2025,11:57:40,38044.9,0,0,0,0,0,0
BSE IT.BSE_IDX,01/07/2025,11:57:48,38042.46,0,0,0,0,0,0
BSE IT.BSE_IDX,01/07/2025,11:57:56,38035.88,0,0,0,0,0,0
BSE IT.BSE_IDX,01/07/2025,11:58:04,38035.12,0,0,0,0,0,0
BSE IT.BSE_IDX,01/07/2025,11:58:12,38032.16,0,0,0,0,0,0
BSE IT.BSE_IDX,01/07/2025,11:58:20,38031.96,0,0,0,0,0,0
BSE IT.BSE_IDX,01/07/2025,11:58:28,38033.76,0,0,0,0,0,0
BSE IT.BSE_IDX,01/07/2025,11:58:36,38034.01,0,0,0,0,0,0
BSE IT.BSE_IDX,01/07/2025,11:58:44,38037.07,0,0,0,0,0,0
BSE IT.BSE_IDX,01/07/2025,11:58:52,38037.29,0,0,0,0,0,0
BSE IT.BSE_IDX,01/07/2025,11:59:00,38041.14,0,0,0,0,0,0
BSE IT.BSE_IDX,01/07/2025,11:59:08,38044.21,0,0,0,0,0,0
BSE IT.BSE_IDX,01/07/2025,11:59:16,38045.53,0,0,0,0,0,0
BSE IT.BSE_IDX,01/07/2025,11:59:24,38047.81,0,0,0,0,0,0
BSE IT.BSE_IDX,01/07/2025,11:59:32,38054.21,0,0,0,0,0,0
BSE IT.BSE_IDX,01/07/2025,11:59:40,38053.91,0,0,0,0,0,0
BSE IT.BSE_IDX,01/07/2025,11:59:48,38054.18,0,0,0,0,0,0
BSE IT.BSE_IDX,01/07/2025,11:59:56,38054.24,0,0,0,0,0,0
BSE IT.BSE_IDX,01/07/2025,12:00:05,38058.22,0,0,0,0,0,0
BSE IT.BSE_IDX,01/07/2025,12:00:12,38059.14,0,0,0,0,0,0
BSE IT.BSE_IDX,01/07/2025,12:00:20,38051.65,0,0,0,0,0,0
BSE IT.BSE_IDX,01/07/2025,12:00:28,38054.67,0,0,0,0,0,0
BSE IT.BSE_IDX,01/07/2025,12:00:37,38054.6,0,0,0,0,0,0
BSE IT.BSE_IDX,01/07/2025,12:00:44,38054.63,0,0,0,0,0,0
BSE IT.BSE_IDX,01/07/2025,12:00:52,38054.77,0,0,0,0,0,0
BSE IT.BSE_IDX,01/07/2025,12:01:00,38052.57,0,0,0,0,0,0
BSE IT.BSE_IDX,01/07/2025,12:01:08,38050.06,0,0,0,0,0,0
BSE IT.BSE_IDX,01/07/2025,12:01:16,38053.38,0,0,0,0,0,0
BSE IT.BSE_IDX,01/07/2025,12:01:24,38051.99,0,0,0,0,0,0
BSE IT.BSE_IDX,01/07/2025,12:01:32,38049.59,0,0,0,0,0,0
BSE IT.BSE_IDX,01/07/2025,12:01:40,38047.86,0,0,0,0,0,0
BSE IT.BSE_IDX,01/07/2025,12:01:48,38047.92,0,0,0,0,0,0
BSE IT.BSE_IDX,01/07/2025,12:01:57,38047.43,0,0,0,0,0,0
BSE IT.BSE_IDX,01/07/2025,12:02:04,38046.08,0,0,0,0,0,0
BSE IT.BSE_IDX,01/07/2025,12:02:12,38042.74,0,0,0,0,0,0
BSE IT.BSE_IDX,01/07/2025,12:02:20,38043.85,0,0,0,0,0,0
BSE IT.BSE_IDX,01/07/2025,12:02:28,38045.21,0,0,0,0,0,0
BSE IT.BSE_IDX,01/07/2025,12:02:36,38050.35,0,0,0,0,0,0
BSE IT.BSE_IDX,01/07/2025,12:02:44,38050.69,0,0,0,0,0,0
BSE IT.BSE_IDX,01/07/2025,12:02:52,38051.22,0,0,0,0,0,0
BSE IT.BSE_IDX,01/07/2025,12:03:00,38052.43,0,0,0,0,0,0
BSE IT.BSE_IDX,01/07/2025,12:03:08,38054.6,0,0,0,0,0,0
BSE IT.BSE_IDX,01/07/2025,12:03:17,38054.93,0,0,0,0,0,0
BSE IT.BSE_IDX,01/07/2025,12:03:24,38052,0,0,0,0,0,0
BSE IT.BSE_IDX,01/07/2025,12:03:32,38050.8,0,0,0,0,0,0
BSE IT.BSE_IDX,01/07/2025,12:03:40,38049.25,0,0,0,0,0,0
BSE IT.BSE_IDX,01/07/2025,12:03:48,38050.16,0,0,0,0,0,0
BSE IT.BSE_IDX,01/07/2025,12:03:56,38050.61,0,0,0,0,0,0
BSE IT.BSE_IDX,01/07/2025,12:04:04,38052.98,0,0,0,0,0,0
BSE IT.BSE_IDX,01/07/2025,12:04:12,38048.41,0,0,0,0,0,0
BSE IT.BSE_IDX,01/07/2025,12:04:20,38043.68,0,0,0,0,0,0
BSE IT.BSE_IDX,01/07/2025,12:04:28,38043.04,0,0,0,0,0,0
BSE IT.BSE_IDX,01/07/2025,12:04:36,38047.78,0,0,0,0,0,0
BSE IT.BSE_IDX,01/07/2025,12:04:44,38047.62,0,0,0,0,0,0
BSE IT.BSE_IDX,01/07/2025,12:04:52,38044.56,0,0,0,0,0,0
BSE IT.BSE_IDX,01/07/2025,12:05:01,38045.51,0,0,0,0,0,0
BSE IT.BSE_IDX,01/07/2025,12:05:08,38044.01,0,0,0,0,0,0
BSE IT.BSE_IDX,01/07/2025,12:05:16,38042.43,0,0,0,0,0,0
BSE IT.BSE_IDX,01/07/2025,12:05:24,38042.09,0,0,0,0,0,0
BSE IT.BSE_IDX,01/07/2025,12:05:32,38042.49,0,0,0,0,0,0
BSE IT.BSE_IDX,01/07/2025,12:05:40,38041.53,0,0,0,0,0,0
BSE IT.BSE_IDX,01/07/2025,12:05:48,38037.81,0,0,0,0,0,0
BSE IT.BSE_IDX,01/07/2025,12:05:56,38037.18,0,0,0,0,0,0
BSE IT.BSE_IDX,01/07/2025,12:06:04,38038.13,0,0,0,0,0,0
BSE IT.BSE_IDX,01/07/2025,12:06:12,38038.38,0,0,0,0,0,0
BSE IT.BSE_IDX,01/07/2025,12:06:20,38037.08,0,0,0,0,0,0
BSE IT.BSE_IDX,01/07/2025,12:06:28,38039.28,0,0,0,0,0,0
BSE IT.BSE_IDX,01/07/2025,12:06:36,38035.05,0,0,0,0,0,0
BSE IT.BSE_IDX,01/07/2025,12:06:44,38035.88,0,0,0,0,0,0
BSE IT.BSE_IDX,01/07/2025,12:06:53,38033.09,0,0,0,0,0,0
BSE IT.BSE_IDX,01/07/2025,12:07:00,38033.21,0,0,0,0,0,0
BSE IT.BSE_IDX,01/07/2025,12:07:08,38035.05,0,0,0,0,0,0
BSE IT.BSE_IDX,01/07/2025,12:07:16,38032.49,0,0,0,0,0,0
BSE IT.BSE_IDX,01/07/2025,12:07:24,38032.95,0,0,0,0,0,0
BSE IT.BSE_IDX,01/07/2025,12:07:32,38031.59,0,0,0,0,0,0
BSE IT.BSE_IDX,01/07/2025,12:07:40,38032.28,0,0,0,0,0,0
BSE IT.BSE_IDX,01/07/2025,12:07:48,38030.99,0,0,0,0,0,0
BSE IT.BSE_IDX,01/07/2025,12:07:56,38029.68,0,0,0,0,0,0
BSE IT.BSE_IDX,01/07/2025,12:08:04,38028.4,0,0,0,0,0,0
BSE IT.BSE_IDX,01/07/2025,12:08:12,38021.61,0,0,0,0,0,0
BSE IT.BSE_IDX,01/07/2025,12:08:20,38022.13,0,0,0,0,0,0
BSE IT.BSE_IDX,01/07/2025,12:08:28,38020.29,0,0,0,0,0,0
BSE IT.BSE_IDX,01/07/2025,12:08:36,38020.4,0,0,0,0,0,0
BSE IT.BSE_IDX,01/07/2025,12:08:44,38020.77,0,0,0,0,0,0
BSE IT.BSE_IDX,01/07/2025,12:08:52,38021.34,0,0,0,0,0,0
BSE IT.BSE_IDX,01/07/2025,12:09:00,38024.65,0,0,0,0,0,0
BSE IT.BSE_IDX,01/07/2025,12:09:08,38024.88,0,0,0,0,0,0
BSE IT.BSE_IDX,01/07/2025,12:09:16,38023.62,0,0,0,0,0,0
BSE IT.BSE_IDX,01/07/2025,12:09:25,38023.49,0,0,0,0,0,0
BSE IT.BSE_IDX,01/07/2025,12:09:32,38023.03,0,0,0,0,0,0
BSE IT.BSE_IDX,01/07/2025,12:09:40,38026.22,0,0,0,0,0,0
BSE IT.BSE_IDX,01/07/2025,12:09:48,38022.74,0,0,0,0,0,0
BSE IT.BSE_IDX,01/07/2025,12:09:57,38025.96,0,0,0,0,0,0
BSE IT.BSE_IDX,01/07/2025,12:10:05,38025.82,0,0,0,0,0,0
BSE IT.BSE_IDX,01/07/2025,12:10:13,38030.56,0,0,0,0,0,0
BSE IT.BSE_IDX,01/07/2025,12:10:22,38036.44,0,0,0,0,0,0
BSE IT.BSE_IDX,01/07/2025,12:10:28,38036.64,0,0,0,0,0,0
BSE IT.BSE_IDX,01/07/2025,12:10:36,38039.72,0,0,0,0,0,0
BSE IT.BSE_IDX,01/07/2025,12:10:45,38039.82,0,0,0,0,0,0
BSE IT.BSE_IDX,01/07/2025,12:10:52,38040.31,0,0,0,0,0,0
BSE IT.BSE_IDX,01/07/2025,12:11:00,38040.3,0,0,0,0,0,0
BSE IT.BSE_IDX,01/07/2025,12:11:08,38039.81,0,0,0,0,0,0
BSE IT.BSE_IDX,01/07/2025,12:11:17,38040.23,0,0,0,0,0,0
BSE IT.BSE_IDX,01/07/2025,12:11:24,38040.65,0,0,0,0,0,0
BSE IT.BSE_IDX,01/07/2025,12:11:32,38032.52,0,0,0,0,0,0
BSE IT.BSE_IDX,01/07/2025,12:11:40,38032.31,0,0,0,0,0,0
BSE IT.BSE_IDX,01/07/2025,12:11:49,38036.1,0,0,0,0,0,0
BSE IT.BSE_IDX,01/07/2025,12:11:57,38036.11,0,0,0,0,0,0
BSE IT.BSE_IDX,01/07/2025,12:12:05,38046.6,0,0,0,0,0,0
BSE IT.BSE_IDX,01/07/2025,12:12:13,38046.91,0,0,0,0,0,0
BSE IT.BSE_IDX,01/07/2025,12:12:21,38047.21,0,0,0,0,0,0
BSE IT.BSE_IDX,01/07/2025,12:12:29,38047.75,0,0,0,0,0,0
BSE IT.BSE_IDX,01/07/2025,12:12:37,38048.31,0,0,0,0,0,0
BSE IT.BSE_IDX,01/07/2025,12:12:45,38048.47,0,0,0,0,0,0
BSE IT.BSE_IDX,01/07/2025,12:12:53,38038.64,0,0,0,0,0,0
BSE IT.BSE_IDX,01/07/2025,12:13:01,38038.06,0,0,0,0,0,0
BSE IT.BSE_IDX,01/07/2025,12:13:09,38036.6,0,0,0,0,0,0
BSE IT.BSE_IDX,01/07/2025,12:13:17,38037.21,0,0,0,0,0,0
BSE IT.BSE_IDX,01/07/2025,12:13:25,38037.52,0,0,0,0,0,0
BSE IT.BSE_IDX,01/07/2025,12:13:33,38036.67,0,0,0,0,0,0
BSE IT.BSE_IDX,01/07/2025,12:13:41,38039.32,0,0,0,0,0,0
BSE IT.BSE_IDX,01/07/2025,12:13:49,38040.32,0,0,0,0,0,0
BSE IT.BSE_IDX,01/07/2025,12:13:57,38039.18,0,0,0,0,0,0
BSE IT.BSE_IDX,01/07/2025,12:14:05,38039.73,0,0,0,0,0,0
BSE IT.BSE_IDX,01/07/2025,12:14:13,38039.93,0,0,0,0,0,0
BSE IT.BSE_IDX,01/07/2025,12:14:21,38039.34,0,0,0,0,0,0
BSE IT.BSE_IDX,01/07/2025,12:14:29,38037.81,0,0,0,0,0,0
BSE IT.BSE_IDX,01/07/2025,12:14:37,38039.14,0,0,0,0,0,0
BSE IT.BSE_IDX,01/07/2025,12:14:46,38039.36,0,0,0,0,0,0
BSE IT.BSE_IDX,01/07/2025,12:14:54,38038.49,0,0,0,0,0,0
BSE IT.BSE_IDX,01/07/2025,12:15:01,38039.21,0,0,0,0,0,0
BSE IT.BSE_IDX,01/07/2025,12:15:09,38039.34,0,0,0,0,0,0
BSE IT.BSE_IDX,01/07/2025,12:15:17,38035.15,0,0,0,0,0,0
BSE IT.BSE_IDX,01/07/2025,12:15:25,38036.56,0,0,0,0,0,0
BSE IT.BSE_IDX,01/07/2025,12:15:33,38035,0,0,0,0,0,0
BSE IT.BSE_IDX,01/07/2025,12:15:41,38035.05,0,0,0,0,0,0
BSE IT.BSE_IDX,01/07/2025,12:15:49,38036.12,0,0,0,0,0,0
BSE IT.BSE_IDX,01/07/2025,12:15:57,38036.34,0,0,0,0,0,0
BSE IT.BSE_IDX,01/07/2025,12:16:05,38035.54,0,0,0,0,0,0
BSE IT.BSE_IDX,01/07/2025,12:16:13,38035.83,0,0,0,0,0,0
BSE IT.BSE_IDX,01/07/2025,12:16:21,38036.77,0,0,0,0,0,0
BSE IT.BSE_IDX,01/07/2025,12:16:29,38038.18,0,0,0,0,0,0
BSE IT.BSE_IDX,01/07/2025,12:16:37,38036.12,0,0,0,0,0,0
BSE IT.BSE_IDX,01/07/2025,12:16:45,38033.27,0,0,0,0,0,0
BSE IT.BSE_IDX,01/07/2025,12:16:53,38032.3,0,0,0,0,0,0
BSE IT.BSE_IDX,01/07/2025,12:17:01,38033.05,0,0,0,0,0,0
BSE IT.BSE_IDX,01/07/2025,12:17:09,38040.03,0,0,0,0,0,0
BSE IT.BSE_IDX,01/07/2025,12:17:17,38036.69,0,0,0,0,0,0
BSE IT.BSE_IDX,01/07/2025,12:17:25,38031.79,0,0,0,0,0,0
BSE IT.BSE_IDX,01/07/2025,12:17:33,38034.78,0,0,0,0,0,0
BSE IT.BSE_IDX,01/07/2025,12:17:41,38035.46,0,0,0,0,0,0
BSE IT.BSE_IDX,01/07/2025,12:17:49,38034.55,0,0,0,0,0,0
BSE IT.BSE_IDX,01/07/2025,12:17:57,38036.75,0,0,0,0,0,0
BSE IT.BSE_IDX,01/07/2025,12:18:05,38036.34,0,0,0,0,0,0
BSE IT.BSE_IDX,01/07/2025,12:18:13,38036.98,0,0,0,0,0,0
BSE IT.BSE_IDX,01/07/2025,12:18:21,38036.86,0,0,0,0,0,0
BSE IT.BSE_IDX,01/07/2025,12:18:29,38037.46,0,0,0,0,0,0
BSE IT.BSE_IDX,01/07/2025,12:18:37,38035.49,0,0,0,0,0,0
BSE IT.BSE_IDX,01/07/2025,12:18:45,38035.09,0,0,0,0,0,0
BSE IT.BSE_IDX,01/07/2025,12:18:53,38034.74,0,0,0,0,0,0
BSE IT.BSE_IDX,01/07/2025,12:19:01,38036.92,0,0,0,0,0,0
BSE IT.BSE_IDX,01/07/2025,12:19:09,38038.1,0,0,0,0,0,0
BSE IT.BSE_IDX,01/07/2025,12:19:17,38035.55,0,0,0,0,0,0
BSE IT.BSE_IDX,01/07/2025,12:19:25,38034.56,0,0,0,0,0,0
BSE IT.BSE_IDX,01/07/2025,12:19:33,38037.84,0,0,0,0,0,0
BSE IT.BSE_IDX,01/07/2025,12:19:41,38041.54,0,0,0,0,0,0
BSE IT.BSE_IDX,01/07/2025,12:19:49,38042.6,0,0,0,0,0,0
BSE IT.BSE_IDX,01/07/2025,12:19:57,38042.21,0,0,0,0,0,0
BSE IT.BSE_IDX,01/07/2025,12:20:05,38044.02,0,0,0,0,0,0
BSE IT.BSE_IDX,01/07/2025,12:20:13,38042.83,0,0,0,0,0,0
BSE IT.BSE_IDX,01/07/2025,12:20:21,38047.01,0,0,0,0,0,0
BSE IT.BSE_IDX,01/07/2025,12:20:29,38046.86,0,0,0,0,0,0
BSE IT.BSE_IDX,01/07/2025,12:20:37,38047.02,0,0,0,0,0,0
BSE IT.BSE_IDX,01/07/2025,12:20:45,38043.57,0,0,0,0,0,0
BSE IT.BSE_IDX,01/07/2025,12:20:53,38045.71,0,0,0,0,0,0
BSE IT.BSE_IDX,01/07/2025,12:21:01,38046.77,0,0,0,0,0,0
BSE IT.BSE_IDX,01/07/2025,12:21:09,38048.44,0,0,0,0,0,0
BSE IT.BSE_IDX,01/07/2025,12:21:17,38049.16,0,0,0,0,0,0
BSE IT.BSE_IDX,01/07/2025,12:21:25,38047.25,0,0,0,0,0,0
BSE IT.BSE_IDX,01/07/2025,12:21:33,38048.8,0,0,0,0,0,0
BSE IT.BSE_IDX,01/07/2025,12:21:41,38058.94,0,0,0,0,0,0
BSE IT.BSE_IDX,01/07/2025,12:21:49,38059.07,0,0,0,0,0,0
BSE IT.BSE_IDX,01/07/2025,12:21:57,38060.57,0,0,0,0,0,0
BSE IT.BSE_IDX,01/07/2025,12:22:05,38062.7,0,0,0,0,0,0
BSE IT.BSE_IDX,01/07/2025,12:22:13,38062.13,0,0,0,0,0,0
BSE IT.BSE_IDX,01/07/2025,12:22:21,38050.6,0,0,0,0,0,0
BSE IT.BSE_IDX,01/07/2025,12:22:29,38048.56,0,0,0,0,0,0
BSE IT.BSE_IDX,01/07/2025,12:22:37,38048.9,0,0,0,0,0,0
BSE IT.BSE_IDX,01/07/2025,12:22:45,38047.69,0,0,0,0,0,0
BSE IT.BSE_IDX,01/07/2025,12:22:53,38047.82,0,0,0,0,0,0
BSE IT.BSE_IDX,01/07/2025,12:23:02,38048.99,0,0,0,0,0,0
BSE IT.BSE_IDX,01/07/2025,12:23:09,38049.3,0,0,0,0,0,0
BSE IT.BSE_IDX,01/07/2025,12:23:17,38042.4,0,0,0,0,0,0
BSE IT.BSE_IDX,01/07/2025,12:23:25,38042.25,0,0,0,0,0,0
BSE IT.BSE_IDX,01/07/2025,12:23:33,38042.22,0,0,0,0,0,0
BSE IT.BSE_IDX,01/07/2025,12:23:41,38045.01,0,0,0,0,0,0
BSE IT.BSE_IDX,01/07/2025,12:23:49,38044.18,0,0,0,0,0,0
BSE IT.BSE_IDX,01/07/2025,12:23:57,38049.84,0,0,0,0,0,0
BSE IT.BSE_IDX,01/07/2025,12:24:05,38048.08,0,0,0,0,0,0
BSE IT.BSE_IDX,01/07/2025,12:24:13,38045.94,0,0,0,0,0,0
BSE IT.BSE_IDX,01/07/2025,12:24:21,38047.26,0,0,0,0,0,0
BSE IT.BSE_IDX,01/07/2025,12:24:29,38049.23,0,0,0,0,0,0
BSE IT.BSE_IDX,01/07/2025,12:24:37,38050.93,0,0,0,0,0,0
BSE IT.BSE_IDX,01/07/2025,12:24:45,38050.27,0,0,0,0,0,0
BSE IT.BSE_IDX,01/07/2025,12:24:53,38051.05,0,0,0,0,0,0
BSE IT.BSE_IDX,01/07/2025,12:25:01,38050.81,0,0,0,0,0,0
BSE IT.BSE_IDX,01/07/2025,12:25:09,38050.91,0,0,0,0,0,0
BSE IT.BSE_IDX,01/07/2025,12:25:17,38052.62,0,0,0,0,0,0
BSE IT.BSE_IDX,01/07/2025,12:25:25,38055.6,0,0,0,0,0,0
BSE IT.BSE_IDX,01/07/2025,12:25:33,38057.18,0,0,0,0,0,0
BSE IT.BSE_IDX,01/07/2025,12:25:41,38055.72,0,0,0,0,0,0
BSE IT.BSE_IDX,01/07/2025,12:25:49,38053.85,0,0,0,0,0,0
BSE IT.BSE_IDX,01/07/2025,12:25:57,38054.47,0,0,0,0,0,0
BSE IT.BSE_IDX,01/07/2025,12:26:05,38057.34,0,0,0,0,0,0
BSE IT.BSE_IDX,01/07/2025,12:26:13,38049.72,0,0,0,0,0,0
BSE IT.BSE_IDX,01/07/2025,12:26:21,38051.02,0,0,0,0,0,0
BSE IT.BSE_IDX,01/07/2025,12:26:31,38050.68,0,0,0,0,0,0
BSE IT.BSE_IDX,01/07/2025,12:26:37,38050.67,0,0,0,0,0,0
BSE IT.BSE_IDX,01/07/2025,12:26:45,38051.82,0,0,0,0,0,0
BSE IT.BSE_IDX,01/07/2025,12:26:53,38050.23,0,0,0,0,0,0
BSE IT.BSE_IDX,01/07/2025,12:27:01,38049.25,0,0,0,0,0,0
BSE IT.BSE_IDX,01/07/2025,12:27:09,38047.83,0,0,0,0,0,0
BSE IT.BSE_IDX,01/07/2025,12:27:17,38047.26,0,0,0,0,0,0
BSE IT.BSE_IDX,01/07/2025,12:27:25,38046.68,0,0,0,0,0,0
BSE IT.BSE_IDX,01/07/2025,12:27:33,38045.18,0,0,0,0,0,0
BSE IT.BSE_IDX,01/07/2025,12:27:41,38047.61,0,0,0,0,0,0
BSE IT.BSE_IDX,01/07/2025,12:27:49,38045.25,0,0,0,0,0,0
BSE IT.BSE_IDX,01/07/2025,12:27:57,38045.39,0,0,0,0,0,0
BSE IT.BSE_IDX,01/07/2025,12:28:05,38046.12,0,0,0,0,0,0
BSE IT.BSE_IDX,01/07/2025,12:28:13,38046.03,0,0,0,0,0,0
BSE IT.BSE_IDX,01/07/2025,12:28:21,38046.29,0,0,0,0,0,0
BSE IT.BSE_IDX,01/07/2025,12:28:29,38045.93,0,0,0,0,0,0
BSE IT.BSE_IDX,01/07/2025,12:28:37,38047.24,0,0,0,0,0,0
BSE IT.BSE_IDX,01/07/2025,12:28:45,38047.14,0,0,0,0,0,0
BSE IT.BSE_IDX,01/07/2025,12:28:53,38046.05,0,0,0,0,0,0
BSE IT.BSE_IDX,01/07/2025,12:29:01,38046.64,0,0,0,0,0,0
BSE IT.BSE_IDX,01/07/2025,12:29:10,38045.2,0,0,0,0,0,0
BSE IT.BSE_IDX,01/07/2025,12:29:18,38045.78,0,0,0,0,0,0
BSE IT.BSE_IDX,01/07/2025,12:29:25,38047.29,0,0,0,0,0,0
BSE IT.BSE_IDX,01/07/2025,12:29:33,38049.14,0,0,0,0,0,0
BSE IT.BSE_IDX,01/07/2025,12:29:41,38049.63,0,0,0,0,0,0
BSE IT.BSE_IDX,01/07/2025,12:29:49,38050.1,0,0,0,0,0,0
BSE IT.BSE_IDX,01/07/2025,12:29:57,38047.22,0,0,0,0,0,0
BSE IT.BSE_IDX,01/07/2025,12:30:05,38053.94,0,0,0,0,0,0
BSE IT.BSE_IDX,01/07/2025,12:30:13,38049.84,0,0,0,0,0,0
BSE IT.BSE_IDX,01/07/2025,12:30:22,38052.85,0,0,0,0,0,0
BSE IT.BSE_IDX,01/07/2025,12:30:29,38047.53,0,0,0,0,0,0
BSE IT.BSE_IDX,01/07/2025,12:30:37,38046.9,0,0,0,0,0,0
BSE IT.BSE_IDX,01/07/2025,12:30:45,38047.21,0,0,0,0,0,0
BSE IT.BSE_IDX,01/07/2025,12:30:53,38047.33,0,0,0,0,0,0
BSE IT.BSE_IDX,01/07/2025,12:31:01,38047.15,0,0,0,0,0,0
BSE IT.BSE_IDX,01/07/2025,12:31:09,38046.39,0,0,0,0,0,0
BSE IT.BSE_IDX,01/07/2025,12:31:17,38044.52,0,0,0,0,0,0
BSE IT.BSE_IDX,01/07/2025,12:31:25,38045.9,0,0,0,0,0,0
BSE IT.BSE_IDX,01/07/2025,12:31:34,38048.3,0,0,0,0,0,0
BSE IT.BSE_IDX,01/07/2025,12:31:41,38041.74,0,0,0,0,0,0
BSE IT.BSE_IDX,01/07/2025,12:31:49,38040.79,0,0,0,0,0,0
BSE IT.BSE_IDX,01/07/2025,12:31:57,38043.31,0,0,0,0,0,0
BSE IT.BSE_IDX,01/07/2025,12:32:05,38044.01,0,0,0,0,0,0
BSE IT.BSE_IDX,01/07/2025,12:32:13,38045.73,0,0,0,0,0,0
BSE IT.BSE_IDX,01/07/2025,12:32:21,38045.69,0,0,0,0,0,0
BSE IT.BSE_IDX,01/07/2025,12:32:29,38046.24,0,0,0,0,0,0
BSE IT.BSE_IDX,01/07/2025,12:32:37,38045.74,0,0,0,0,0,0
BSE IT.BSE_IDX,01/07/2025,12:32:45,38047.94,0,0,0,0,0,0
BSE IT.BSE_IDX,01/07/2025,12:32:53,38046.5,0,0,0,0,0,0
BSE IT.BSE_IDX,01/07/2025,12:33:01,38046.13,0,0,0,0,0,0
BSE IT.BSE_IDX,01/07/2025,12:33:09,38045.64,0,0,0,0,0,0
BSE IT.BSE_IDX,01/07/2025,12:33:17,38045.16,0,0,0,0,0,0
BSE IT.BSE_IDX,01/07/2025,12:33:26,38047.09,0,0,0,0,0,0
BSE IT.BSE_IDX,01/07/2025,12:33:33,38045.9,0,0,0,0,0,0
BSE IT.BSE_IDX,01/07/2025,12:33:41,38052.87,0,0,0,0,0,0
BSE IT.BSE_IDX,01/07/2025,12:33:49,38045.97,0,0,0,0,0,0
BSE IT.BSE_IDX,01/07/2025,12:33:57,38047.73,0,0,0,0,0,0
BSE IT.BSE_IDX,01/07/2025,12:34:05,38049.96,0,0,0,0,0,0
BSE IT.BSE_IDX,01/07/2025,12:34:13,38052.38,0,0,0,0,0,0
BSE IT.BSE_IDX,01/07/2025,12:34:21,38051.48,0,0,0,0,0,0
BSE IT.BSE_IDX,01/07/2025,12:34:29,38051.8,0,0,0,0,0,0
BSE IT.BSE_IDX,01/07/2025,12:34:37,38052.09,0,0,0,0,0,0
BSE IT.BSE_IDX,01/07/2025,12:34:45,38050.88,0,0,0,0,0,0
BSE IT.BSE_IDX,01/07/2025,12:34:53,38056.2,0,0,0,0,0,0
BSE IT.BSE_IDX,01/07/2025,12:35:01,38055.78,0,0,0,0,0,0
BSE IT.BSE_IDX,01/07/2025,12:35:09,38058.56,0,0,0,0,0,0
BSE IT.BSE_IDX,01/07/2025,12:35:17,38058.44,0,0,0,0,0,0
BSE IT.BSE_IDX,01/07/2025,12:35:25,38058.43,0,0,0,0,0,0
BSE IT.BSE_IDX,01/07/2025,12:35:33,38057.84,0,0,0,0,0,0
BSE IT.BSE_IDX,01/07/2025,12:35:41,38056.52,0,0,0,0,0,0
BSE IT.BSE_IDX,01/07/2025,12:35:49,38055.17,0,0,0,0,0,0
BSE IT.BSE_IDX,01/07/2025,12:35:57,38055.06,0,0,0,0,0,0
BSE IT.BSE_IDX,01/07/2025,12:36:05,38053.89,0,0,0,0,0,0
BSE IT.BSE_IDX,01/07/2025,12:36:13,38055.14,0,0,0,0,0,0
BSE IT.BSE_IDX,01/07/2025,12:36:21,38056.35,0,0,0,0,0,0
BSE IT.BSE_IDX,01/07/2025,12:36:29,38050.97,0,0,0,0,0,0
BSE IT.BSE_IDX,01/07/2025,12:36:37,38052.66,0,0,0,0,0,0
BSE IT.BSE_IDX,01/07/2025,12:36:45,38052.79,0,0,0,0,0,0
BSE IT.BSE_IDX,01/07/2025,12:36:53,38053.05,0,0,0,0,0,0
BSE IT.BSE_IDX,01/07/2025,12:37:01,38053.19,0,0,0,0,0,0
BSE IT.BSE_IDX,01/07/2025,12:37:09,38052.71,0,0,0,0,0,0
BSE IT.BSE_IDX,01/07/2025,12:37:17,38052.47,0,0,0,0,0,0
BSE IT.BSE_IDX,01/07/2025,12:37:25,38051.98,0,0,0,0,0,0
BSE IT.BSE_IDX,01/07/2025,12:37:33,38050.3,0,0,0,0,0,0
BSE IT.BSE_IDX,01/07/2025,12:37:41,38050.65,0,0,0,0,0,0
BSE IT.BSE_IDX,01/07/2025,12:37:49,38049.26,0,0,0,0,0,0
BSE IT.BSE_IDX,01/07/2025,12:37:57,38047.66,0,0,0,0,0,0
BSE IT.BSE_IDX,01/07/2025,12:38:05,38045.51,0,0,0,0,0,0
BSE IT.BSE_IDX,01/07/2025,12:38:13,38045.17,0,0,0,0,0,0
BSE IT.BSE_IDX,01/07/2025,12:38:22,38043.54,0,0,0,0,0,0
BSE IT.BSE_IDX,01/07/2025,12:38:29,38047.85,0,0,0,0,0,0
BSE IT.BSE_IDX,01/07/2025,12:38:39,38047.98,0,0,0,0,0,0
BSE IT.BSE_IDX,01/07/2025,12:38:45,38049.09,0,0,0,0,0,0
BSE IT.BSE_IDX,01/07/2025,12:38:53,38048.52,0,0,0,0,0,0
BSE IT.BSE_IDX,01/07/2025,12:39:01,38048.62,0,0,0,0,0,0
BSE IT.BSE_IDX,01/07/2025,12:39:10,38047.56,0,0,0,0,0,0
BSE IT.BSE_IDX,01/07/2025,12:39:17,38047.79,0,0,0,0,0,0
BSE IT.BSE_IDX,01/07/2025,12:39:25,38048.22,0,0,0,0,0,0
BSE IT.BSE_IDX,01/07/2025,12:39:34,38041.54,0,0,0,0,0,0
BSE IT.BSE_IDX,01/07/2025,12:39:42,38042.23,0,0,0,0,0,0
BSE IT.BSE_IDX,01/07/2025,12:39:49,38040.7,0,0,0,0,0,0
BSE IT.BSE_IDX,01/07/2025,12:39:57,38040.82,0,0,0,0,0,0
BSE IT.BSE_IDX,01/07/2025,12:40:05,38039.25,0,0,0,0,0,0
BSE IT.BSE_IDX,01/07/2025,12:40:14,38036.34,0,0,0,0,0,0
BSE IT.BSE_IDX,01/07/2025,12:40:21,38036.35,0,0,0,0,0,0
BSE IT.BSE_IDX,01/07/2025,12:40:29,38034.36,0,0,0,0,0,0
BSE IT.BSE_IDX,01/07/2025,12:40:37,38035.55,0,0,0,0,0,0
BSE IT.BSE_IDX,01/07/2025,12:40:45,38037.08,0,0,0,0,0,0
BSE IT.BSE_IDX,01/07/2025,12:40:54,38037.09,0,0,0,0,0,0
BSE IT.BSE_IDX,01/07/2025,12:41:01,38036.51,0,0,0,0,0,0
BSE IT.BSE_IDX,01/07/2025,12:41:09,38037.91,0,0,0,0,0,0
BSE IT.BSE_IDX,01/07/2025,12:41:17,38037.69,0,0,0,0,0,0
BSE IT.BSE_IDX,01/07/2025,12:41:25,38036.18,0,0,0,0,0,0
BSE IT.BSE_IDX,01/07/2025,12:41:33,38036.13,0,0,0,0,0,0
BSE IT.BSE_IDX,01/07/2025,12:41:41,38037.14,0,0,0,0,0,0
BSE IT.BSE_IDX,01/07/2025,12:41:49,38036.09,0,0,0,0,0,0
BSE IT.BSE_IDX,01/07/2025,12:41:57,38037.47,0,0,0,0,0,0
BSE IT.BSE_IDX,01/07/2025,12:42:05,38041.54,0,0,0,0,0,0
BSE IT.BSE_IDX,01/07/2025,12:42:13,38044.94,0,0,0,0,0,0
BSE IT.BSE_IDX,01/07/2025,12:42:21,38038.54,0,0,0,0,0,0
BSE IT.BSE_IDX,01/07/2025,12:42:29,38039.54,0,0,0,0,0,0
BSE IT.BSE_IDX,01/07/2025,12:42:37,38040.32,0,0,0,0,0,0
BSE IT.BSE_IDX,01/07/2025,12:42:45,38040.44,0,0,0,0,0,0
BSE IT.BSE_IDX,01/07/2025,12:42:53,38040.19,0,0,0,0,0,0
BSE IT.BSE_IDX,01/07/2025,12:43:01,38039.49,0,0,0,0,0,0
BSE IT.BSE_IDX,01/07/2025,12:43:10,38040.93,0,0,0,0,0,0
BSE IT.BSE_IDX,01/07/2025,12:43:17,38041.49,0,0,0,0,0,0
BSE IT.BSE_IDX,01/07/2025,12:43:26,38042.8,0,0,0,0,0,0
BSE IT.BSE_IDX,01/07/2025,12:43:33,38043.25,0,0,0,0,0,0
BSE IT.BSE_IDX,01/07/2025,12:43:41,38043.08,0,0,0,0,0,0
BSE IT.BSE_IDX,01/07/2025,12:43:49,38044.34,0,0,0,0,0,0
BSE IT.BSE_IDX,01/07/2025,12:43:58,38044.95,0,0,0,0,0,0
BSE IT.BSE_IDX,01/07/2025,12:44:05,38054.44,0,0,0,0,0,0
BSE IT.BSE_IDX,01/07/2025,12:44:14,38053.31,0,0,0,0,0,0
BSE IT.BSE_IDX,01/07/2025,12:44:21,38052.77,0,0,0,0,0,0
BSE IT.BSE_IDX,01/07/2025,12:44:29,38052.37,0,0,0,0,0,0
BSE IT.BSE_IDX,01/07/2025,12:44:38,38050.69,0,0,0,0,0,0
BSE IT.BSE_IDX,01/07/2025,12:44:45,38050.64,0,0,0,0,0,0
BSE IT.BSE_IDX,01/07/2025,12:44:53,38050.81,0,0,0,0,0,0
BSE IT.BSE_IDX,01/07/2025,12:45:01,38050.75,0,0,0,0,0,0
BSE IT.BSE_IDX,01/07/2025,12:45:11,38047.11,0,0,0,0,0,0
BSE IT.BSE_IDX,01/07/2025,12:45:17,38045.02,0,0,0,0,0,0
BSE IT.BSE_IDX,01/07/2025,12:45:25,38044.39,0,0,0,0,0,0
BSE IT.BSE_IDX,01/07/2025,12:45:34,38044.5,0,0,0,0,0,0
BSE IT.BSE_IDX,01/07/2025,12:45:42,38039.03,0,0,0,0,0,0
BSE IT.BSE_IDX,01/07/2025,12:45:50,38043.08,0,0,0,0,0,0
BSE IT.BSE_IDX,01/07/2025,12:45:58,38042.96,0,0,0,0,0,0
BSE IT.BSE_IDX,01/07/2025,12:46:06,38043.88,0,0,0,0,0,0
BSE IT.BSE_IDX,01/07/2025,12:46:14,38042.71,0,0,0,0,0,0
BSE IT.BSE_IDX,01/07/2025,12:46:22,38045.66,0,0,0,0,0,0
BSE IT.BSE_IDX,01/07/2025,12:46:30,38044.52,0,0,0,0,0,0
BSE IT.BSE_IDX,01/07/2025,12:46:38,38045.72,0,0,0,0,0,0
BSE IT.BSE_IDX,01/07/2025,12:46:46,38044.54,0,0,0,0,0,0
BSE IT.BSE_IDX,01/07/2025,12:46:54,38044.61,0,0,0,0,0,0
BSE IT.BSE_IDX,01/07/2025,12:47:02,38043.45,0,0,0,0,0,0
BSE IT.BSE_IDX,01/07/2025,12:47:10,38042.94,0,0,0,0,0,0
BSE IT.BSE_IDX,01/07/2025,12:47:18,38045.76,0,0,0,0,0,0
BSE IT.BSE_IDX,01/07/2025,12:47:26,38046.02,0,0,0,0,0,0
BSE IT.BSE_IDX,01/07/2025,12:47:34,38046.05,0,0,0,0,0,0
BSE IT.BSE_IDX,01/07/2025,12:47:42,38040.28,0,0,0,0,0,0
BSE IT.BSE_IDX,01/07/2025,12:47:50,38037.86,0,0,0,0,0,0
BSE IT.BSE_IDX,01/07/2025,12:47:58,38037.95,0,0,0,0,0,0
BSE IT.BSE_IDX,01/07/2025,12:48:06,38038.45,0,0,0,0,0,0
BSE IT.BSE_IDX,01/07/2025,12:48:14,38039.96,0,0,0,0,0,0
BSE IT.BSE_IDX,01/07/2025,12:48:22,38044.66,0,0,0,0,0,0
BSE IT.BSE_IDX,01/07/2025,12:48:30,38047.52,0,0,0,0,0,0
BSE IT.BSE_IDX,01/07/2025,12:48:38,38048.18,0,0,0,0,0,0
BSE IT.BSE_IDX,01/07/2025,12:48:46,38048.91,0,0,0,0,0,0
BSE IT.BSE_IDX,01/07/2025,12:48:54,38052.79,0,0,0,0,0,0
BSE IT.BSE_IDX,01/07/2025,12:49:02,38051.81,0,0,0,0,0,0
BSE IT.BSE_IDX,01/07/2025,12:49:10,38056.92,0,0,0,0,0,0
BSE IT.BSE_IDX,01/07/2025,12:49:18,38058.65,0,0,0,0,0,0
BSE IT.BSE_IDX,01/07/2025,12:49:26,38056.93,0,0,0,0,0,0
BSE IT.BSE_IDX,01/07/2025,12:49:34,38056.32,0,0,0,0,0,0
BSE IT.BSE_IDX,01/07/2025,12:49:42,38059.88,0,0,0,0,0,0
BSE IT.BSE_IDX,01/07/2025,12:49:50,38061.68,0,0,0,0,0,0
BSE IT.BSE_IDX,01/07/2025,12:49:58,38061.37,0,0,0,0,0,0
BSE IT.BSE_IDX,01/07/2025,12:50:06,38062.66,0,0,0,0,0,0
BSE IT.BSE_IDX,01/07/2025,12:50:14,38067.35,0,0,0,0,0,0
BSE IT.BSE_IDX,01/07/2025,12:50:22,38066.77,0,0,0,0,0,0
BSE IT.BSE_IDX,01/07/2025,12:50:30,38063.93,0,0,0,0,0,0
BSE IT.BSE_IDX,01/07/2025,12:50:38,38063.37,0,0,0,0,0,0
BSE IT.BSE_IDX,01/07/2025,12:50:47,38062.05,0,0,0,0,0,0
BSE IT.BSE_IDX,01/07/2025,12:50:54,38066.46,0,0,0,0,0,0
BSE IT.BSE_IDX,01/07/2025,12:51:02,38065.92,0,0,0,0,0,0
BSE IT.BSE_IDX,01/07/2025,12:51:10,38067.08,0,0,0,0,0,0
BSE IT.BSE_IDX,01/07/2025,12:51:19,38067.18,0,0,0,0,0,0
BSE IT.BSE_IDX,01/07/2025,12:51:26,38066.16,0,0,0,0,0,0
BSE IT.BSE_IDX,01/07/2025,12:51:34,38059.99,0,0,0,0,0,0
BSE IT.BSE_IDX,01/07/2025,12:51:42,38061.52,0,0,0,0,0,0
BSE IT.BSE_IDX,01/07/2025,12:51:50,38061.18,0,0,0,0,0,0
BSE IT.BSE_IDX,01/07/2025,12:51:58,38058.32,0,0,0,0,0,0
BSE IT.BSE_IDX,01/07/2025,12:52:06,38059.36,0,0,0,0,0,0
BSE IT.BSE_IDX,01/07/2025,12:52:14,38063.96,0,0,0,0,0,0
BSE IT.BSE_IDX,01/07/2025,12:52:22,38063.58,0,0,0,0,0,0
BSE IT.BSE_IDX,01/07/2025,12:52:30,38063.3,0,0,0,0,0,0
BSE IT.BSE_IDX,01/07/2025,12:52:38,38063.38,0,0,0,0,0,0
BSE IT.BSE_IDX,01/07/2025,12:52:46,38059.33,0,0,0,0,0,0
BSE IT.BSE_IDX,01/07/2025,12:52:54,38058.76,0,0,0,0,0,0
BSE IT.BSE_IDX,01/07/2025,12:53:02,38054.1,0,0,0,0,0,0
BSE IT.BSE_IDX,01/07/2025,12:53:10,38053.78,0,0,0,0,0,0
BSE IT.BSE_IDX,01/07/2025,12:53:18,38055.03,0,0,0,0,0,0
BSE IT.BSE_IDX,01/07/2025,12:53:26,38051.64,0,0,0,0,0,0
BSE IT.BSE_IDX,01/07/2025,12:53:34,38053.27,0,0,0,0,0,0
BSE IT.BSE_IDX,01/07/2025,12:53:42,38051.69,0,0,0,0,0,0
BSE IT.BSE_IDX,01/07/2025,12:53:50,38052.3,0,0,0,0,0,0
BSE IT.BSE_IDX,01/07/2025,12:53:58,38056.97,0,0,0,0,0,0
BSE IT.BSE_IDX,01/07/2025,12:54:06,38056.61,0,0,0,0,0,0
BSE IT.BSE_IDX,01/07/2025,12:54:14,38056.75,0,0,0,0,0,0
BSE IT.BSE_IDX,01/07/2025,12:54:22,38049.21,0,0,0,0,0,0
