Ticker,Date,Time,LTP,BuyPrice,BuyQty,SellPrice,SellQty,LTQ,OpenInterest
BSE CG.BSE_IDX,01/07/2025,09:00:07,72893.46,0,0,0,0,0,0
BSE CG.BSE_IDX,01/07/2025,09:00:15,72671.96,0,0,0,0,0,0
BSE CG.BSE_IDX,01/07/2025,09:00:23,72408.29,0,0,0,0,0,0
BSE CG.BSE_IDX,01/07/2025,09:00:31,72533.04,0,0,0,0,0,0
BSE CG.BSE_IDX,01/07/2025,09:00:39,72518.57,0,0,0,0,0,0
BSE CG.BSE_IDX,01/07/2025,09:00:47,72413.02,0,0,0,0,0,0
BSE CG.BSE_IDX,01/07/2025,09:00:55,72421.65,0,0,0,0,0,0
BSE CG.BSE_IDX,01/07/2025,09:01:03,72433.18,0,0,0,0,0,0
BSE CG.BSE_IDX,01/07/2025,09:01:11,72422.86,0,0,0,0,0,0
BSE CG.BSE_IDX,01/07/2025,09:01:19,72427.44,0,0,0,0,0,0
BSE CG.BSE_IDX,01/07/2025,09:01:27,72529.97,0,0,0,0,0,0
BSE CG.BSE_IDX,01/07/2025,09:01:35,72529.97,0,0,0,0,0,0
BSE CG.BSE_IDX,01/07/2025,09:01:43,72530.41,0,0,0,0,0,0
BSE CG.BSE_IDX,01/07/2025,09:01:51,72530.41,0,0,0,0,0,0
BSE CG.BSE_IDX,01/07/2025,09:01:59,72519.22,0,0,0,0,0,0
BSE CG.BSE_IDX,01/07/2025,09:02:07,72519.22,0,0,0,0,0,0
BSE CG.BSE_IDX,01/07/2025,09:02:15,72532.15,0,0,0,0,0,0
BSE CG.BSE_IDX,01/07/2025,09:02:23,72514.44,0,0,0,0,0,0
BSE CG.BSE_IDX,01/07/2025,09:02:31,72514.44,0,0,0,0,0,0
BSE CG.BSE_IDX,01/07/2025,09:02:39,72531.29,0,0,0,0,0,0
BSE CG.BSE_IDX,01/07/2025,09:02:47,72533.76,0,0,0,0,0,0
BSE CG.BSE_IDX,01/07/2025,09:02:55,72533.76,0,0,0,0,0,0
BSE CG.BSE_IDX,01/07/2025,09:03:03,72542.37,0,0,0,0,0,0
BSE CG.BSE_IDX,01/07/2025,09:03:11,72526.7,0,0,0,0,0,0
BSE CG.BSE_IDX,01/07/2025,09:03:19,72578.31,0,0,0,0,0,0
BSE CG.BSE_IDX,01/07/2025,09:03:27,72556.3,0,0,0,0,0,0
BSE CG.BSE_IDX,01/07/2025,09:03:35,72577.83,0,0,0,0,0,0
BSE CG.BSE_IDX,01/07/2025,09:03:43,72613.27,0,0,0,0,0,0
BSE CG.BSE_IDX,01/07/2025,09:03:51,72562.69,0,0,0,0,0,0
BSE CG.BSE_IDX,01/07/2025,09:03:59,72592.55,0,0,0,0,0,0
BSE CG.BSE_IDX,01/07/2025,09:04:07,72598.77,0,0,0,0,0,0
BSE CG.BSE_IDX,01/07/2025,09:04:15,72584.02,0,0,0,0,0,0
BSE CG.BSE_IDX,01/07/2025,09:04:23,72664.39,0,0,0,0,0,0
BSE CG.BSE_IDX,01/07/2025,09:04:31,72686.19,0,0,0,0,0,0
BSE CG.BSE_IDX,01/07/2025,09:04:39,72685,0,0,0,0,0,0
BSE CG.BSE_IDX,01/07/2025,09:04:47,72683.57,0,0,0,0,0,0
BSE CG.BSE_IDX,01/07/2025,09:04:55,72679.52,0,0,0,0,0,0
BSE CG.BSE_IDX,01/07/2025,09:05:03,72679.67,0,0,0,0,0,0
BSE CG.BSE_IDX,01/07/2025,09:05:11,72701.62,0,0,0,0,0,0
BSE CG.BSE_IDX,01/07/2025,09:05:19,72695.48,0,0,0,0,0,0
BSE CG.BSE_IDX,01/07/2025,09:05:27,72676.79,0,0,0,0,0,0
BSE CG.BSE_IDX,01/07/2025,09:05:35,72676.16,0,0,0,0,0,0
BSE CG.BSE_IDX,01/07/2025,09:05:43,72653.06,0,0,0,0,0,0
BSE CG.BSE_IDX,01/07/2025,09:05:51,72662.86,0,0,0,0,0,0
BSE CG.BSE_IDX,01/07/2025,09:05:59,72662.86,0,0,0,0,0,0
BSE CG.BSE_IDX,01/07/2025,09:06:07,72662.86,0,0,0,0,0,0
BSE CG.BSE_IDX,01/07/2025,09:06:15,72657.53,0,0,0,0,0,0
BSE CG.BSE_IDX,01/07/2025,09:06:23,72668.58,0,0,0,0,0,0
BSE CG.BSE_IDX,01/07/2025,09:06:31,72713.81,0,0,0,0,0,0
BSE CG.BSE_IDX,01/07/2025,09:06:39,72713.4,0,0,0,0,0,0
BSE CG.BSE_IDX,01/07/2025,09:06:47,72693.66,0,0,0,0,0,0
BSE CG.BSE_IDX,01/07/2025,09:06:55,72683.3,0,0,0,0,0,0
BSE CG.BSE_IDX,01/07/2025,09:07:04,72726.57,0,0,0,0,0,0
BSE CG.BSE_IDX,01/07/2025,09:07:11,72726.57,0,0,0,0,0,0
BSE CG.BSE_IDX,01/07/2025,09:07:19,72726.57,0,0,0,0,0,0
BSE CG.BSE_IDX,01/07/2025,09:07:27,72726.57,0,0,0,0,0,0
BSE CG.BSE_IDX,01/07/2025,09:07:35,72726.57,0,0,0,0,0,0
BSE CG.BSE_IDX,01/07/2025,09:07:43,72726.57,0,0,0,0,0,0
BSE CG.BSE_IDX,01/07/2025,09:07:51,72726.57,0,0,0,0,0,0
BSE CG.BSE_IDX,01/07/2025,09:07:59,72726.57,0,0,0,0,0,0
BSE CG.BSE_IDX,01/07/2025,09:08:07,72726.57,0,0,0,0,0,0
BSE CG.BSE_IDX,01/07/2025,09:08:15,72726.57,0,0,0,0,0,0
BSE CG.BSE_IDX,01/07/2025,09:08:23,72726.57,0,0,0,0,0,0
BSE CG.BSE_IDX,01/07/2025,09:08:31,72726.57,0,0,0,0,0,0
BSE CG.BSE_IDX,01/07/2025,09:08:39,72726.57,0,0,0,0,0,0
BSE CG.BSE_IDX,01/07/2025,09:08:47,72726.57,0,0,0,0,0,0
BSE CG.BSE_IDX,01/07/2025,09:08:55,72726.57,0,0,0,0,0,0
BSE CG.BSE_IDX,01/07/2025,09:09:03,72726.74,0,0,0,0,0,0
BSE CG.BSE_IDX,01/07/2025,09:09:11,72726.74,0,0,0,0,0,0
BSE CG.BSE_IDX,01/07/2025,09:09:19,72726.74,0,0,0,0,0,0
BSE CG.BSE_IDX,01/07/2025,09:09:27,72726.74,0,0,0,0,0,0
BSE CG.BSE_IDX,01/07/2025,09:09:35,72726.74,0,0,0,0,0,0
BSE CG.BSE_IDX,01/07/2025,09:09:43,72726.74,0,0,0,0,0,0
BSE CG.BSE_IDX,01/07/2025,09:09:51,72726.74,0,0,0,0,0,0
BSE CG.BSE_IDX,01/07/2025,09:09:59,72726.74,0,0,0,0,0,0
BSE CG.BSE_IDX,01/07/2025,09:10:07,72726.74,0,0,0,0,0,0
BSE CG.BSE_IDX,01/07/2025,09:10:15,72726.74,0,0,0,0,0,0
BSE CG.BSE_IDX,01/07/2025,09:10:23,72726.74,0,0,0,0,0,0
BSE CG.BSE_IDX,01/07/2025,09:10:31,72726.74,0,0,0,0,0,0
BSE CG.BSE_IDX,01/07/2025,09:10:39,72726.74,0,0,0,0,0,0
BSE CG.BSE_IDX,01/07/2025,09:10:47,72726.74,0,0,0,0,0,0
BSE CG.BSE_IDX,01/07/2025,09:10:55,72726.74,0,0,0,0,0,0
BSE CG.BSE_IDX,01/07/2025,09:11:03,72726.74,0,0,0,0,0,0
BSE CG.BSE_IDX,01/07/2025,09:11:11,72726.74,0,0,0,0,0,0
BSE CG.BSE_IDX,01/07/2025,09:11:19,72726.74,0,0,0,0,0,0
BSE CG.BSE_IDX,01/07/2025,09:11:27,72726.74,0,0,0,0,0,0
BSE CG.BSE_IDX,01/07/2025,09:11:35,72726.74,0,0,0,0,0,0
BSE CG.BSE_IDX,01/07/2025,09:11:43,72726.74,0,0,0,0,0,0
BSE CG.BSE_IDX,01/07/2025,09:11:51,72726.74,0,0,0,0,0,0
BSE CG.BSE_IDX,01/07/2025,09:11:59,72726.74,0,0,0,0,0,0
BSE CG.BSE_IDX,01/07/2025,09:12:07,72726.74,0,0,0,0,0,0
BSE CG.BSE_IDX,01/07/2025,09:12:16,72726.74,0,0,0,0,0,0
BSE CG.BSE_IDX,01/07/2025,09:12:23,72726.74,0,0,0,0,0,0
BSE CG.BSE_IDX,01/07/2025,09:12:31,72726.74,0,0,0,0,0,0
BSE CG.BSE_IDX,01/07/2025,09:12:39,72726.74,0,0,0,0,0,0
BSE CG.BSE_IDX,01/07/2025,09:12:47,72726.74,0,0,0,0,0,0
BSE CG.BSE_IDX,01/07/2025,09:12:55,72726.74,0,0,0,0,0,0
BSE CG.BSE_IDX,01/07/2025,09:13:03,72726.74,0,0,0,0,0,0
BSE CG.BSE_IDX,01/07/2025,09:13:11,72726.74,0,0,0,0,0,0
BSE CG.BSE_IDX,01/07/2025,09:13:19,72726.74,0,0,0,0,0,0
BSE CG.BSE_IDX,01/07/2025,09:13:27,72726.74,0,0,0,0,0,0
BSE CG.BSE_IDX,01/07/2025,09:13:35,72726.74,0,0,0,0,0,0
BSE CG.BSE_IDX,01/07/2025,09:13:43,72726.74,0,0,0,0,0,0
BSE CG.BSE_IDX,01/07/2025,09:13:51,72726.74,0,0,0,0,0,0
BSE CG.BSE_IDX,01/07/2025,09:13:59,72726.74,0,0,0,0,0,0
BSE CG.BSE_IDX,01/07/2025,09:14:07,72726.74,0,0,0,0,0,0
BSE CG.BSE_IDX,01/07/2025,09:14:15,72726.74,0,0,0,0,0,0
BSE CG.BSE_IDX,01/07/2025,09:14:23,72726.74,0,0,0,0,0,0
BSE CG.BSE_IDX,01/07/2025,09:14:31,72726.74,0,0,0,0,0,0
BSE CG.BSE_IDX,01/07/2025,09:14:39,72726.74,0,0,0,0,0,0
BSE CG.BSE_IDX,01/07/2025,09:14:47,72726.74,0,0,0,0,0,0
BSE CG.BSE_IDX,01/07/2025,09:14:55,72726.74,0,0,0,0,0,0
BSE CG.BSE_IDX,01/07/2025,09:15:04,72761.2,0,0,0,0,0,0
BSE CG.BSE_IDX,01/07/2025,09:15:11,72715.88,0,0,0,0,0,0
BSE CG.BSE_IDX,01/07/2025,09:15:19,72665.09,0,0,0,0,0,0
BSE CG.BSE_IDX,01/07/2025,09:15:27,72615.24,0,0,0,0,0,0
BSE CG.BSE_IDX,01/07/2025,09:15:35,72645.96,0,0,0,0,0,0
BSE CG.BSE_IDX,01/07/2025,09:15:43,72643.79,0,0,0,0,0,0
BSE CG.BSE_IDX,01/07/2025,09:15:51,72664.46,0,0,0,0,0,0
BSE CG.BSE_IDX,01/07/2025,09:15:59,72647.95,0,0,0,0,0,0
BSE CG.BSE_IDX,01/07/2025,09:16:07,72639.49,0,0,0,0,0,0
BSE CG.BSE_IDX,01/07/2025,09:16:15,72663.39,0,0,0,0,0,0
BSE CG.BSE_IDX,01/07/2025,09:16:24,72686.13,0,0,0,0,0,0
BSE CG.BSE_IDX,01/07/2025,09:16:31,72702.92,0,0,0,0,0,0
BSE CG.BSE_IDX,01/07/2025,09:16:39,72717.36,0,0,0,0,0,0
BSE CG.BSE_IDX,01/07/2025,09:16:48,72737.73,0,0,0,0,0,0
BSE CG.BSE_IDX,01/07/2025,09:16:55,72745.29,0,0,0,0,0,0
BSE CG.BSE_IDX,01/07/2025,09:17:03,72765.77,0,0,0,0,0,0
BSE CG.BSE_IDX,01/07/2025,09:17:12,72759.65,0,0,0,0,0,0
BSE CG.BSE_IDX,01/07/2025,09:17:19,72751.99,0,0,0,0,0,0
BSE CG.BSE_IDX,01/07/2025,09:17:27,72768.54,0,0,0,0,0,0
BSE CG.BSE_IDX,01/07/2025,09:17:35,72789.91,0,0,0,0,0,0
BSE CG.BSE_IDX,01/07/2025,09:17:44,72789.04,0,0,0,0,0,0
BSE CG.BSE_IDX,01/07/2025,09:17:51,72769.19,0,0,0,0,0,0
BSE CG.BSE_IDX,01/07/2025,09:17:59,72753.67,0,0,0,0,0,0
BSE CG.BSE_IDX,01/07/2025,09:18:07,72744.96,0,0,0,0,0,0
BSE CG.BSE_IDX,01/07/2025,09:18:15,72741.63,0,0,0,0,0,0
BSE CG.BSE_IDX,01/07/2025,09:18:23,72755.43,0,0,0,0,0,0
BSE CG.BSE_IDX,01/07/2025,09:18:31,72764.46,0,0,0,0,0,0
BSE CG.BSE_IDX,01/07/2025,09:18:39,72778.02,0,0,0,0,0,0
BSE CG.BSE_IDX,01/07/2025,09:18:47,72789.66,0,0,0,0,0,0
BSE CG.BSE_IDX,01/07/2025,09:18:56,72805.47,0,0,0,0,0,0
BSE CG.BSE_IDX,01/07/2025,09:19:03,72820.7,0,0,0,0,0,0
BSE CG.BSE_IDX,01/07/2025,09:19:11,72787.22,0,0,0,0,0,0
BSE CG.BSE_IDX,01/07/2025,09:19:19,72807.31,0,0,0,0,0,0
BSE CG.BSE_IDX,01/07/2025,09:19:28,72802.17,0,0,0,0,0,0
BSE CG.BSE_IDX,01/07/2025,09:19:35,72799.93,0,0,0,0,0,0
BSE CG.BSE_IDX,01/07/2025,09:19:43,72788.62,0,0,0,0,0,0
BSE CG.BSE_IDX,01/07/2025,09:19:52,72792.52,0,0,0,0,0,0
BSE CG.BSE_IDX,01/07/2025,09:19:59,72794.73,0,0,0,0,0,0
BSE CG.BSE_IDX,01/07/2025,09:20:07,72810.03,0,0,0,0,0,0
BSE CG.BSE_IDX,01/07/2025,09:20:15,72808.05,0,0,0,0,0,0
BSE CG.BSE_IDX,01/07/2025,09:20:24,72771.16,0,0,0,0,0,0
BSE CG.BSE_IDX,01/07/2025,09:20:31,72753.55,0,0,0,0,0,0
BSE CG.BSE_IDX,01/07/2025,09:20:39,72736.78,0,0,0,0,0,0
BSE CG.BSE_IDX,01/07/2025,09:20:47,72749.51,0,0,0,0,0,0
BSE CG.BSE_IDX,01/07/2025,09:20:55,72752.8,0,0,0,0,0,0
BSE CG.BSE_IDX,01/07/2025,09:21:03,72741.14,0,0,0,0,0,0
BSE CG.BSE_IDX,01/07/2025,09:21:11,72731.08,0,0,0,0,0,0
BSE CG.BSE_IDX,01/07/2025,09:21:19,72752.63,0,0,0,0,0,0
BSE CG.BSE_IDX,01/07/2025,09:21:27,72734.92,0,0,0,0,0,0
BSE CG.BSE_IDX,01/07/2025,09:21:36,72733.01,0,0,0,0,0,0
BSE CG.BSE_IDX,01/07/2025,09:21:43,72751.09,0,0,0,0,0,0
BSE CG.BSE_IDX,01/07/2025,09:21:51,72764.46,0,0,0,0,0,0
BSE CG.BSE_IDX,01/07/2025,09:21:59,72762.41,0,0,0,0,0,0
BSE CG.BSE_IDX,01/07/2025,09:22:07,72783.53,0,0,0,0,0,0
BSE CG.BSE_IDX,01/07/2025,09:22:15,72772.09,0,0,0,0,0,0
BSE CG.BSE_IDX,01/07/2025,09:22:23,72791.06,0,0,0,0,0,0
BSE CG.BSE_IDX,01/07/2025,09:22:31,72804.37,0,0,0,0,0,0
BSE CG.BSE_IDX,01/07/2025,09:22:39,72817.72,0,0,0,0,0,0
BSE CG.BSE_IDX,01/07/2025,09:22:47,72826.5,0,0,0,0,0,0
BSE CG.BSE_IDX,01/07/2025,09:22:55,72823.61,0,0,0,0,0,0
BSE CG.BSE_IDX,01/07/2025,09:23:03,72835.92,0,0,0,0,0,0
BSE CG.BSE_IDX,01/07/2025,09:23:11,72837.39,0,0,0,0,0,0
BSE CG.BSE_IDX,01/07/2025,09:23:19,72823.87,0,0,0,0,0,0
BSE CG.BSE_IDX,01/07/2025,09:23:27,72842.98,0,0,0,0,0,0
BSE CG.BSE_IDX,01/07/2025,09:23:35,72853.88,0,0,0,0,0,0
BSE CG.BSE_IDX,01/07/2025,09:23:44,72827.12,0,0,0,0,0,0
BSE CG.BSE_IDX,01/07/2025,09:23:51,72832.31,0,0,0,0,0,0
BSE CG.BSE_IDX,01/07/2025,09:23:59,72825.91,0,0,0,0,0,0
BSE CG.BSE_IDX,01/07/2025,09:24:08,72836.82,0,0,0,0,0,0
BSE CG.BSE_IDX,01/07/2025,09:24:15,72822.28,0,0,0,0,0,0
BSE CG.BSE_IDX,01/07/2025,09:24:23,72824.3,0,0,0,0,0,0
BSE CG.BSE_IDX,01/07/2025,09:24:32,72818.52,0,0,0,0,0,0
BSE CG.BSE_IDX,01/07/2025,09:24:39,72828.23,0,0,0,0,0,0
BSE CG.BSE_IDX,01/07/2025,09:24:48,72820.49,0,0,0,0,0,0
BSE CG.BSE_IDX,01/07/2025,09:24:57,72824.98,0,0,0,0,0,0
BSE CG.BSE_IDX,01/07/2025,09:25:03,72845.24,0,0,0,0,0,0
BSE CG.BSE_IDX,01/07/2025,09:25:12,72854.41,0,0,0,0,0,0
BSE CG.BSE_IDX,01/07/2025,09:25:19,72861.96,0,0,0,0,0,0
BSE CG.BSE_IDX,01/07/2025,09:25:29,72881.24,0,0,0,0,0,0
BSE CG.BSE_IDX,01/07/2025,09:25:35,72870.46,0,0,0,0,0,0
BSE CG.BSE_IDX,01/07/2025,09:25:43,72858.06,0,0,0,0,0,0
BSE CG.BSE_IDX,01/07/2025,09:25:51,72835.8,0,0,0,0,0,0
BSE CG.BSE_IDX,01/07/2025,09:25:59,72828.27,0,0,0,0,0,0
BSE CG.BSE_IDX,01/07/2025,09:26:08,72815.71,0,0,0,0,0,0
BSE CG.BSE_IDX,01/07/2025,09:26:15,72834.36,0,0,0,0,0,0
BSE CG.BSE_IDX,01/07/2025,09:26:23,72821.92,0,0,0,0,0,0
BSE CG.BSE_IDX,01/07/2025,09:26:31,72816.86,0,0,0,0,0,0
BSE CG.BSE_IDX,01/07/2025,09:26:39,72815.64,0,0,0,0,0,0
BSE CG.BSE_IDX,01/07/2025,09:26:48,72809.11,0,0,0,0,0,0
BSE CG.BSE_IDX,01/07/2025,09:26:55,72823.83,0,0,0,0,0,0
BSE CG.BSE_IDX,01/07/2025,09:27:04,72821.49,0,0,0,0,0,0
BSE CG.BSE_IDX,01/07/2025,09:27:12,72814.25,0,0,0,0,0,0
BSE CG.BSE_IDX,01/07/2025,09:27:19,72836.17,0,0,0,0,0,0
BSE CG.BSE_IDX,01/07/2025,09:27:28,72845.42,0,0,0,0,0,0
BSE CG.BSE_IDX,01/07/2025,09:27:36,72855.05,0,0,0,0,0,0
BSE CG.BSE_IDX,01/07/2025,09:27:44,72839.43,0,0,0,0,0,0
BSE CG.BSE_IDX,01/07/2025,09:27:51,72824.16,0,0,0,0,0,0
BSE CG.BSE_IDX,01/07/2025,09:28:00,72810.16,0,0,0,0,0,0
BSE CG.BSE_IDX,01/07/2025,09:28:08,72786.6,0,0,0,0,0,0
BSE CG.BSE_IDX,01/07/2025,09:28:16,72756.89,0,0,0,0,0,0
BSE CG.BSE_IDX,01/07/2025,09:28:24,72756.18,0,0,0,0,0,0
BSE CG.BSE_IDX,01/07/2025,09:28:32,72752.85,0,0,0,0,0,0
BSE CG.BSE_IDX,01/07/2025,09:28:40,72772.4,0,0,0,0,0,0
BSE CG.BSE_IDX,01/07/2025,09:28:48,72770.43,0,0,0,0,0,0
BSE CG.BSE_IDX,01/07/2025,09:28:56,72766.91,0,0,0,0,0,0
BSE CG.BSE_IDX,01/07/2025,09:29:04,72747.91,0,0,0,0,0,0
BSE CG.BSE_IDX,01/07/2025,09:29:12,72746.55,0,0,0,0,0,0
BSE CG.BSE_IDX,01/07/2025,09:29:20,72727.92,0,0,0,0,0,0
BSE CG.BSE_IDX,01/07/2025,09:29:28,72721.11,0,0,0,0,0,0
BSE CG.BSE_IDX,01/07/2025,09:29:36,72714.05,0,0,0,0,0,0
BSE CG.BSE_IDX,01/07/2025,09:29:44,72712.32,0,0,0,0,0,0
BSE CG.BSE_IDX,01/07/2025,09:29:52,72711.97,0,0,0,0,0,0
BSE CG.BSE_IDX,01/07/2025,09:30:00,72722.46,0,0,0,0,0,0
BSE CG.BSE_IDX,01/07/2025,09:30:08,72747,0,0,0,0,0,0
BSE CG.BSE_IDX,01/07/2025,09:30:16,72758.07,0,0,0,0,0,0
BSE CG.BSE_IDX,01/07/2025,09:30:24,72754.13,0,0,0,0,0,0
BSE CG.BSE_IDX,01/07/2025,09:30:32,72745.21,0,0,0,0,0,0
BSE CG.BSE_IDX,01/07/2025,09:30:40,72736.15,0,0,0,0,0,0
BSE CG.BSE_IDX,01/07/2025,09:30:48,72727.25,0,0,0,0,0,0
BSE CG.BSE_IDX,01/07/2025,09:30:56,72689.54,0,0,0,0,0,0
BSE CG.BSE_IDX,01/07/2025,09:31:04,72676.61,0,0,0,0,0,0
BSE CG.BSE_IDX,01/07/2025,09:31:12,72671.76,0,0,0,0,0,0
BSE CG.BSE_IDX,01/07/2025,09:31:20,72667.13,0,0,0,0,0,0
BSE CG.BSE_IDX,01/07/2025,09:31:28,72665.98,0,0,0,0,0,0
BSE CG.BSE_IDX,01/07/2025,09:31:36,72690.41,0,0,0,0,0,0
BSE CG.BSE_IDX,01/07/2025,09:31:44,72686.88,0,0,0,0,0,0
BSE CG.BSE_IDX,01/07/2025,09:31:52,72691.73,0,0,0,0,0,0
BSE CG.BSE_IDX,01/07/2025,09:32:00,72703.74,0,0,0,0,0,0
BSE CG.BSE_IDX,01/07/2025,09:32:08,72690.37,0,0,0,0,0,0
BSE CG.BSE_IDX,01/07/2025,09:32:16,72697.75,0,0,0,0,0,0
BSE CG.BSE_IDX,01/07/2025,09:32:24,72695.32,0,0,0,0,0,0
BSE CG.BSE_IDX,01/07/2025,09:32:32,72705.37,0,0,0,0,0,0
BSE CG.BSE_IDX,01/07/2025,09:32:40,72700.5,0,0,0,0,0,0
BSE CG.BSE_IDX,01/07/2025,09:32:48,72714.81,0,0,0,0,0,0
BSE CG.BSE_IDX,01/07/2025,09:32:56,72724.65,0,0,0,0,0,0
BSE CG.BSE_IDX,01/07/2025,09:33:04,72745.11,0,0,0,0,0,0
BSE CG.BSE_IDX,01/07/2025,09:33:12,72752.39,0,0,0,0,0,0
BSE CG.BSE_IDX,01/07/2025,09:33:20,72754.48,0,0,0,0,0,0
BSE CG.BSE_IDX,01/07/2025,09:33:28,72762.06,0,0,0,0,0,0
BSE CG.BSE_IDX,01/07/2025,09:33:36,72754.47,0,0,0,0,0,0
BSE CG.BSE_IDX,01/07/2025,09:33:44,72744.9,0,0,0,0,0,0
BSE CG.BSE_IDX,01/07/2025,09:33:52,72753.92,0,0,0,0,0,0
BSE CG.BSE_IDX,01/07/2025,09:34:00,72761.28,0,0,0,0,0,0
BSE CG.BSE_IDX,01/07/2025,09:34:08,72800.73,0,0,0,0,0,0
BSE CG.BSE_IDX,01/07/2025,09:34:16,72791.1,0,0,0,0,0,0
BSE CG.BSE_IDX,01/07/2025,09:34:24,72802.11,0,0,0,0,0,0
BSE CG.BSE_IDX,01/07/2025,09:34:32,72841.66,0,0,0,0,0,0
BSE CG.BSE_IDX,01/07/2025,09:34:40,72846.8,0,0,0,0,0,0
BSE CG.BSE_IDX,01/07/2025,09:34:48,72837.93,0,0,0,0,0,0
BSE CG.BSE_IDX,01/07/2025,09:34:56,72853.37,0,0,0,0,0,0
BSE CG.BSE_IDX,01/07/2025,09:35:05,72837.9,0,0,0,0,0,0
BSE CG.BSE_IDX,01/07/2025,09:35:12,72819.65,0,0,0,0,0,0
BSE CG.BSE_IDX,01/07/2025,09:35:20,72825.43,0,0,0,0,0,0
BSE CG.BSE_IDX,01/07/2025,09:35:28,72830.09,0,0,0,0,0,0
BSE CG.BSE_IDX,01/07/2025,09:35:36,72846.68,0,0,0,0,0,0
BSE CG.BSE_IDX,01/07/2025,09:35:44,72862.74,0,0,0,0,0,0
BSE CG.BSE_IDX,01/07/2025,09:35:52,72867.7,0,0,0,0,0,0
BSE CG.BSE_IDX,01/07/2025,09:36:00,72885.86,0,0,0,0,0,0
BSE CG.BSE_IDX,01/07/2025,09:36:08,72882.38,0,0,0,0,0,0
BSE CG.BSE_IDX,01/07/2025,09:36:16,72884.49,0,0,0,0,0,0
BSE CG.BSE_IDX,01/07/2025,09:36:24,72875.06,0,0,0,0,0,0
BSE CG.BSE_IDX,01/07/2025,09:36:33,72869.71,0,0,0,0,0,0
BSE CG.BSE_IDX,01/07/2025,09:36:40,72857.15,0,0,0,0,0,0
BSE CG.BSE_IDX,01/07/2025,09:36:48,72869.27,0,0,0,0,0,0
BSE CG.BSE_IDX,01/07/2025,09:36:56,72915.24,0,0,0,0,0,0
BSE CG.BSE_IDX,01/07/2025,09:37:04,72916.85,0,0,0,0,0,0
BSE CG.BSE_IDX,01/07/2025,09:37:12,72927.5,0,0,0,0,0,0
BSE CG.BSE_IDX,01/07/2025,09:37:20,72959.73,0,0,0,0,0,0
BSE CG.BSE_IDX,01/07/2025,09:37:28,73004.02,0,0,0,0,0,0
BSE CG.BSE_IDX,01/07/2025,09:37:36,73018.66,0,0,0,0,0,0
BSE CG.BSE_IDX,01/07/2025,09:37:44,72996.37,0,0,0,0,0,0
BSE CG.BSE_IDX,01/07/2025,09:37:52,72997.1,0,0,0,0,0,0
BSE CG.BSE_IDX,01/07/2025,09:38:00,73002.21,0,0,0,0,0,0
BSE CG.BSE_IDX,01/07/2025,09:38:08,73004.13,0,0,0,0,0,0
BSE CG.BSE_IDX,01/07/2025,09:38:16,73011.42,0,0,0,0,0,0
BSE CG.BSE_IDX,01/07/2025,09:38:24,73032.11,0,0,0,0,0,0
BSE CG.BSE_IDX,01/07/2025,09:38:32,73038.02,0,0,0,0,0,0
BSE CG.BSE_IDX,01/07/2025,09:38:40,73021.64,0,0,0,0,0,0
BSE CG.BSE_IDX,01/07/2025,09:38:48,73009.96,0,0,0,0,0,0
BSE CG.BSE_IDX,01/07/2025,09:38:56,73000.64,0,0,0,0,0,0
BSE CG.BSE_IDX,01/07/2025,09:39:04,72996.24,0,0,0,0,0,0
BSE CG.BSE_IDX,01/07/2025,09:39:12,73016.3,0,0,0,0,0,0
BSE CG.BSE_IDX,01/07/2025,09:39:20,73057.06,0,0,0,0,0,0
BSE CG.BSE_IDX,01/07/2025,09:39:28,73056.62,0,0,0,0,0,0
BSE CG.BSE_IDX,01/07/2025,09:39:36,73065.17,0,0,0,0,0,0
BSE CG.BSE_IDX,01/07/2025,09:39:44,73072.4,0,0,0,0,0,0
BSE CG.BSE_IDX,01/07/2025,09:39:52,73080.35,0,0,0,0,0,0
BSE CG.BSE_IDX,01/07/2025,09:40:00,73082.58,0,0,0,0,0,0
BSE CG.BSE_IDX,01/07/2025,09:40:08,73094.69,0,0,0,0,0,0
BSE CG.BSE_IDX,01/07/2025,09:40:16,73121.19,0,0,0,0,0,0
BSE CG.BSE_IDX,01/07/2025,09:40:24,73115.92,0,0,0,0,0,0
BSE CG.BSE_IDX,01/07/2025,09:40:32,73085.54,0,0,0,0,0,0
BSE CG.BSE_IDX,01/07/2025,09:40:40,73072.36,0,0,0,0,0,0
BSE CG.BSE_IDX,01/07/2025,09:40:48,73076.97,0,0,0,0,0,0
BSE CG.BSE_IDX,01/07/2025,09:40:56,73056.79,0,0,0,0,0,0
BSE CG.BSE_IDX,01/07/2025,09:41:04,73025.15,0,0,0,0,0,0
BSE CG.BSE_IDX,01/07/2025,09:41:12,73034.67,0,0,0,0,0,0
BSE CG.BSE_IDX,01/07/2025,09:41:20,73042.54,0,0,0,0,0,0
BSE CG.BSE_IDX,01/07/2025,09:41:28,73077.11,0,0,0,0,0,0
BSE CG.BSE_IDX,01/07/2025,09:41:36,73081.07,0,0,0,0,0,0
BSE CG.BSE_IDX,01/07/2025,09:41:44,73063.66,0,0,0,0,0,0
BSE CG.BSE_IDX,01/07/2025,09:41:52,73064.72,0,0,0,0,0,0
BSE CG.BSE_IDX,01/07/2025,09:42:00,73078.27,0,0,0,0,0,0
BSE CG.BSE_IDX,01/07/2025,09:42:08,73065.52,0,0,0,0,0,0
BSE CG.BSE_IDX,01/07/2025,09:42:16,73055.09,0,0,0,0,0,0
BSE CG.BSE_IDX,01/07/2025,09:42:24,73018.75,0,0,0,0,0,0
BSE CG.BSE_IDX,01/07/2025,09:42:32,73034.51,0,0,0,0,0,0
BSE CG.BSE_IDX,01/07/2025,09:42:40,73033.44,0,0,0,0,0,0
BSE CG.BSE_IDX,01/07/2025,09:42:48,73034.55,0,0,0,0,0,0
BSE CG.BSE_IDX,01/07/2025,09:42:56,73045.37,0,0,0,0,0,0
BSE CG.BSE_IDX,01/07/2025,09:43:04,73044.73,0,0,0,0,0,0
BSE CG.BSE_IDX,01/07/2025,09:43:12,73030.48,0,0,0,0,0,0
BSE CG.BSE_IDX,01/07/2025,09:43:20,73021.23,0,0,0,0,0,0
BSE CG.BSE_IDX,01/07/2025,09:43:28,73042.8,0,0,0,0,0,0
BSE CG.BSE_IDX,01/07/2025,09:43:36,73053.47,0,0,0,0,0,0
BSE CG.BSE_IDX,01/07/2025,09:43:44,73037.87,0,0,0,0,0,0
BSE CG.BSE_IDX,01/07/2025,09:43:53,73042.02,0,0,0,0,0,0
BSE CG.BSE_IDX,01/07/2025,09:44:00,73053.44,0,0,0,0,0,0
BSE CG.BSE_IDX,01/07/2025,09:44:08,73053.71,0,0,0,0,0,0
BSE CG.BSE_IDX,01/07/2025,09:44:16,73031.58,0,0,0,0,0,0
BSE CG.BSE_IDX,01/07/2025,09:44:24,73020.36,0,0,0,0,0,0
BSE CG.BSE_IDX,01/07/2025,09:44:32,73029.47,0,0,0,0,0,0
BSE CG.BSE_IDX,01/07/2025,09:44:40,73022.16,0,0,0,0,0,0
BSE CG.BSE_IDX,01/07/2025,09:44:48,73004.65,0,0,0,0,0,0
BSE CG.BSE_IDX,01/07/2025,09:44:56,73001.13,0,0,0,0,0,0
BSE CG.BSE_IDX,01/07/2025,09:45:05,73004.37,0,0,0,0,0,0
BSE CG.BSE_IDX,01/07/2025,09:45:12,73001.69,0,0,0,0,0,0
BSE CG.BSE_IDX,01/07/2025,09:45:20,72985.95,0,0,0,0,0,0
BSE CG.BSE_IDX,01/07/2025,09:45:28,72993.31,0,0,0,0,0,0
BSE CG.BSE_IDX,01/07/2025,09:45:36,72983.35,0,0,0,0,0,0
BSE CG.BSE_IDX,01/07/2025,09:45:44,72974.61,0,0,0,0,0,0
BSE CG.BSE_IDX,01/07/2025,09:45:52,72986.62,0,0,0,0,0,0
BSE CG.BSE_IDX,01/07/2025,09:46:01,72983.23,0,0,0,0,0,0
BSE CG.BSE_IDX,01/07/2025,09:46:08,72969.38,0,0,0,0,0,0
BSE CG.BSE_IDX,01/07/2025,09:46:16,72984.07,0,0,0,0,0,0
BSE CG.BSE_IDX,01/07/2025,09:46:24,73004.87,0,0,0,0,0,0
BSE CG.BSE_IDX,01/07/2025,09:46:32,73016.14,0,0,0,0,0,0
BSE CG.BSE_IDX,01/07/2025,09:46:40,73048.37,0,0,0,0,0,0
BSE CG.BSE_IDX,01/07/2025,09:46:48,73044.76,0,0,0,0,0,0
BSE CG.BSE_IDX,01/07/2025,09:46:56,73038.74,0,0,0,0,0,0
BSE CG.BSE_IDX,01/07/2025,09:47:04,73050.66,0,0,0,0,0,0
BSE CG.BSE_IDX,01/07/2025,09:47:12,73037.68,0,0,0,0,0,0
BSE CG.BSE_IDX,01/07/2025,09:47:20,73041.28,0,0,0,0,0,0
BSE CG.BSE_IDX,01/07/2025,09:47:28,73014.2,0,0,0,0,0,0
BSE CG.BSE_IDX,01/07/2025,09:47:36,73004.8,0,0,0,0,0,0
BSE CG.BSE_IDX,01/07/2025,09:47:44,73000.05,0,0,0,0,0,0
BSE CG.BSE_IDX,01/07/2025,09:47:52,72997.8,0,0,0,0,0,0
BSE CG.BSE_IDX,01/07/2025,09:48:00,73002.81,0,0,0,0,0,0
BSE CG.BSE_IDX,01/07/2025,09:48:08,73007.16,0,0,0,0,0,0
BSE CG.BSE_IDX,01/07/2025,09:48:16,73005.97,0,0,0,0,0,0
BSE CG.BSE_IDX,01/07/2025,09:48:24,73008.36,0,0,0,0,0,0
BSE CG.BSE_IDX,01/07/2025,09:48:32,72996.12,0,0,0,0,0,0
BSE CG.BSE_IDX,01/07/2025,09:48:40,72989.07,0,0,0,0,0,0
BSE CG.BSE_IDX,01/07/2025,09:48:48,72999.37,0,0,0,0,0,0
BSE CG.BSE_IDX,01/07/2025,09:48:56,73021.99,0,0,0,0,0,0
BSE CG.BSE_IDX,01/07/2025,09:49:04,73022.02,0,0,0,0,0,0
BSE CG.BSE_IDX,01/07/2025,09:49:12,73011.83,0,0,0,0,0,0
BSE CG.BSE_IDX,01/07/2025,09:49:20,73016.61,0,0,0,0,0,0
BSE CG.BSE_IDX,01/07/2025,09:49:28,73018.51,0,0,0,0,0,0
BSE CG.BSE_IDX,01/07/2025,09:49:36,73036.79,0,0,0,0,0,0
BSE CG.BSE_IDX,01/07/2025,09:49:44,73042.26,0,0,0,0,0,0
BSE CG.BSE_IDX,01/07/2025,09:49:52,73048.48,0,0,0,0,0,0
BSE CG.BSE_IDX,01/07/2025,09:50:00,73063.19,0,0,0,0,0,0
BSE CG.BSE_IDX,01/07/2025,09:50:08,73088.48,0,0,0,0,0,0
BSE CG.BSE_IDX,01/07/2025,09:50:16,73101.13,0,0,0,0,0,0
BSE CG.BSE_IDX,01/07/2025,09:50:24,73088.67,0,0,0,0,0,0
BSE CG.BSE_IDX,01/07/2025,09:50:32,73092.91,0,0,0,0,0,0
BSE CG.BSE_IDX,01/07/2025,09:50:40,73074.99,0,0,0,0,0,0
BSE CG.BSE_IDX,01/07/2025,09:50:48,73051.37,0,0,0,0,0,0
BSE CG.BSE_IDX,01/07/2025,09:50:57,73042.36,0,0,0,0,0,0
BSE CG.BSE_IDX,01/07/2025,09:51:04,73032.16,0,0,0,0,0,0
BSE CG.BSE_IDX,01/07/2025,09:51:12,73038.49,0,0,0,0,0,0
BSE CG.BSE_IDX,01/07/2025,09:51:20,73029.33,0,0,0,0,0,0
BSE CG.BSE_IDX,01/07/2025,09:51:28,73026.89,0,0,0,0,0,0
BSE CG.BSE_IDX,01/07/2025,09:51:37,73026.43,0,0,0,0,0,0
BSE CG.BSE_IDX,01/07/2025,09:51:44,73051.52,0,0,0,0,0,0
BSE CG.BSE_IDX,01/07/2025,09:51:52,73039.04,0,0,0,0,0,0
BSE CG.BSE_IDX,01/07/2025,09:52:01,73043.94,0,0,0,0,0,0
BSE CG.BSE_IDX,01/07/2025,09:52:08,73045.1,0,0,0,0,0,0
BSE CG.BSE_IDX,01/07/2025,09:52:17,73021.64,0,0,0,0,0,0
BSE CG.BSE_IDX,01/07/2025,09:52:24,73018,0,0,0,0,0,0
BSE CG.BSE_IDX,01/07/2025,09:52:32,73025.52,0,0,0,0,0,0
BSE CG.BSE_IDX,01/07/2025,09:52:40,73031.68,0,0,0,0,0,0
BSE CG.BSE_IDX,01/07/2025,09:52:48,73049.35,0,0,0,0,0,0
BSE CG.BSE_IDX,01/07/2025,09:52:57,73036.97,0,0,0,0,0,0
BSE CG.BSE_IDX,01/07/2025,09:53:04,73045.75,0,0,0,0,0,0
BSE CG.BSE_IDX,01/07/2025,09:53:13,73050.35,0,0,0,0,0,0
BSE CG.BSE_IDX,01/07/2025,09:53:20,73066.46,0,0,0,0,0,0
BSE CG.BSE_IDX,01/07/2025,09:53:28,73067.82,0,0,0,0,0,0
BSE CG.BSE_IDX,01/07/2025,09:53:36,73074,0,0,0,0,0,0
BSE CG.BSE_IDX,01/07/2025,09:53:44,73070.2,0,0,0,0,0,0
BSE CG.BSE_IDX,01/07/2025,09:53:52,73093.41,0,0,0,0,0,0
BSE CG.BSE_IDX,01/07/2025,09:54:00,73078.07,0,0,0,0,0,0
BSE CG.BSE_IDX,01/07/2025,09:54:08,73061.27,0,0,0,0,0,0
BSE CG.BSE_IDX,01/07/2025,09:54:16,73051.26,0,0,0,0,0,0
BSE CG.BSE_IDX,01/07/2025,09:54:24,73044.4,0,0,0,0,0,0
BSE CG.BSE_IDX,01/07/2025,09:54:32,73039.83,0,0,0,0,0,0
BSE CG.BSE_IDX,01/07/2025,09:54:40,73043.93,0,0,0,0,0,0
BSE CG.BSE_IDX,01/07/2025,09:54:48,73050.07,0,0,0,0,0,0
BSE CG.BSE_IDX,01/07/2025,09:54:56,73045.82,0,0,0,0,0,0
BSE CG.BSE_IDX,01/07/2025,09:55:04,73034.32,0,0,0,0,0,0
BSE CG.BSE_IDX,01/07/2025,09:55:12,73013.96,0,0,0,0,0,0
BSE CG.BSE_IDX,01/07/2025,09:55:20,73015.65,0,0,0,0,0,0
BSE CG.BSE_IDX,01/07/2025,09:55:28,73002.51,0,0,0,0,0,0
BSE CG.BSE_IDX,01/07/2025,09:55:36,72999.87,0,0,0,0,0,0
BSE CG.BSE_IDX,01/07/2025,09:55:44,72970.75,0,0,0,0,0,0
BSE CG.BSE_IDX,01/07/2025,09:55:52,72963.02,0,0,0,0,0,0
BSE CG.BSE_IDX,01/07/2025,09:56:00,72959.71,0,0,0,0,0,0
BSE CG.BSE_IDX,01/07/2025,09:56:08,72964.64,0,0,0,0,0,0
BSE CG.BSE_IDX,01/07/2025,09:56:16,72976.03,0,0,0,0,0,0
BSE CG.BSE_IDX,01/07/2025,09:56:25,72984.62,0,0,0,0,0,0
BSE CG.BSE_IDX,01/07/2025,09:56:32,72992.77,0,0,0,0,0,0
BSE CG.BSE_IDX,01/07/2025,09:56:41,73010.55,0,0,0,0,0,0
BSE CG.BSE_IDX,01/07/2025,09:56:48,73012.56,0,0,0,0,0,0
BSE CG.BSE_IDX,01/07/2025,09:56:57,73014.4,0,0,0,0,0,0
BSE CG.BSE_IDX,01/07/2025,09:57:04,73017.01,0,0,0,0,0,0
BSE CG.BSE_IDX,01/07/2025,09:57:12,73022.88,0,0,0,0,0,0
BSE CG.BSE_IDX,01/07/2025,09:57:20,73043.26,0,0,0,0,0,0
BSE CG.BSE_IDX,01/07/2025,09:57:28,73027.28,0,0,0,0,0,0
BSE CG.BSE_IDX,01/07/2025,09:57:36,73017.77,0,0,0,0,0,0
BSE CG.BSE_IDX,01/07/2025,09:57:44,73032.64,0,0,0,0,0,0
BSE CG.BSE_IDX,01/07/2025,09:57:52,73020.97,0,0,0,0,0,0
BSE CG.BSE_IDX,01/07/2025,09:58:00,73021.27,0,0,0,0,0,0
BSE CG.BSE_IDX,01/07/2025,09:58:08,73025.83,0,0,0,0,0,0
BSE CG.BSE_IDX,01/07/2025,09:58:16,73015.57,0,0,0,0,0,0
BSE CG.BSE_IDX,01/07/2025,09:58:24,73014.13,0,0,0,0,0,0
BSE CG.BSE_IDX,01/07/2025,09:58:32,73010.67,0,0,0,0,0,0
BSE CG.BSE_IDX,01/07/2025,09:58:40,73014.49,0,0,0,0,0,0
BSE CG.BSE_IDX,01/07/2025,09:58:48,73011.33,0,0,0,0,0,0
BSE CG.BSE_IDX,01/07/2025,09:58:56,73025.26,0,0,0,0,0,0
BSE CG.BSE_IDX,01/07/2025,09:59:05,73027.53,0,0,0,0,0,0
BSE CG.BSE_IDX,01/07/2025,09:59:12,73012.71,0,0,0,0,0,0
BSE CG.BSE_IDX,01/07/2025,09:59:20,73008.65,0,0,0,0,0,0
BSE CG.BSE_IDX,01/07/2025,09:59:28,73009.36,0,0,0,0,0,0
BSE CG.BSE_IDX,01/07/2025,09:59:36,73013.6,0,0,0,0,0,0
BSE CG.BSE_IDX,01/07/2025,09:59:45,73013.28,0,0,0,0,0,0
BSE CG.BSE_IDX,01/07/2025,09:59:52,73022.06,0,0,0,0,0,0
BSE CG.BSE_IDX,01/07/2025,10:00:00,73018.61,0,0,0,0,0,0
BSE CG.BSE_IDX,01/07/2025,10:00:08,73021.8,0,0,0,0,0,0
BSE CG.BSE_IDX,01/07/2025,10:00:16,73013.63,0,0,0,0,0,0
BSE CG.BSE_IDX,01/07/2025,10:00:24,73014.32,0,0,0,0,0,0
BSE CG.BSE_IDX,01/07/2025,10:00:32,73009.76,0,0,0,0,0,0
BSE CG.BSE_IDX,01/07/2025,10:00:40,73000.2,0,0,0,0,0,0
BSE CG.BSE_IDX,01/07/2025,10:00:48,73005.5,0,0,0,0,0,0
BSE CG.BSE_IDX,01/07/2025,10:00:56,72992.84,0,0,0,0,0,0
BSE CG.BSE_IDX,01/07/2025,10:01:04,72985,0,0,0,0,0,0
BSE CG.BSE_IDX,01/07/2025,10:01:12,73001.26,0,0,0,0,0,0
BSE CG.BSE_IDX,01/07/2025,10:01:21,73002.8,0,0,0,0,0,0
BSE CG.BSE_IDX,01/07/2025,10:01:28,73000.38,0,0,0,0,0,0
BSE CG.BSE_IDX,01/07/2025,10:01:36,73003.92,0,0,0,0,0,0
BSE CG.BSE_IDX,01/07/2025,10:01:44,73016.52,0,0,0,0,0,0
BSE CG.BSE_IDX,01/07/2025,10:01:52,73010.03,0,0,0,0,0,0
BSE CG.BSE_IDX,01/07/2025,10:02:00,73011.4,0,0,0,0,0,0
BSE CG.BSE_IDX,01/07/2025,10:02:08,73014.94,0,0,0,0,0,0
BSE CG.BSE_IDX,01/07/2025,10:02:16,73013.96,0,0,0,0,0,0
BSE CG.BSE_IDX,01/07/2025,10:02:24,73015.63,0,0,0,0,0,0
BSE CG.BSE_IDX,01/07/2025,10:02:32,73008.77,0,0,0,0,0,0
BSE CG.BSE_IDX,01/07/2025,10:02:41,73012.98,0,0,0,0,0,0
BSE CG.BSE_IDX,01/07/2025,10:02:49,73024.34,0,0,0,0,0,0
BSE CG.BSE_IDX,01/07/2025,10:02:56,73027.45,0,0,0,0,0,0
BSE CG.BSE_IDX,01/07/2025,10:03:04,72999.29,0,0,0,0,0,0
BSE CG.BSE_IDX,01/07/2025,10:03:13,72981.22,0,0,0,0,0,0
BSE CG.BSE_IDX,01/07/2025,10:03:20,72973.2,0,0,0,0,0,0
BSE CG.BSE_IDX,01/07/2025,10:03:29,72948.6,0,0,0,0,0,0
BSE CG.BSE_IDX,01/07/2025,10:03:37,72936.51,0,0,0,0,0,0
BSE CG.BSE_IDX,01/07/2025,10:03:45,72931.1,0,0,0,0,0,0
BSE CG.BSE_IDX,01/07/2025,10:03:53,72918.54,0,0,0,0,0,0
BSE CG.BSE_IDX,01/07/2025,10:04:01,72912.98,0,0,0,0,0,0
BSE CG.BSE_IDX,01/07/2025,10:04:09,72916.6,0,0,0,0,0,0
BSE CG.BSE_IDX,01/07/2025,10:04:17,72915.5,0,0,0,0,0,0
BSE CG.BSE_IDX,01/07/2025,10:04:25,72919.65,0,0,0,0,0,0
BSE CG.BSE_IDX,01/07/2025,10:04:33,72907.92,0,0,0,0,0,0
BSE CG.BSE_IDX,01/07/2025,10:04:41,72917.35,0,0,0,0,0,0
BSE CG.BSE_IDX,01/07/2025,10:04:50,72904.62,0,0,0,0,0,0
BSE CG.BSE_IDX,01/07/2025,10:04:57,72912.17,0,0,0,0,0,0
BSE CG.BSE_IDX,01/07/2025,10:05:05,72895.03,0,0,0,0,0,0
BSE CG.BSE_IDX,01/07/2025,10:05:14,72890.72,0,0,0,0,0,0
BSE CG.BSE_IDX,01/07/2025,10:05:21,72888.5,0,0,0,0,0,0
BSE CG.BSE_IDX,01/07/2025,10:05:29,72882.87,0,0,0,0,0,0
BSE CG.BSE_IDX,01/07/2025,10:05:37,72864.16,0,0,0,0,0,0
BSE CG.BSE_IDX,01/07/2025,10:05:45,72874.83,0,0,0,0,0,0
BSE CG.BSE_IDX,01/07/2025,10:05:53,72876.97,0,0,0,0,0,0
BSE CG.BSE_IDX,01/07/2025,10:06:01,72877.23,0,0,0,0,0,0
BSE CG.BSE_IDX,01/07/2025,10:06:09,72887.49,0,0,0,0,0,0
BSE CG.BSE_IDX,01/07/2025,10:06:17,72886.86,0,0,0,0,0,0
BSE CG.BSE_IDX,01/07/2025,10:06:25,72886.91,0,0,0,0,0,0
BSE CG.BSE_IDX,01/07/2025,10:06:33,72891.21,0,0,0,0,0,0
BSE CG.BSE_IDX,01/07/2025,10:06:41,72889.21,0,0,0,0,0,0
BSE CG.BSE_IDX,01/07/2025,10:06:49,72885.94,0,0,0,0,0,0
BSE CG.BSE_IDX,01/07/2025,10:06:57,72891.24,0,0,0,0,0,0
BSE CG.BSE_IDX,01/07/2025,10:07:05,72923.39,0,0,0,0,0,0
BSE CG.BSE_IDX,01/07/2025,10:07:13,72924.21,0,0,0,0,0,0
BSE CG.BSE_IDX,01/07/2025,10:07:21,72932.14,0,0,0,0,0,0
BSE CG.BSE_IDX,01/07/2025,10:07:29,72949.43,0,0,0,0,0,0
BSE CG.BSE_IDX,01/07/2025,10:07:37,72950.6,0,0,0,0,0,0
BSE CG.BSE_IDX,01/07/2025,10:07:45,72959.39,0,0,0,0,0,0
BSE CG.BSE_IDX,01/07/2025,10:07:53,72938,0,0,0,0,0,0
BSE CG.BSE_IDX,01/07/2025,10:08:01,72931.04,0,0,0,0,0,0
BSE CG.BSE_IDX,01/07/2025,10:08:09,72923.79,0,0,0,0,0,0
BSE CG.BSE_IDX,01/07/2025,10:08:17,72916.76,0,0,0,0,0,0
BSE CG.BSE_IDX,01/07/2025,10:08:25,72922.33,0,0,0,0,0,0
BSE CG.BSE_IDX,01/07/2025,10:08:33,72918.69,0,0,0,0,0,0
BSE CG.BSE_IDX,01/07/2025,10:08:41,72916.49,0,0,0,0,0,0
BSE CG.BSE_IDX,01/07/2025,10:08:49,72898.71,0,0,0,0,0,0
BSE CG.BSE_IDX,01/07/2025,10:08:57,72893.54,0,0,0,0,0,0
BSE CG.BSE_IDX,01/07/2025,10:09:05,72887.9,0,0,0,0,0,0
BSE CG.BSE_IDX,01/07/2025,10:09:13,72896.69,0,0,0,0,0,0
BSE CG.BSE_IDX,01/07/2025,10:09:21,72891.78,0,0,0,0,0,0
BSE CG.BSE_IDX,01/07/2025,10:09:29,72914.31,0,0,0,0,0,0
BSE CG.BSE_IDX,01/07/2025,10:09:37,72921.2,0,0,0,0,0,0
BSE CG.BSE_IDX,01/07/2025,10:09:45,72913.38,0,0,0,0,0,0
BSE CG.BSE_IDX,01/07/2025,10:09:53,72920.56,0,0,0,0,0,0
BSE CG.BSE_IDX,01/07/2025,10:10:01,72944.11,0,0,0,0,0,0
BSE CG.BSE_IDX,01/07/2025,10:10:09,72942.33,0,0,0,0,0,0
BSE CG.BSE_IDX,01/07/2025,10:10:17,72962.65,0,0,0,0,0,0
BSE CG.BSE_IDX,01/07/2025,10:10:25,72968.34,0,0,0,0,0,0
BSE CG.BSE_IDX,01/07/2025,10:10:33,72962.9,0,0,0,0,0,0
BSE CG.BSE_IDX,01/07/2025,10:10:41,72972.11,0,0,0,0,0,0
BSE CG.BSE_IDX,01/07/2025,10:10:49,72981.4,0,0,0,0,0,0
BSE CG.BSE_IDX,01/07/2025,10:10:57,72969.32,0,0,0,0,0,0
BSE CG.BSE_IDX,01/07/2025,10:11:05,72969.97,0,0,0,0,0,0
BSE CG.BSE_IDX,01/07/2025,10:11:13,72964.21,0,0,0,0,0,0
BSE CG.BSE_IDX,01/07/2025,10:11:22,72971.33,0,0,0,0,0,0
BSE CG.BSE_IDX,01/07/2025,10:11:29,72965.39,0,0,0,0,0,0
BSE CG.BSE_IDX,01/07/2025,10:11:37,72966.91,0,0,0,0,0,0
BSE CG.BSE_IDX,01/07/2025,10:11:45,72966.44,0,0,0,0,0,0
BSE CG.BSE_IDX,01/07/2025,10:11:53,72962.24,0,0,0,0,0,0
BSE CG.BSE_IDX,01/07/2025,10:12:01,72956.45,0,0,0,0,0,0
BSE CG.BSE_IDX,01/07/2025,10:12:09,72955.61,0,0,0,0,0,0
BSE CG.BSE_IDX,01/07/2025,10:12:17,72941.05,0,0,0,0,0,0
BSE CG.BSE_IDX,01/07/2025,10:12:25,72933.76,0,0,0,0,0,0
BSE CG.BSE_IDX,01/07/2025,10:12:33,72914.83,0,0,0,0,0,0
BSE CG.BSE_IDX,01/07/2025,10:12:41,72902.18,0,0,0,0,0,0
BSE CG.BSE_IDX,01/07/2025,10:12:49,72904.58,0,0,0,0,0,0
BSE CG.BSE_IDX,01/07/2025,10:12:57,72887.1,0,0,0,0,0,0
BSE CG.BSE_IDX,01/07/2025,10:13:05,72882.43,0,0,0,0,0,0
BSE CG.BSE_IDX,01/07/2025,10:13:13,72884.65,0,0,0,0,0,0
BSE CG.BSE_IDX,01/07/2025,10:13:21,72884.25,0,0,0,0,0,0
BSE CG.BSE_IDX,01/07/2025,10:13:29,72862.94,0,0,0,0,0,0
BSE CG.BSE_IDX,01/07/2025,10:13:37,72856.4,0,0,0,0,0,0
BSE CG.BSE_IDX,01/07/2025,10:13:45,72863.36,0,0,0,0,0,0
BSE CG.BSE_IDX,01/07/2025,10:13:53,72846.6,0,0,0,0,0,0
BSE CG.BSE_IDX,01/07/2025,10:14:01,72823.07,0,0,0,0,0,0
BSE CG.BSE_IDX,01/07/2025,10:14:09,72825.61,0,0,0,0,0,0
BSE CG.BSE_IDX,01/07/2025,10:14:17,72828.71,0,0,0,0,0,0
BSE CG.BSE_IDX,01/07/2025,10:14:25,72821.94,0,0,0,0,0,0
BSE CG.BSE_IDX,01/07/2025,10:14:33,72803.48,0,0,0,0,0,0
BSE CG.BSE_IDX,01/07/2025,10:14:41,72796.43,0,0,0,0,0,0
BSE CG.BSE_IDX,01/07/2025,10:14:49,72799.39,0,0,0,0,0,0
BSE CG.BSE_IDX,01/07/2025,10:14:57,72792.65,0,0,0,0,0,0
BSE CG.BSE_IDX,01/07/2025,10:15:05,72804.24,0,0,0,0,0,0
BSE CG.BSE_IDX,01/07/2025,10:15:13,72788.4,0,0,0,0,0,0
BSE CG.BSE_IDX,01/07/2025,10:15:21,72782.37,0,0,0,0,0,0
BSE CG.BSE_IDX,01/07/2025,10:15:29,72790.04,0,0,0,0,0,0
BSE CG.BSE_IDX,01/07/2025,10:15:37,72796.25,0,0,0,0,0,0
BSE CG.BSE_IDX,01/07/2025,10:15:45,72790.58,0,0,0,0,0,0
BSE CG.BSE_IDX,01/07/2025,10:15:53,72796.26,0,0,0,0,0,0
BSE CG.BSE_IDX,01/07/2025,10:16:01,72809.77,0,0,0,0,0,0
BSE CG.BSE_IDX,01/07/2025,10:16:09,72811.28,0,0,0,0,0,0
BSE CG.BSE_IDX,01/07/2025,10:16:17,72824.43,0,0,0,0,0,0
BSE CG.BSE_IDX,01/07/2025,10:16:25,72814.46,0,0,0,0,0,0
BSE CG.BSE_IDX,01/07/2025,10:16:33,72825.39,0,0,0,0,0,0
BSE CG.BSE_IDX,01/07/2025,10:16:41,72811.96,0,0,0,0,0,0
BSE CG.BSE_IDX,01/07/2025,10:16:49,72820.83,0,0,0,0,0,0
BSE CG.BSE_IDX,01/07/2025,10:16:57,72825.86,0,0,0,0,0,0
BSE CG.BSE_IDX,01/07/2025,10:17:05,72836.31,0,0,0,0,0,0
BSE CG.BSE_IDX,01/07/2025,10:17:13,72825.51,0,0,0,0,0,0
BSE CG.BSE_IDX,01/07/2025,10:17:21,72828.09,0,0,0,0,0,0
BSE CG.BSE_IDX,01/07/2025,10:17:29,72839.27,0,0,0,0,0,0
BSE CG.BSE_IDX,01/07/2025,10:17:37,72854.94,0,0,0,0,0,0
BSE CG.BSE_IDX,01/07/2025,10:17:45,72867.17,0,0,0,0,0,0
BSE CG.BSE_IDX,01/07/2025,10:17:53,72877.01,0,0,0,0,0,0
BSE CG.BSE_IDX,01/07/2025,10:18:01,72880.66,0,0,0,0,0,0
BSE CG.BSE_IDX,01/07/2025,10:18:09,72886.63,0,0,0,0,0,0
BSE CG.BSE_IDX,01/07/2025,10:18:17,72895.32,0,0,0,0,0,0
BSE CG.BSE_IDX,01/07/2025,10:18:25,72901.46,0,0,0,0,0,0
BSE CG.BSE_IDX,01/07/2025,10:18:33,72898.4,0,0,0,0,0,0
BSE CG.BSE_IDX,01/07/2025,10:18:41,72887.07,0,0,0,0,0,0
BSE CG.BSE_IDX,01/07/2025,10:18:49,72887.01,0,0,0,0,0,0
BSE CG.BSE_IDX,01/07/2025,10:18:57,72893.98,0,0,0,0,0,0
BSE CG.BSE_IDX,01/07/2025,10:19:05,72884.74,0,0,0,0,0,0
BSE CG.BSE_IDX,01/07/2025,10:19:13,72890.49,0,0,0,0,0,0
BSE CG.BSE_IDX,01/07/2025,10:19:21,72898.32,0,0,0,0,0,0
BSE CG.BSE_IDX,01/07/2025,10:19:29,72895.24,0,0,0,0,0,0
BSE CG.BSE_IDX,01/07/2025,10:19:37,72893.08,0,0,0,0,0,0
BSE CG.BSE_IDX,01/07/2025,10:19:45,72889.58,0,0,0,0,0,0
BSE CG.BSE_IDX,01/07/2025,10:19:53,72876.31,0,0,0,0,0,0
BSE CG.BSE_IDX,01/07/2025,10:20:01,72864.17,0,0,0,0,0,0
BSE CG.BSE_IDX,01/07/2025,10:20:09,72874.52,0,0,0,0,0,0
BSE CG.BSE_IDX,01/07/2025,10:20:17,72877.88,0,0,0,0,0,0
BSE CG.BSE_IDX,01/07/2025,10:20:25,72893.02,0,0,0,0,0,0
BSE CG.BSE_IDX,01/07/2025,10:20:33,72868.89,0,0,0,0,0,0
BSE CG.BSE_IDX,01/07/2025,10:20:41,72855.18,0,0,0,0,0,0
BSE CG.BSE_IDX,01/07/2025,10:20:49,72854.86,0,0,0,0,0,0
BSE CG.BSE_IDX,01/07/2025,10:20:57,72857.25,0,0,0,0,0,0
BSE CG.BSE_IDX,01/07/2025,10:21:05,72859.1,0,0,0,0,0,0
BSE CG.BSE_IDX,01/07/2025,10:21:13,72846.56,0,0,0,0,0,0
BSE CG.BSE_IDX,01/07/2025,10:21:21,72853.9,0,0,0,0,0,0
BSE CG.BSE_IDX,01/07/2025,10:21:29,72841.2,0,0,0,0,0,0
BSE CG.BSE_IDX,01/07/2025,10:21:37,72852,0,0,0,0,0,0
BSE CG.BSE_IDX,01/07/2025,10:21:45,72839.53,0,0,0,0,0,0
BSE CG.BSE_IDX,01/07/2025,10:21:53,72848.69,0,0,0,0,0,0
BSE CG.BSE_IDX,01/07/2025,10:22:01,72860.49,0,0,0,0,0,0
BSE CG.BSE_IDX,01/07/2025,10:22:09,72859.09,0,0,0,0,0,0
BSE CG.BSE_IDX,01/07/2025,10:22:17,72859.85,0,0,0,0,0,0
BSE CG.BSE_IDX,01/07/2025,10:22:25,72859.32,0,0,0,0,0,0
BSE CG.BSE_IDX,01/07/2025,10:22:33,72860.32,0,0,0,0,0,0
BSE CG.BSE_IDX,01/07/2025,10:22:41,72859.41,0,0,0,0,0,0
BSE CG.BSE_IDX,01/07/2025,10:22:49,72844.6,0,0,0,0,0,0
BSE CG.BSE_IDX,01/07/2025,10:22:57,72847.31,0,0,0,0,0,0
BSE CG.BSE_IDX,01/07/2025,10:23:05,72835.88,0,0,0,0,0,0
BSE CG.BSE_IDX,01/07/2025,10:23:13,72850.02,0,0,0,0,0,0
BSE CG.BSE_IDX,01/07/2025,10:23:21,72859.37,0,0,0,0,0,0
BSE CG.BSE_IDX,01/07/2025,10:23:29,72855.11,0,0,0,0,0,0
BSE CG.BSE_IDX,01/07/2025,10:23:37,72857.27,0,0,0,0,0,0
BSE CG.BSE_IDX,01/07/2025,10:23:45,72861.35,0,0,0,0,0,0
BSE CG.BSE_IDX,01/07/2025,10:23:53,72856.49,0,0,0,0,0,0
BSE CG.BSE_IDX,01/07/2025,10:24:01,72857.54,0,0,0,0,0,0
BSE CG.BSE_IDX,01/07/2025,10:24:09,72861.75,0,0,0,0,0,0
BSE CG.BSE_IDX,01/07/2025,10:24:17,72858.52,0,0,0,0,0,0
BSE CG.BSE_IDX,01/07/2025,10:24:25,72855.14,0,0,0,0,0,0
BSE CG.BSE_IDX,01/07/2025,10:24:33,72839.55,0,0,0,0,0,0
BSE CG.BSE_IDX,01/07/2025,10:24:41,72842.9,0,0,0,0,0,0
BSE CG.BSE_IDX,01/07/2025,10:24:49,72837.67,0,0,0,0,0,0
BSE CG.BSE_IDX,01/07/2025,10:24:57,72836.25,0,0,0,0,0,0
BSE CG.BSE_IDX,01/07/2025,10:25:05,72830.19,0,0,0,0,0,0
BSE CG.BSE_IDX,01/07/2025,10:25:13,72836.48,0,0,0,0,0,0
BSE CG.BSE_IDX,01/07/2025,10:25:21,72835.77,0,0,0,0,0,0
BSE CG.BSE_IDX,01/07/2025,10:25:29,72834.2,0,0,0,0,0,0
BSE CG.BSE_IDX,01/07/2025,10:25:37,72832.15,0,0,0,0,0,0
BSE CG.BSE_IDX,01/07/2025,10:25:45,72836.71,0,0,0,0,0,0
BSE CG.BSE_IDX,01/07/2025,10:25:53,72834.49,0,0,0,0,0,0
BSE CG.BSE_IDX,01/07/2025,10:26:01,72836.72,0,0,0,0,0,0
BSE CG.BSE_IDX,01/07/2025,10:26:09,72834.17,0,0,0,0,0,0
BSE CG.BSE_IDX,01/07/2025,10:26:17,72819.34,0,0,0,0,0,0
BSE CG.BSE_IDX,01/07/2025,10:26:25,72820.43,0,0,0,0,0,0
BSE CG.BSE_IDX,01/07/2025,10:26:33,72815.96,0,0,0,0,0,0
BSE CG.BSE_IDX,01/07/2025,10:26:41,72802.63,0,0,0,0,0,0
BSE CG.BSE_IDX,01/07/2025,10:26:49,72791.2,0,0,0,0,0,0
BSE CG.BSE_IDX,01/07/2025,10:26:57,72797.8,0,0,0,0,0,0
BSE CG.BSE_IDX,01/07/2025,10:27:05,72792.92,0,0,0,0,0,0
BSE CG.BSE_IDX,01/07/2025,10:27:13,72783.63,0,0,0,0,0,0
BSE CG.BSE_IDX,01/07/2025,10:27:21,72789.42,0,0,0,0,0,0
BSE CG.BSE_IDX,01/07/2025,10:27:29,72811.38,0,0,0,0,0,0
BSE CG.BSE_IDX,01/07/2025,10:27:37,72820.73,0,0,0,0,0,0
BSE CG.BSE_IDX,01/07/2025,10:27:45,72814.77,0,0,0,0,0,0
BSE CG.BSE_IDX,01/07/2025,10:27:53,72814.19,0,0,0,0,0,0
BSE CG.BSE_IDX,01/07/2025,10:28:01,72823.74,0,0,0,0,0,0
BSE CG.BSE_IDX,01/07/2025,10:28:09,72824.18,0,0,0,0,0,0
BSE CG.BSE_IDX,01/07/2025,10:28:17,72804.7,0,0,0,0,0,0
BSE CG.BSE_IDX,01/07/2025,10:28:25,72790.64,0,0,0,0,0,0
BSE CG.BSE_IDX,01/07/2025,10:28:33,72796.74,0,0,0,0,0,0
BSE CG.BSE_IDX,01/07/2025,10:28:41,72808.11,0,0,0,0,0,0
BSE CG.BSE_IDX,01/07/2025,10:28:49,72806.33,0,0,0,0,0,0
BSE CG.BSE_IDX,01/07/2025,10:28:57,72801.46,0,0,0,0,0,0
BSE CG.BSE_IDX,01/07/2025,10:29:05,72786.06,0,0,0,0,0,0
BSE CG.BSE_IDX,01/07/2025,10:29:13,72783.91,0,0,0,0,0,0
BSE CG.BSE_IDX,01/07/2025,10:29:21,72786.79,0,0,0,0,0,0
BSE CG.BSE_IDX,01/07/2025,10:29:29,72793.1,0,0,0,0,0,0
BSE CG.BSE_IDX,01/07/2025,10:29:37,72788.65,0,0,0,0,0,0
BSE CG.BSE_IDX,01/07/2025,10:29:46,72790.73,0,0,0,0,0,0
BSE CG.BSE_IDX,01/07/2025,10:29:54,72804.34,0,0,0,0,0,0
BSE CG.BSE_IDX,01/07/2025,10:30:01,72798.2,0,0,0,0,0,0
BSE CG.BSE_IDX,01/07/2025,10:30:09,72800.26,0,0,0,0,0,0
BSE CG.BSE_IDX,01/07/2025,10:30:17,72795.09,0,0,0,0,0,0
BSE CG.BSE_IDX,01/07/2025,10:30:25,72813.62,0,0,0,0,0,0
BSE CG.BSE_IDX,01/07/2025,10:30:33,72811.24,0,0,0,0,0,0
BSE CG.BSE_IDX,01/07/2025,10:30:41,72807.96,0,0,0,0,0,0
BSE CG.BSE_IDX,01/07/2025,10:30:49,72811.03,0,0,0,0,0,0
BSE CG.BSE_IDX,01/07/2025,10:30:57,72808.11,0,0,0,0,0,0
BSE CG.BSE_IDX,01/07/2025,10:31:05,72800.92,0,0,0,0,0,0
BSE CG.BSE_IDX,01/07/2025,10:31:13,72806.3,0,0,0,0,0,0
BSE CG.BSE_IDX,01/07/2025,10:31:21,72802.67,0,0,0,0,0,0
BSE CG.BSE_IDX,01/07/2025,10:31:29,72796.04,0,0,0,0,0,0
BSE CG.BSE_IDX,01/07/2025,10:31:37,72798.55,0,0,0,0,0,0
BSE CG.BSE_IDX,01/07/2025,10:31:45,72789.88,0,0,0,0,0,0
BSE CG.BSE_IDX,01/07/2025,10:31:53,72791.32,0,0,0,0,0,0
BSE CG.BSE_IDX,01/07/2025,10:32:01,72794.77,0,0,0,0,0,0
BSE CG.BSE_IDX,01/07/2025,10:32:09,72796.52,0,0,0,0,0,0
BSE CG.BSE_IDX,01/07/2025,10:32:17,72799.12,0,0,0,0,0,0
BSE CG.BSE_IDX,01/07/2025,10:32:25,72791.24,0,0,0,0,0,0
BSE CG.BSE_IDX,01/07/2025,10:32:33,72795.56,0,0,0,0,0,0
BSE CG.BSE_IDX,01/07/2025,10:32:41,72795.14,0,0,0,0,0,0
BSE CG.BSE_IDX,01/07/2025,10:32:49,72792.8,0,0,0,0,0,0
BSE CG.BSE_IDX,01/07/2025,10:32:57,72795.52,0,0,0,0,0,0
BSE CG.BSE_IDX,01/07/2025,10:33:05,72789.62,0,0,0,0,0,0
BSE CG.BSE_IDX,01/07/2025,10:33:13,72802.68,0,0,0,0,0,0
BSE CG.BSE_IDX,01/07/2025,10:33:21,72804.9,0,0,0,0,0,0
BSE CG.BSE_IDX,01/07/2025,10:33:29,72810.89,0,0,0,0,0,0
BSE CG.BSE_IDX,01/07/2025,10:33:37,72809.97,0,0,0,0,0,0
BSE CG.BSE_IDX,01/07/2025,10:33:45,72821.32,0,0,0,0,0,0
BSE CG.BSE_IDX,01/07/2025,10:33:53,72813.92,0,0,0,0,0,0
BSE CG.BSE_IDX,01/07/2025,10:34:01,72827.31,0,0,0,0,0,0
BSE CG.BSE_IDX,01/07/2025,10:34:09,72829.42,0,0,0,0,0,0
BSE CG.BSE_IDX,01/07/2025,10:34:17,72838.75,0,0,0,0,0,0
BSE CG.BSE_IDX,01/07/2025,10:34:25,72837.12,0,0,0,0,0,0
BSE CG.BSE_IDX,01/07/2025,10:34:33,72841.28,0,0,0,0,0,0
BSE CG.BSE_IDX,01/07/2025,10:34:41,72845.26,0,0,0,0,0,0
BSE CG.BSE_IDX,01/07/2025,10:34:49,72844.06,0,0,0,0,0,0
BSE CG.BSE_IDX,01/07/2025,10:34:58,72859.32,0,0,0,0,0,0
BSE CG.BSE_IDX,01/07/2025,10:35:06,72853.6,0,0,0,0,0,0
BSE CG.BSE_IDX,01/07/2025,10:35:14,72847.97,0,0,0,0,0,0
BSE CG.BSE_IDX,01/07/2025,10:35:21,72853.92,0,0,0,0,0,0
BSE CG.BSE_IDX,01/07/2025,10:35:29,72847.74,0,0,0,0,0,0
BSE CG.BSE_IDX,01/07/2025,10:35:37,72844.55,0,0,0,0,0,0
BSE CG.BSE_IDX,01/07/2025,10:35:45,72838.08,0,0,0,0,0,0
BSE CG.BSE_IDX,01/07/2025,10:35:54,72845.87,0,0,0,0,0,0
BSE CG.BSE_IDX,01/07/2025,10:36:02,72839.17,0,0,0,0,0,0
BSE CG.BSE_IDX,01/07/2025,10:36:10,72828.16,0,0,0,0,0,0
BSE CG.BSE_IDX,01/07/2025,10:36:17,72830.2,0,0,0,0,0,0
BSE CG.BSE_IDX,01/07/2025,10:36:25,72818.7,0,0,0,0,0,0
BSE CG.BSE_IDX,01/07/2025,10:36:34,72821.34,0,0,0,0,0,0
BSE CG.BSE_IDX,01/07/2025,10:36:42,72819.99,0,0,0,0,0,0
BSE CG.BSE_IDX,01/07/2025,10:36:49,72817.57,0,0,0,0,0,0
BSE CG.BSE_IDX,01/07/2025,10:36:58,72807.91,0,0,0,0,0,0
BSE CG.BSE_IDX,01/07/2025,10:37:05,72806.43,0,0,0,0,0,0
BSE CG.BSE_IDX,01/07/2025,10:37:14,72807.32,0,0,0,0,0,0
BSE CG.BSE_IDX,01/07/2025,10:37:21,72806.97,0,0,0,0,0,0
BSE CG.BSE_IDX,01/07/2025,10:37:30,72816.77,0,0,0,0,0,0
BSE CG.BSE_IDX,01/07/2025,10:37:38,72816.67,0,0,0,0,0,0
BSE CG.BSE_IDX,01/07/2025,10:37:46,72810.39,0,0,0,0,0,0
BSE CG.BSE_IDX,01/07/2025,10:37:54,72820.31,0,0,0,0,0,0
BSE CG.BSE_IDX,01/07/2025,10:38:02,72818.37,0,0,0,0,0,0
BSE CG.BSE_IDX,01/07/2025,10:38:10,72819.96,0,0,0,0,0,0
BSE CG.BSE_IDX,01/07/2025,10:38:18,72823.76,0,0,0,0,0,0
BSE CG.BSE_IDX,01/07/2025,10:38:26,72827.97,0,0,0,0,0,0
BSE CG.BSE_IDX,01/07/2025,10:38:34,72826.3,0,0,0,0,0,0
BSE CG.BSE_IDX,01/07/2025,10:38:42,72827.19,0,0,0,0,0,0
BSE CG.BSE_IDX,01/07/2025,10:38:50,72836.38,0,0,0,0,0,0
BSE CG.BSE_IDX,01/07/2025,10:38:58,72834.42,0,0,0,0,0,0
BSE CG.BSE_IDX,01/07/2025,10:39:06,72828.93,0,0,0,0,0,0
BSE CG.BSE_IDX,01/07/2025,10:39:14,72835.08,0,0,0,0,0,0
BSE CG.BSE_IDX,01/07/2025,10:39:22,72827.24,0,0,0,0,0,0
BSE CG.BSE_IDX,01/07/2025,10:39:30,72829.91,0,0,0,0,0,0
BSE CG.BSE_IDX,01/07/2025,10:39:38,72833.67,0,0,0,0,0,0
BSE CG.BSE_IDX,01/07/2025,10:39:46,72832.15,0,0,0,0,0,0
BSE CG.BSE_IDX,01/07/2025,10:39:54,72831.52,0,0,0,0,0,0
BSE CG.BSE_IDX,01/07/2025,10:40:02,72833.5,0,0,0,0,0,0
BSE CG.BSE_IDX,01/07/2025,10:40:10,72824.55,0,0,0,0,0,0
BSE CG.BSE_IDX,01/07/2025,10:40:18,72824.63,0,0,0,0,0,0
BSE CG.BSE_IDX,01/07/2025,10:40:26,72817.54,0,0,0,0,0,0
BSE CG.BSE_IDX,01/07/2025,10:40:34,72819.52,0,0,0,0,0,0
BSE CG.BSE_IDX,01/07/2025,10:40:42,72816.22,0,0,0,0,0,0
BSE CG.BSE_IDX,01/07/2025,10:40:50,72818.08,0,0,0,0,0,0
BSE CG.BSE_IDX,01/07/2025,10:40:58,72820.13,0,0,0,0,0,0
BSE CG.BSE_IDX,01/07/2025,10:41:06,72815.86,0,0,0,0,0,0
BSE CG.BSE_IDX,01/07/2025,10:41:14,72823.96,0,0,0,0,0,0
BSE CG.BSE_IDX,01/07/2025,10:41:22,72827.53,0,0,0,0,0,0
BSE CG.BSE_IDX,01/07/2025,10:41:30,72830.65,0,0,0,0,0,0
BSE CG.BSE_IDX,01/07/2025,10:41:38,72837.72,0,0,0,0,0,0
BSE CG.BSE_IDX,01/07/2025,10:41:46,72830.86,0,0,0,0,0,0
BSE CG.BSE_IDX,01/07/2025,10:41:54,72827.59,0,0,0,0,0,0
BSE CG.BSE_IDX,01/07/2025,10:42:02,72821.13,0,0,0,0,0,0
BSE CG.BSE_IDX,01/07/2025,10:42:10,72825.46,0,0,0,0,0,0
BSE CG.BSE_IDX,01/07/2025,10:42:18,72822.12,0,0,0,0,0,0
BSE CG.BSE_IDX,01/07/2025,10:42:26,72826.48,0,0,0,0,0,0
BSE CG.BSE_IDX,01/07/2025,10:42:34,72823.67,0,0,0,0,0,0
BSE CG.BSE_IDX,01/07/2025,10:42:42,72827.36,0,0,0,0,0,0
BSE CG.BSE_IDX,01/07/2025,10:42:50,72831.54,0,0,0,0,0,0
BSE CG.BSE_IDX,01/07/2025,10:42:58,72822.96,0,0,0,0,0,0
BSE CG.BSE_IDX,01/07/2025,10:43:06,72836.38,0,0,0,0,0,0
BSE CG.BSE_IDX,01/07/2025,10:43:14,72842.57,0,0,0,0,0,0
BSE CG.BSE_IDX,01/07/2025,10:43:22,72826.77,0,0,0,0,0,0
BSE CG.BSE_IDX,01/07/2025,10:43:30,72834.82,0,0,0,0,0,0
BSE CG.BSE_IDX,01/07/2025,10:43:38,72828.96,0,0,0,0,0,0
BSE CG.BSE_IDX,01/07/2025,10:43:46,72824.87,0,0,0,0,0,0
BSE CG.BSE_IDX,01/07/2025,10:43:54,72820.27,0,0,0,0,0,0
BSE CG.BSE_IDX,01/07/2025,10:44:02,72825.43,0,0,0,0,0,0
BSE CG.BSE_IDX,01/07/2025,10:44:10,72829.62,0,0,0,0,0,0
BSE CG.BSE_IDX,01/07/2025,10:44:18,72834.21,0,0,0,0,0,0
BSE CG.BSE_IDX,01/07/2025,10:44:26,72834,0,0,0,0,0,0
BSE CG.BSE_IDX,01/07/2025,10:44:34,72835.63,0,0,0,0,0,0
BSE CG.BSE_IDX,01/07/2025,10:44:42,72829.08,0,0,0,0,0,0
BSE CG.BSE_IDX,01/07/2025,10:44:50,72824.02,0,0,0,0,0,0
BSE CG.BSE_IDX,01/07/2025,10:44:58,72831.14,0,0,0,0,0,0
BSE CG.BSE_IDX,01/07/2025,10:45:07,72828.27,0,0,0,0,0,0
BSE CG.BSE_IDX,01/07/2025,10:45:14,72821.45,0,0,0,0,0,0
BSE CG.BSE_IDX,01/07/2025,10:45:22,72815.16,0,0,0,0,0,0
BSE CG.BSE_IDX,01/07/2025,10:45:30,72820.23,0,0,0,0,0,0
BSE CG.BSE_IDX,01/07/2025,10:45:38,72835.71,0,0,0,0,0,0
BSE CG.BSE_IDX,01/07/2025,10:45:46,72835.87,0,0,0,0,0,0
BSE CG.BSE_IDX,01/07/2025,10:45:54,72830.98,0,0,0,0,0,0
BSE CG.BSE_IDX,01/07/2025,10:46:02,72824.2,0,0,0,0,0,0
BSE CG.BSE_IDX,01/07/2025,10:46:10,72827.29,0,0,0,0,0,0
BSE CG.BSE_IDX,01/07/2025,10:46:18,72822.41,0,0,0,0,0,0
BSE CG.BSE_IDX,01/07/2025,10:46:26,72828.82,0,0,0,0,0,0
BSE CG.BSE_IDX,01/07/2025,10:46:34,72832.55,0,0,0,0,0,0
BSE CG.BSE_IDX,01/07/2025,10:46:42,72833,0,0,0,0,0,0
BSE CG.BSE_IDX,01/07/2025,10:46:50,72841.21,0,0,0,0,0,0
BSE CG.BSE_IDX,01/07/2025,10:46:58,72834.96,0,0,0,0,0,0
BSE CG.BSE_IDX,01/07/2025,10:47:06,72841.22,0,0,0,0,0,0
BSE CG.BSE_IDX,01/07/2025,10:47:14,72841.26,0,0,0,0,0,0
BSE CG.BSE_IDX,01/07/2025,10:47:22,72842.14,0,0,0,0,0,0
BSE CG.BSE_IDX,01/07/2025,10:47:30,72850,0,0,0,0,0,0
BSE CG.BSE_IDX,01/07/2025,10:47:38,72870.75,0,0,0,0,0,0
BSE CG.BSE_IDX,01/07/2025,10:47:46,72870.33,0,0,0,0,0,0
BSE CG.BSE_IDX,01/07/2025,10:47:54,72884.85,0,0,0,0,0,0
BSE CG.BSE_IDX,01/07/2025,10:48:02,72887.98,0,0,0,0,0,0
BSE CG.BSE_IDX,01/07/2025,10:48:10,72900.09,0,0,0,0,0,0
BSE CG.BSE_IDX,01/07/2025,10:48:18,72909.24,0,0,0,0,0,0
BSE CG.BSE_IDX,01/07/2025,10:48:26,72920.69,0,0,0,0,0,0
BSE CG.BSE_IDX,01/07/2025,10:48:34,72910.42,0,0,0,0,0,0
BSE CG.BSE_IDX,01/07/2025,10:48:42,72919.31,0,0,0,0,0,0
BSE CG.BSE_IDX,01/07/2025,10:48:50,72902.63,0,0,0,0,0,0
BSE CG.BSE_IDX,01/07/2025,10:48:58,72900.39,0,0,0,0,0,0
BSE CG.BSE_IDX,01/07/2025,10:49:06,72885.02,0,0,0,0,0,0
BSE CG.BSE_IDX,01/07/2025,10:49:14,72862.48,0,0,0,0,0,0
BSE CG.BSE_IDX,01/07/2025,10:49:22,72871.82,0,0,0,0,0,0
BSE CG.BSE_IDX,01/07/2025,10:49:30,72866.93,0,0,0,0,0,0
BSE CG.BSE_IDX,01/07/2025,10:49:38,72869.08,0,0,0,0,0,0
BSE CG.BSE_IDX,01/07/2025,10:49:46,72869.46,0,0,0,0,0,0
BSE CG.BSE_IDX,01/07/2025,10:49:54,72868.26,0,0,0,0,0,0
BSE CG.BSE_IDX,01/07/2025,10:50:02,72861.81,0,0,0,0,0,0
BSE CG.BSE_IDX,01/07/2025,10:50:10,72856.93,0,0,0,0,0,0
BSE CG.BSE_IDX,01/07/2025,10:50:18,72863.22,0,0,0,0,0,0
BSE CG.BSE_IDX,01/07/2025,10:50:26,72863.84,0,0,0,0,0,0
BSE CG.BSE_IDX,01/07/2025,10:50:34,72861.55,0,0,0,0,0,0
BSE CG.BSE_IDX,01/07/2025,10:50:42,72849.63,0,0,0,0,0,0
BSE CG.BSE_IDX,01/07/2025,10:50:50,72855.8,0,0,0,0,0,0
BSE CG.BSE_IDX,01/07/2025,10:50:58,72849.16,0,0,0,0,0,0
BSE CG.BSE_IDX,01/07/2025,10:51:06,72858.4,0,0,0,0,0,0
BSE CG.BSE_IDX,01/07/2025,10:51:14,72854.97,0,0,0,0,0,0
BSE CG.BSE_IDX,01/07/2025,10:51:22,72855.15,0,0,0,0,0,0
BSE CG.BSE_IDX,01/07/2025,10:51:30,72853.49,0,0,0,0,0,0
BSE CG.BSE_IDX,01/07/2025,10:51:38,72857.03,0,0,0,0,0,0
BSE CG.BSE_IDX,01/07/2025,10:51:46,72848.98,0,0,0,0,0,0
BSE CG.BSE_IDX,01/07/2025,10:51:54,72842.58,0,0,0,0,0,0
BSE CG.BSE_IDX,01/07/2025,10:52:02,72848.43,0,0,0,0,0,0
BSE CG.BSE_IDX,01/07/2025,10:52:10,72838.71,0,0,0,0,0,0
BSE CG.BSE_IDX,01/07/2025,10:52:18,72840.95,0,0,0,0,0,0
BSE CG.BSE_IDX,01/07/2025,10:52:26,72812.22,0,0,0,0,0,0
BSE CG.BSE_IDX,01/07/2025,10:52:34,72809.03,0,0,0,0,0,0
BSE CG.BSE_IDX,01/07/2025,10:52:43,72808.56,0,0,0,0,0,0
BSE CG.BSE_IDX,01/07/2025,10:52:50,72799.4,0,0,0,0,0,0
BSE CG.BSE_IDX,01/07/2025,10:52:58,72796.08,0,0,0,0,0,0
BSE CG.BSE_IDX,01/07/2025,10:53:06,72796.18,0,0,0,0,0,0
BSE CG.BSE_IDX,01/07/2025,10:53:14,72780.84,0,0,0,0,0,0
BSE CG.BSE_IDX,01/07/2025,10:53:22,72788.93,0,0,0,0,0,0
BSE CG.BSE_IDX,01/07/2025,10:53:30,72784.65,0,0,0,0,0,0
BSE CG.BSE_IDX,01/07/2025,10:53:38,72793.56,0,0,0,0,0,0
BSE CG.BSE_IDX,01/07/2025,10:53:46,72787.99,0,0,0,0,0,0
BSE CG.BSE_IDX,01/07/2025,10:53:54,72786.86,0,0,0,0,0,0
BSE CG.BSE_IDX,01/07/2025,10:54:02,72786.7,0,0,0,0,0,0
BSE CG.BSE_IDX,01/07/2025,10:54:10,72782.88,0,0,0,0,0,0
BSE CG.BSE_IDX,01/07/2025,10:54:18,72776.64,0,0,0,0,0,0
BSE CG.BSE_IDX,01/07/2025,10:54:26,72784.13,0,0,0,0,0,0
BSE CG.BSE_IDX,01/07/2025,10:54:34,72792.73,0,0,0,0,0,0
BSE CG.BSE_IDX,01/07/2025,10:54:42,72808.26,0,0,0,0,0,0
BSE CG.BSE_IDX,01/07/2025,10:54:51,72808.43,0,0,0,0,0,0
BSE CG.BSE_IDX,01/07/2025,10:54:58,72808.89,0,0,0,0,0,0
BSE CG.BSE_IDX,01/07/2025,10:55:06,72803.47,0,0,0,0,0,0
BSE CG.BSE_IDX,01/07/2025,10:55:14,72802.06,0,0,0,0,0,0
BSE CG.BSE_IDX,01/07/2025,10:55:22,72800.84,0,0,0,0,0,0
BSE CG.BSE_IDX,01/07/2025,10:55:30,72793.29,0,0,0,0,0,0
BSE CG.BSE_IDX,01/07/2025,10:55:38,72794.54,0,0,0,0,0,0
BSE CG.BSE_IDX,01/07/2025,10:55:46,72780.59,0,0,0,0,0,0
BSE CG.BSE_IDX,01/07/2025,10:55:54,72768.5,0,0,0,0,0,0
BSE CG.BSE_IDX,01/07/2025,10:56:02,72765.11,0,0,0,0,0,0
BSE CG.BSE_IDX,01/07/2025,10:56:10,72752.76,0,0,0,0,0,0
BSE CG.BSE_IDX,01/07/2025,10:56:18,72755.65,0,0,0,0,0,0
BSE CG.BSE_IDX,01/07/2025,10:56:26,72761.41,0,0,0,0,0,0
BSE CG.BSE_IDX,01/07/2025,10:56:34,72757.36,0,0,0,0,0,0
BSE CG.BSE_IDX,01/07/2025,10:56:42,72767.69,0,0,0,0,0,0
BSE CG.BSE_IDX,01/07/2025,10:56:50,72762.63,0,0,0,0,0,0
BSE CG.BSE_IDX,01/07/2025,10:56:58,72762.08,0,0,0,0,0,0
BSE CG.BSE_IDX,01/07/2025,10:57:06,72754.29,0,0,0,0,0,0
BSE CG.BSE_IDX,01/07/2025,10:57:14,72743.09,0,0,0,0,0,0
BSE CG.BSE_IDX,01/07/2025,10:57:22,72741,0,0,0,0,0,0
BSE CG.BSE_IDX,01/07/2025,10:57:30,72746.24,0,0,0,0,0,0
BSE CG.BSE_IDX,01/07/2025,10:57:39,72738.06,0,0,0,0,0,0
BSE CG.BSE_IDX,01/07/2025,10:57:46,72737.7,0,0,0,0,0,0
BSE CG.BSE_IDX,01/07/2025,10:57:54,72738.7,0,0,0,0,0,0
BSE CG.BSE_IDX,01/07/2025,10:58:02,72730.97,0,0,0,0,0,0
BSE CG.BSE_IDX,01/07/2025,10:58:10,72737.74,0,0,0,0,0,0
BSE CG.BSE_IDX,01/07/2025,10:58:18,72738.61,0,0,0,0,0,0
BSE CG.BSE_IDX,01/07/2025,10:58:26,72745.15,0,0,0,0,0,0
BSE CG.BSE_IDX,01/07/2025,10:58:34,72746.57,0,0,0,0,0,0
BSE CG.BSE_IDX,01/07/2025,10:58:42,72748.09,0,0,0,0,0,0
BSE CG.BSE_IDX,01/07/2025,10:58:50,72752.69,0,0,0,0,0,0
BSE CG.BSE_IDX,01/07/2025,10:58:58,72758.85,0,0,0,0,0,0
BSE CG.BSE_IDX,01/07/2025,10:59:06,72758.13,0,0,0,0,0,0
BSE CG.BSE_IDX,01/07/2025,10:59:14,72757.39,0,0,0,0,0,0
BSE CG.BSE_IDX,01/07/2025,10:59:22,72765.91,0,0,0,0,0,0
BSE CG.BSE_IDX,01/07/2025,10:59:30,72760.88,0,0,0,0,0,0
BSE CG.BSE_IDX,01/07/2025,10:59:38,72760.31,0,0,0,0,0,0
BSE CG.BSE_IDX,01/07/2025,10:59:47,72757.66,0,0,0,0,0,0
BSE CG.BSE_IDX,01/07/2025,10:59:55,72763.58,0,0,0,0,0,0
BSE CG.BSE_IDX,01/07/2025,11:00:03,72761.05,0,0,0,0,0,0
BSE CG.BSE_IDX,01/07/2025,11:00:11,72751.86,0,0,0,0,0,0
BSE CG.BSE_IDX,01/07/2025,11:00:18,72764.04,0,0,0,0,0,0
BSE CG.BSE_IDX,01/07/2025,11:00:26,72763.72,0,0,0,0,0,0
BSE CG.BSE_IDX,01/07/2025,11:00:34,72760.43,0,0,0,0,0,0
BSE CG.BSE_IDX,01/07/2025,11:00:42,72752.74,0,0,0,0,0,0
BSE CG.BSE_IDX,01/07/2025,11:00:50,72754.6,0,0,0,0,0,0
BSE CG.BSE_IDX,01/07/2025,11:00:58,72764.99,0,0,0,0,0,0
BSE CG.BSE_IDX,01/07/2025,11:01:06,72772.74,0,0,0,0,0,0
BSE CG.BSE_IDX,01/07/2025,11:01:15,72768.31,0,0,0,0,0,0
BSE CG.BSE_IDX,01/07/2025,11:01:22,72764.9,0,0,0,0,0,0
BSE CG.BSE_IDX,01/07/2025,11:01:30,72773.42,0,0,0,0,0,0
BSE CG.BSE_IDX,01/07/2025,11:01:38,72772.38,0,0,0,0,0,0
BSE CG.BSE_IDX,01/07/2025,11:01:46,72770.47,0,0,0,0,0,0
BSE CG.BSE_IDX,01/07/2025,11:01:54,72763.67,0,0,0,0,0,0
BSE CG.BSE_IDX,01/07/2025,11:02:02,72758.05,0,0,0,0,0,0
BSE CG.BSE_IDX,01/07/2025,11:02:10,72745.23,0,0,0,0,0,0
BSE CG.BSE_IDX,01/07/2025,11:02:18,72743.7,0,0,0,0,0,0
BSE CG.BSE_IDX,01/07/2025,11:02:27,72728.32,0,0,0,0,0,0
BSE CG.BSE_IDX,01/07/2025,11:02:34,72736.74,0,0,0,0,0,0
BSE CG.BSE_IDX,01/07/2025,11:02:42,72732.73,0,0,0,0,0,0
BSE CG.BSE_IDX,01/07/2025,11:02:51,72723.64,0,0,0,0,0,0
BSE CG.BSE_IDX,01/07/2025,11:02:58,72727.03,0,0,0,0,0,0
BSE CG.BSE_IDX,01/07/2025,11:03:06,72715.29,0,0,0,0,0,0
BSE CG.BSE_IDX,01/07/2025,11:03:14,72708.99,0,0,0,0,0,0
BSE CG.BSE_IDX,01/07/2025,11:03:22,72702.35,0,0,0,0,0,0
BSE CG.BSE_IDX,01/07/2025,11:03:31,72707.78,0,0,0,0,0,0
BSE CG.BSE_IDX,01/07/2025,11:03:38,72698.59,0,0,0,0,0,0
BSE CG.BSE_IDX,01/07/2025,11:03:46,72702.36,0,0,0,0,0,0
BSE CG.BSE_IDX,01/07/2025,11:03:54,72710.39,0,0,0,0,0,0
BSE CG.BSE_IDX,01/07/2025,11:04:02,72703.35,0,0,0,0,0,0
BSE CG.BSE_IDX,01/07/2025,11:04:10,72698.06,0,0,0,0,0,0
BSE CG.BSE_IDX,01/07/2025,11:04:18,72702.36,0,0,0,0,0,0
BSE CG.BSE_IDX,01/07/2025,11:04:27,72697.76,0,0,0,0,0,0
BSE CG.BSE_IDX,01/07/2025,11:04:34,72691.04,0,0,0,0,0,0
BSE CG.BSE_IDX,01/07/2025,11:04:42,72681.64,0,0,0,0,0,0
BSE CG.BSE_IDX,01/07/2025,11:04:51,72687.04,0,0,0,0,0,0
BSE CG.BSE_IDX,01/07/2025,11:04:58,72682.24,0,0,0,0,0,0
BSE CG.BSE_IDX,01/07/2025,11:05:06,72700.99,0,0,0,0,0,0
BSE CG.BSE_IDX,01/07/2025,11:05:14,72700.31,0,0,0,0,0,0
BSE CG.BSE_IDX,01/07/2025,11:05:22,72703.96,0,0,0,0,0,0
BSE CG.BSE_IDX,01/07/2025,11:05:30,72704.05,0,0,0,0,0,0
BSE CG.BSE_IDX,01/07/2025,11:05:38,72708.72,0,0,0,0,0,0
BSE CG.BSE_IDX,01/07/2025,11:05:46,72701.54,0,0,0,0,0,0
BSE CG.BSE_IDX,01/07/2025,11:05:54,72709.27,0,0,0,0,0,0
BSE CG.BSE_IDX,01/07/2025,11:06:02,72710.72,0,0,0,0,0,0
BSE CG.BSE_IDX,01/07/2025,11:06:11,72716.29,0,0,0,0,0,0
BSE CG.BSE_IDX,01/07/2025,11:06:19,72722.72,0,0,0,0,0,0
BSE CG.BSE_IDX,01/07/2025,11:06:26,72718.36,0,0,0,0,0,0
BSE CG.BSE_IDX,01/07/2025,11:06:34,72718.32,0,0,0,0,0,0
BSE CG.BSE_IDX,01/07/2025,11:06:42,72712.64,0,0,0,0,0,0
BSE CG.BSE_IDX,01/07/2025,11:06:50,72717.35,0,0,0,0,0,0
BSE CG.BSE_IDX,01/07/2025,11:06:58,72716.31,0,0,0,0,0,0
BSE CG.BSE_IDX,01/07/2025,11:07:06,72728.6,0,0,0,0,0,0
BSE CG.BSE_IDX,01/07/2025,11:07:15,72734.32,0,0,0,0,0,0
BSE CG.BSE_IDX,01/07/2025,11:07:22,72735.56,0,0,0,0,0,0
BSE CG.BSE_IDX,01/07/2025,11:07:30,72737.64,0,0,0,0,0,0
BSE CG.BSE_IDX,01/07/2025,11:07:38,72738.17,0,0,0,0,0,0
BSE CG.BSE_IDX,01/07/2025,11:07:46,72743.98,0,0,0,0,0,0
BSE CG.BSE_IDX,01/07/2025,11:07:54,72746.81,0,0,0,0,0,0
BSE CG.BSE_IDX,01/07/2025,11:08:02,72748.18,0,0,0,0,0,0
BSE CG.BSE_IDX,01/07/2025,11:08:11,72754.46,0,0,0,0,0,0
BSE CG.BSE_IDX,01/07/2025,11:08:18,72750.64,0,0,0,0,0,0
BSE CG.BSE_IDX,01/07/2025,11:08:26,72749.3,0,0,0,0,0,0
BSE CG.BSE_IDX,01/07/2025,11:08:35,72743.29,0,0,0,0,0,0
BSE CG.BSE_IDX,01/07/2025,11:08:43,72752.31,0,0,0,0,0,0
BSE CG.BSE_IDX,01/07/2025,11:08:51,72758.43,0,0,0,0,0,0
BSE CG.BSE_IDX,01/07/2025,11:08:58,72753.44,0,0,0,0,0,0
BSE CG.BSE_IDX,01/07/2025,11:09:07,72750.03,0,0,0,0,0,0
BSE CG.BSE_IDX,01/07/2025,11:09:15,72754.48,0,0,0,0,0,0
BSE CG.BSE_IDX,01/07/2025,11:09:23,72751.39,0,0,0,0,0,0
BSE CG.BSE_IDX,01/07/2025,11:09:31,72760.95,0,0,0,0,0,0
BSE CG.BSE_IDX,01/07/2025,11:09:39,72769.02,0,0,0,0,0,0
BSE CG.BSE_IDX,01/07/2025,11:09:46,72765.33,0,0,0,0,0,0
BSE CG.BSE_IDX,01/07/2025,11:09:55,72768.58,0,0,0,0,0,0
BSE CG.BSE_IDX,01/07/2025,11:10:03,72768.66,0,0,0,0,0,0
BSE CG.BSE_IDX,01/07/2025,11:10:11,72763.46,0,0,0,0,0,0
BSE CG.BSE_IDX,01/07/2025,11:10:19,72767.97,0,0,0,0,0,0
BSE CG.BSE_IDX,01/07/2025,11:10:27,72769.04,0,0,0,0,0,0
BSE CG.BSE_IDX,01/07/2025,11:10:35,72773.12,0,0,0,0,0,0
BSE CG.BSE_IDX,01/07/2025,11:10:43,72778.03,0,0,0,0,0,0
BSE CG.BSE_IDX,01/07/2025,11:10:51,72765.58,0,0,0,0,0,0
BSE CG.BSE_IDX,01/07/2025,11:10:59,72767.13,0,0,0,0,0,0
BSE CG.BSE_IDX,01/07/2025,11:11:07,72762.2,0,0,0,0,0,0
BSE CG.BSE_IDX,01/07/2025,11:11:15,72766.01,0,0,0,0,0,0
BSE CG.BSE_IDX,01/07/2025,11:11:23,72769.78,0,0,0,0,0,0
BSE CG.BSE_IDX,01/07/2025,11:11:31,72763.81,0,0,0,0,0,0
BSE CG.BSE_IDX,01/07/2025,11:11:39,72760,0,0,0,0,0,0
BSE CG.BSE_IDX,01/07/2025,11:11:47,72761.78,0,0,0,0,0,0
BSE CG.BSE_IDX,01/07/2025,11:11:55,72758.6,0,0,0,0,0,0
BSE CG.BSE_IDX,01/07/2025,11:12:03,72763.54,0,0,0,0,0,0
BSE CG.BSE_IDX,01/07/2025,11:12:11,72762.85,0,0,0,0,0,0
BSE CG.BSE_IDX,01/07/2025,11:12:19,72763.18,0,0,0,0,0,0
BSE CG.BSE_IDX,01/07/2025,11:12:27,72768.67,0,0,0,0,0,0
BSE CG.BSE_IDX,01/07/2025,11:12:35,72760.59,0,0,0,0,0,0
BSE CG.BSE_IDX,01/07/2025,11:12:43,72756.81,0,0,0,0,0,0
BSE CG.BSE_IDX,01/07/2025,11:12:51,72755.27,0,0,0,0,0,0
BSE CG.BSE_IDX,01/07/2025,11:12:59,72741.34,0,0,0,0,0,0
BSE CG.BSE_IDX,01/07/2025,11:13:07,72741.51,0,0,0,0,0,0
BSE CG.BSE_IDX,01/07/2025,11:13:16,72734.03,0,0,0,0,0,0
BSE CG.BSE_IDX,01/07/2025,11:13:23,72733.39,0,0,0,0,0,0
BSE CG.BSE_IDX,01/07/2025,11:13:31,72736.14,0,0,0,0,0,0
BSE CG.BSE_IDX,01/07/2025,11:13:39,72731.85,0,0,0,0,0,0
BSE CG.BSE_IDX,01/07/2025,11:13:47,72728.71,0,0,0,0,0,0
BSE CG.BSE_IDX,01/07/2025,11:13:55,72732.15,0,0,0,0,0,0
BSE CG.BSE_IDX,01/07/2025,11:14:03,72723.63,0,0,0,0,0,0
BSE CG.BSE_IDX,01/07/2025,11:14:11,72721.85,0,0,0,0,0,0
BSE CG.BSE_IDX,01/07/2025,11:14:19,72729.87,0,0,0,0,0,0
BSE CG.BSE_IDX,01/07/2025,11:14:27,72725.73,0,0,0,0,0,0
BSE CG.BSE_IDX,01/07/2025,11:14:35,72725.14,0,0,0,0,0,0
BSE CG.BSE_IDX,01/07/2025,11:14:43,72720.22,0,0,0,0,0,0
BSE CG.BSE_IDX,01/07/2025,11:14:51,72723.96,0,0,0,0,0,0
BSE CG.BSE_IDX,01/07/2025,11:14:59,72735.79,0,0,0,0,0,0
BSE CG.BSE_IDX,01/07/2025,11:15:07,72734.48,0,0,0,0,0,0
BSE CG.BSE_IDX,01/07/2025,11:15:15,72739.58,0,0,0,0,0,0
BSE CG.BSE_IDX,01/07/2025,11:15:23,72735.35,0,0,0,0,0,0
BSE CG.BSE_IDX,01/07/2025,11:15:31,72730.36,0,0,0,0,0,0
BSE CG.BSE_IDX,01/07/2025,11:15:39,72742.99,0,0,0,0,0,0
BSE CG.BSE_IDX,01/07/2025,11:15:47,72750.05,0,0,0,0,0,0
BSE CG.BSE_IDX,01/07/2025,11:15:56,72744.32,0,0,0,0,0,0
BSE CG.BSE_IDX,01/07/2025,11:16:03,72744.47,0,0,0,0,0,0
BSE CG.BSE_IDX,01/07/2025,11:16:11,72750.83,0,0,0,0,0,0
BSE CG.BSE_IDX,01/07/2025,11:16:19,72745.23,0,0,0,0,0,0
BSE CG.BSE_IDX,01/07/2025,11:16:27,72745.25,0,0,0,0,0,0
BSE CG.BSE_IDX,01/07/2025,11:16:35,72733.73,0,0,0,0,0,0
BSE CG.BSE_IDX,01/07/2025,11:16:43,72740.12,0,0,0,0,0,0
BSE CG.BSE_IDX,01/07/2025,11:16:51,72729.66,0,0,0,0,0,0
BSE CG.BSE_IDX,01/07/2025,11:16:59,72727.29,0,0,0,0,0,0
BSE CG.BSE_IDX,01/07/2025,11:17:07,72729.9,0,0,0,0,0,0
BSE CG.BSE_IDX,01/07/2025,11:17:15,72736.72,0,0,0,0,0,0
BSE CG.BSE_IDX,01/07/2025,11:17:23,72743.52,0,0,0,0,0,0
BSE CG.BSE_IDX,01/07/2025,11:17:31,72743.16,0,0,0,0,0,0
BSE CG.BSE_IDX,01/07/2025,11:17:39,72746.98,0,0,0,0,0,0
BSE CG.BSE_IDX,01/07/2025,11:17:47,72746.38,0,0,0,0,0,0
BSE CG.BSE_IDX,01/07/2025,11:17:57,72749.12,0,0,0,0,0,0
BSE CG.BSE_IDX,01/07/2025,11:18:03,72750.04,0,0,0,0,0,0
BSE CG.BSE_IDX,01/07/2025,11:18:11,72746.05,0,0,0,0,0,0
BSE CG.BSE_IDX,01/07/2025,11:18:19,72743.9,0,0,0,0,0,0
BSE CG.BSE_IDX,01/07/2025,11:18:27,72746.94,0,0,0,0,0,0
BSE CG.BSE_IDX,01/07/2025,11:18:35,72746.4,0,0,0,0,0,0
BSE CG.BSE_IDX,01/07/2025,11:18:44,72743.08,0,0,0,0,0,0
BSE CG.BSE_IDX,01/07/2025,11:18:51,72741.46,0,0,0,0,0,0
BSE CG.BSE_IDX,01/07/2025,11:18:59,72738.81,0,0,0,0,0,0
BSE CG.BSE_IDX,01/07/2025,11:19:08,72739.65,0,0,0,0,0,0
BSE CG.BSE_IDX,01/07/2025,11:19:15,72732.48,0,0,0,0,0,0
BSE CG.BSE_IDX,01/07/2025,11:19:23,72723.17,0,0,0,0,0,0
BSE CG.BSE_IDX,01/07/2025,11:19:31,72713.15,0,0,0,0,0,0
BSE CG.BSE_IDX,01/07/2025,11:19:39,72711.44,0,0,0,0,0,0
BSE CG.BSE_IDX,01/07/2025,11:19:47,72703.57,0,0,0,0,0,0
BSE CG.BSE_IDX,01/07/2025,11:19:55,72701.07,0,0,0,0,0,0
BSE CG.BSE_IDX,01/07/2025,11:20:03,72706.77,0,0,0,0,0,0
BSE CG.BSE_IDX,01/07/2025,11:20:11,72706.44,0,0,0,0,0,0
BSE CG.BSE_IDX,01/07/2025,11:20:19,72704.5,0,0,0,0,0,0
BSE CG.BSE_IDX,01/07/2025,11:20:27,72706.51,0,0,0,0,0,0
BSE CG.BSE_IDX,01/07/2025,11:20:35,72713.78,0,0,0,0,0,0
BSE CG.BSE_IDX,01/07/2025,11:20:43,72709.62,0,0,0,0,0,0
BSE CG.BSE_IDX,01/07/2025,11:20:51,72718.91,0,0,0,0,0,0
BSE CG.BSE_IDX,01/07/2025,11:20:59,72715.39,0,0,0,0,0,0
BSE CG.BSE_IDX,01/07/2025,11:21:07,72704.74,0,0,0,0,0,0
BSE CG.BSE_IDX,01/07/2025,11:21:15,72702.99,0,0,0,0,0,0
BSE CG.BSE_IDX,01/07/2025,11:21:24,72711.63,0,0,0,0,0,0
BSE CG.BSE_IDX,01/07/2025,11:21:31,72711,0,0,0,0,0,0
BSE CG.BSE_IDX,01/07/2025,11:21:39,72710.8,0,0,0,0,0,0
BSE CG.BSE_IDX,01/07/2025,11:21:47,72706.54,0,0,0,0,0,0
BSE CG.BSE_IDX,01/07/2025,11:21:56,72707.47,0,0,0,0,0,0
BSE CG.BSE_IDX,01/07/2025,11:22:03,72710.16,0,0,0,0,0,0
BSE CG.BSE_IDX,01/07/2025,11:22:11,72710.23,0,0,0,0,0,0
BSE CG.BSE_IDX,01/07/2025,11:22:19,72705.57,0,0,0,0,0,0
BSE CG.BSE_IDX,01/07/2025,11:22:28,72704.71,0,0,0,0,0,0
BSE CG.BSE_IDX,01/07/2025,11:22:35,72710.97,0,0,0,0,0,0
BSE CG.BSE_IDX,01/07/2025,11:22:43,72709.37,0,0,0,0,0,0
BSE CG.BSE_IDX,01/07/2025,11:22:51,72715.26,0,0,0,0,0,0
BSE CG.BSE_IDX,01/07/2025,11:22:59,72712.38,0,0,0,0,0,0
BSE CG.BSE_IDX,01/07/2025,11:23:07,72710.77,0,0,0,0,0,0
BSE CG.BSE_IDX,01/07/2025,11:23:15,72718.29,0,0,0,0,0,0
BSE CG.BSE_IDX,01/07/2025,11:23:23,72708.29,0,0,0,0,0,0
BSE CG.BSE_IDX,01/07/2025,11:23:31,72713.99,0,0,0,0,0,0
BSE CG.BSE_IDX,01/07/2025,11:23:39,72711.75,0,0,0,0,0,0
BSE CG.BSE_IDX,01/07/2025,11:23:47,72716.39,0,0,0,0,0,0
BSE CG.BSE_IDX,01/07/2025,11:23:55,72713.27,0,0,0,0,0,0
BSE CG.BSE_IDX,01/07/2025,11:24:04,72700.94,0,0,0,0,0,0
BSE CG.BSE_IDX,01/07/2025,11:24:11,72708.67,0,0,0,0,0,0
BSE CG.BSE_IDX,01/07/2025,11:24:19,72704.17,0,0,0,0,0,0
BSE CG.BSE_IDX,01/07/2025,11:24:27,72707.87,0,0,0,0,0,0
BSE CG.BSE_IDX,01/07/2025,11:24:35,72707.01,0,0,0,0,0,0
BSE CG.BSE_IDX,01/07/2025,11:24:43,72709.06,0,0,0,0,0,0
BSE CG.BSE_IDX,01/07/2025,11:24:52,72712.96,0,0,0,0,0,0
BSE CG.BSE_IDX,01/07/2025,11:25:00,72717.45,0,0,0,0,0,0
BSE CG.BSE_IDX,01/07/2025,11:25:07,72723.27,0,0,0,0,0,0
BSE CG.BSE_IDX,01/07/2025,11:25:15,72717.3,0,0,0,0,0,0
BSE CG.BSE_IDX,01/07/2025,11:25:23,72717.7,0,0,0,0,0,0
BSE CG.BSE_IDX,01/07/2025,11:25:31,72719.95,0,0,0,0,0,0
BSE CG.BSE_IDX,01/07/2025,11:25:41,72727.65,0,0,0,0,0,0
BSE CG.BSE_IDX,01/07/2025,11:25:47,72721.37,0,0,0,0,0,0
BSE CG.BSE_IDX,01/07/2025,11:25:55,72726.91,0,0,0,0,0,0
BSE CG.BSE_IDX,01/07/2025,11:26:03,72718.27,0,0,0,0,0,0
BSE CG.BSE_IDX,01/07/2025,11:26:11,72714.08,0,0,0,0,0,0
BSE CG.BSE_IDX,01/07/2025,11:26:19,72715.77,0,0,0,0,0,0
BSE CG.BSE_IDX,01/07/2025,11:26:27,72717.76,0,0,0,0,0,0
BSE CG.BSE_IDX,01/07/2025,11:26:35,72715.43,0,0,0,0,0,0
BSE CG.BSE_IDX,01/07/2025,11:26:43,72718.01,0,0,0,0,0,0
BSE CG.BSE_IDX,01/07/2025,11:26:51,72714.5,0,0,0,0,0,0
BSE CG.BSE_IDX,01/07/2025,11:26:59,72717.29,0,0,0,0,0,0
BSE CG.BSE_IDX,01/07/2025,11:27:07,72721.78,0,0,0,0,0,0
BSE CG.BSE_IDX,01/07/2025,11:27:15,72722.48,0,0,0,0,0,0
BSE CG.BSE_IDX,01/07/2025,11:27:23,72714.48,0,0,0,0,0,0
BSE CG.BSE_IDX,01/07/2025,11:27:31,72724.71,0,0,0,0,0,0
BSE CG.BSE_IDX,01/07/2025,11:27:39,72724.21,0,0,0,0,0,0
BSE CG.BSE_IDX,01/07/2025,11:27:47,72710.03,0,0,0,0,0,0
BSE CG.BSE_IDX,01/07/2025,11:27:55,72714.51,0,0,0,0,0,0
BSE CG.BSE_IDX,01/07/2025,11:28:03,72714.68,0,0,0,0,0,0
BSE CG.BSE_IDX,01/07/2025,11:28:11,72713.24,0,0,0,0,0,0
BSE CG.BSE_IDX,01/07/2025,11:28:19,72706.71,0,0,0,0,0,0
BSE CG.BSE_IDX,01/07/2025,11:28:27,72713.55,0,0,0,0,0,0
BSE CG.BSE_IDX,01/07/2025,11:28:36,72714.45,0,0,0,0,0,0
BSE CG.BSE_IDX,01/07/2025,11:28:43,72715.29,0,0,0,0,0,0
BSE CG.BSE_IDX,01/07/2025,11:28:51,72717.82,0,0,0,0,0,0
BSE CG.BSE_IDX,01/07/2025,11:28:59,72720.43,0,0,0,0,0,0
BSE CG.BSE_IDX,01/07/2025,11:29:07,72727.18,0,0,0,0,0,0
BSE CG.BSE_IDX,01/07/2025,11:29:16,72721.39,0,0,0,0,0,0
BSE CG.BSE_IDX,01/07/2025,11:29:24,72720.4,0,0,0,0,0,0
BSE CG.BSE_IDX,01/07/2025,11:29:31,72722.73,0,0,0,0,0,0
BSE CG.BSE_IDX,01/07/2025,11:29:39,72725.44,0,0,0,0,0,0
BSE CG.BSE_IDX,01/07/2025,11:29:47,72733,0,0,0,0,0,0
BSE CG.BSE_IDX,01/07/2025,11:29:55,72726.34,0,0,0,0,0,0
BSE CG.BSE_IDX,01/07/2025,11:30:03,72731.43,0,0,0,0,0,0
BSE CG.BSE_IDX,01/07/2025,11:30:11,72731.54,0,0,0,0,0,0
BSE CG.BSE_IDX,01/07/2025,11:30:19,72738.58,0,0,0,0,0,0
BSE CG.BSE_IDX,01/07/2025,11:30:27,72737.52,0,0,0,0,0,0
BSE CG.BSE_IDX,01/07/2025,11:30:35,72746.27,0,0,0,0,0,0
BSE CG.BSE_IDX,01/07/2025,11:30:43,72738.16,0,0,0,0,0,0
BSE CG.BSE_IDX,01/07/2025,11:30:51,72743.1,0,0,0,0,0,0
BSE CG.BSE_IDX,01/07/2025,11:30:59,72742.18,0,0,0,0,0,0
BSE CG.BSE_IDX,01/07/2025,11:31:07,72741.52,0,0,0,0,0,0
BSE CG.BSE_IDX,01/07/2025,11:31:15,72728.69,0,0,0,0,0,0
BSE CG.BSE_IDX,01/07/2025,11:31:23,72734.2,0,0,0,0,0,0
BSE CG.BSE_IDX,01/07/2025,11:31:31,72739.36,0,0,0,0,0,0
BSE CG.BSE_IDX,01/07/2025,11:31:39,72735.29,0,0,0,0,0,0
BSE CG.BSE_IDX,01/07/2025,11:31:47,72737.52,0,0,0,0,0,0
BSE CG.BSE_IDX,01/07/2025,11:31:55,72741.23,0,0,0,0,0,0
BSE CG.BSE_IDX,01/07/2025,11:32:04,72741.75,0,0,0,0,0,0
BSE CG.BSE_IDX,01/07/2025,11:32:11,72739.4,0,0,0,0,0,0
BSE CG.BSE_IDX,01/07/2025,11:32:19,72733.85,0,0,0,0,0,0
BSE CG.BSE_IDX,01/07/2025,11:32:27,72736.39,0,0,0,0,0,0
BSE CG.BSE_IDX,01/07/2025,11:32:35,72734.11,0,0,0,0,0,0
BSE CG.BSE_IDX,01/07/2025,11:32:43,72735.01,0,0,0,0,0,0
BSE CG.BSE_IDX,01/07/2025,11:32:51,72745.78,0,0,0,0,0,0
BSE CG.BSE_IDX,01/07/2025,11:32:59,72748.81,0,0,0,0,0,0
BSE CG.BSE_IDX,01/07/2025,11:33:07,72737.18,0,0,0,0,0,0
BSE CG.BSE_IDX,01/07/2025,11:33:15,72737.27,0,0,0,0,0,0
BSE CG.BSE_IDX,01/07/2025,11:33:23,72740.59,0,0,0,0,0,0
BSE CG.BSE_IDX,01/07/2025,11:33:31,72748.01,0,0,0,0,0,0
BSE CG.BSE_IDX,01/07/2025,11:33:39,72742.56,0,0,0,0,0,0
BSE CG.BSE_IDX,01/07/2025,11:33:47,72742.92,0,0,0,0,0,0
BSE CG.BSE_IDX,01/07/2025,11:33:55,72740.54,0,0,0,0,0,0
BSE CG.BSE_IDX,01/07/2025,11:34:03,72740.98,0,0,0,0,0,0
BSE CG.BSE_IDX,01/07/2025,11:34:12,72756.16,0,0,0,0,0,0
BSE CG.BSE_IDX,01/07/2025,11:34:19,72748.38,0,0,0,0,0,0
BSE CG.BSE_IDX,01/07/2025,11:34:27,72757.22,0,0,0,0,0,0
BSE CG.BSE_IDX,01/07/2025,11:34:35,72755.93,0,0,0,0,0,0
BSE CG.BSE_IDX,01/07/2025,11:34:43,72756.58,0,0,0,0,0,0
BSE CG.BSE_IDX,01/07/2025,11:34:51,72748.62,0,0,0,0,0,0
BSE CG.BSE_IDX,01/07/2025,11:34:59,72746.81,0,0,0,0,0,0
BSE CG.BSE_IDX,01/07/2025,11:35:07,72751.09,0,0,0,0,0,0
BSE CG.BSE_IDX,01/07/2025,11:35:16,72743.86,0,0,0,0,0,0
BSE CG.BSE_IDX,01/07/2025,11:35:23,72750.02,0,0,0,0,0,0
BSE CG.BSE_IDX,01/07/2025,11:35:32,72753.08,0,0,0,0,0,0
BSE CG.BSE_IDX,01/07/2025,11:35:39,72752.43,0,0,0,0,0,0
BSE CG.BSE_IDX,01/07/2025,11:35:47,72751.92,0,0,0,0,0,0
BSE CG.BSE_IDX,01/07/2025,11:35:55,72739.09,0,0,0,0,0,0
BSE CG.BSE_IDX,01/07/2025,11:36:04,72741.24,0,0,0,0,0,0
BSE CG.BSE_IDX,01/07/2025,11:36:11,72747.03,0,0,0,0,0,0
BSE CG.BSE_IDX,01/07/2025,11:36:19,72738.91,0,0,0,0,0,0
BSE CG.BSE_IDX,01/07/2025,11:36:28,72741.35,0,0,0,0,0,0
BSE CG.BSE_IDX,01/07/2025,11:36:35,72718.4,0,0,0,0,0,0
BSE CG.BSE_IDX,01/07/2025,11:36:43,72726.04,0,0,0,0,0,0
BSE CG.BSE_IDX,01/07/2025,11:36:54,72725.31,0,0,0,0,0,0
BSE CG.BSE_IDX,01/07/2025,11:36:59,72711.28,0,0,0,0,0,0
BSE CG.BSE_IDX,01/07/2025,11:37:07,72699.93,0,0,0,0,0,0
BSE CG.BSE_IDX,01/07/2025,11:37:15,72703.48,0,0,0,0,0,0
BSE CG.BSE_IDX,01/07/2025,11:37:23,72697.29,0,0,0,0,0,0
BSE CG.BSE_IDX,01/07/2025,11:37:31,72698.57,0,0,0,0,0,0
BSE CG.BSE_IDX,01/07/2025,11:37:41,72695.39,0,0,0,0,0,0
BSE CG.BSE_IDX,01/07/2025,11:37:47,72707.96,0,0,0,0,0,0
BSE CG.BSE_IDX,01/07/2025,11:37:55,72694.93,0,0,0,0,0,0
BSE CG.BSE_IDX,01/07/2025,11:38:03,72700.97,0,0,0,0,0,0
BSE CG.BSE_IDX,01/07/2025,11:38:11,72688.62,0,0,0,0,0,0
BSE CG.BSE_IDX,01/07/2025,11:38:20,72686.87,0,0,0,0,0,0
BSE CG.BSE_IDX,01/07/2025,11:38:27,72691.49,0,0,0,0,0,0
BSE CG.BSE_IDX,01/07/2025,11:38:35,72688.37,0,0,0,0,0,0
BSE CG.BSE_IDX,01/07/2025,11:38:43,72695.15,0,0,0,0,0,0
BSE CG.BSE_IDX,01/07/2025,11:38:51,72693.06,0,0,0,0,0,0
BSE CG.BSE_IDX,01/07/2025,11:38:59,72685.73,0,0,0,0,0,0
BSE CG.BSE_IDX,01/07/2025,11:39:07,72697.97,0,0,0,0,0,0
BSE CG.BSE_IDX,01/07/2025,11:39:16,72701.78,0,0,0,0,0,0
BSE CG.BSE_IDX,01/07/2025,11:39:23,72699.26,0,0,0,0,0,0
BSE CG.BSE_IDX,01/07/2025,11:39:31,72701.6,0,0,0,0,0,0
BSE CG.BSE_IDX,01/07/2025,11:39:39,72681.94,0,0,0,0,0,0
BSE CG.BSE_IDX,01/07/2025,11:39:47,72680.42,0,0,0,0,0,0
BSE CG.BSE_IDX,01/07/2025,11:39:55,72673.47,0,0,0,0,0,0
BSE CG.BSE_IDX,01/07/2025,11:40:03,72678.92,0,0,0,0,0,0
BSE CG.BSE_IDX,01/07/2025,11:40:11,72693.14,0,0,0,0,0,0
BSE CG.BSE_IDX,01/07/2025,11:40:19,72695.17,0,0,0,0,0,0
BSE CG.BSE_IDX,01/07/2025,11:40:27,72689.28,0,0,0,0,0,0
BSE CG.BSE_IDX,01/07/2025,11:40:35,72691.29,0,0,0,0,0,0
BSE CG.BSE_IDX,01/07/2025,11:40:43,72693.77,0,0,0,0,0,0
BSE CG.BSE_IDX,01/07/2025,11:40:51,72693.8,0,0,0,0,0,0
BSE CG.BSE_IDX,01/07/2025,11:41:00,72688.5,0,0,0,0,0,0
BSE CG.BSE_IDX,01/07/2025,11:41:07,72695.34,0,0,0,0,0,0
BSE CG.BSE_IDX,01/07/2025,11:41:15,72685.22,0,0,0,0,0,0
BSE CG.BSE_IDX,01/07/2025,11:41:24,72686.5,0,0,0,0,0,0
BSE CG.BSE_IDX,01/07/2025,11:41:32,72685.76,0,0,0,0,0,0
BSE CG.BSE_IDX,01/07/2025,11:41:39,72688.82,0,0,0,0,0,0
BSE CG.BSE_IDX,01/07/2025,11:41:48,72689.57,0,0,0,0,0,0
BSE CG.BSE_IDX,01/07/2025,11:41:56,72685.54,0,0,0,0,0,0
BSE CG.BSE_IDX,01/07/2025,11:42:04,72686.77,0,0,0,0,0,0
BSE CG.BSE_IDX,01/07/2025,11:42:12,72695.06,0,0,0,0,0,0
BSE CG.BSE_IDX,01/07/2025,11:42:20,72688.58,0,0,0,0,0,0
BSE CG.BSE_IDX,01/07/2025,11:42:28,72691.9,0,0,0,0,0,0
BSE CG.BSE_IDX,01/07/2025,11:42:36,72688.87,0,0,0,0,0,0
BSE CG.BSE_IDX,01/07/2025,11:42:44,72692.17,0,0,0,0,0,0
BSE CG.BSE_IDX,01/07/2025,11:42:52,72699.88,0,0,0,0,0,0
BSE CG.BSE_IDX,01/07/2025,11:43:00,72689.3,0,0,0,0,0,0
BSE CG.BSE_IDX,01/07/2025,11:43:08,72691.48,0,0,0,0,0,0
BSE CG.BSE_IDX,01/07/2025,11:43:16,72690.36,0,0,0,0,0,0
BSE CG.BSE_IDX,01/07/2025,11:43:24,72680.29,0,0,0,0,0,0
BSE CG.BSE_IDX,01/07/2025,11:43:32,72685.38,0,0,0,0,0,0
BSE CG.BSE_IDX,01/07/2025,11:43:40,72696.78,0,0,0,0,0,0
BSE CG.BSE_IDX,01/07/2025,11:43:48,72690.5,0,0,0,0,0,0
BSE CG.BSE_IDX,01/07/2025,11:43:56,72693.56,0,0,0,0,0,0
BSE CG.BSE_IDX,01/07/2025,11:44:04,72698.93,0,0,0,0,0,0
BSE CG.BSE_IDX,01/07/2025,11:44:12,72687.22,0,0,0,0,0,0
BSE CG.BSE_IDX,01/07/2025,11:44:20,72687.47,0,0,0,0,0,0
BSE CG.BSE_IDX,01/07/2025,11:44:28,72688.16,0,0,0,0,0,0
BSE CG.BSE_IDX,01/07/2025,11:44:36,72681.31,0,0,0,0,0,0
BSE CG.BSE_IDX,01/07/2025,11:44:44,72686.38,0,0,0,0,0,0
BSE CG.BSE_IDX,01/07/2025,11:44:52,72689.78,0,0,0,0,0,0
BSE CG.BSE_IDX,01/07/2025,11:45:00,72688.1,0,0,0,0,0,0
BSE CG.BSE_IDX,01/07/2025,11:45:08,72687.82,0,0,0,0,0,0
BSE CG.BSE_IDX,01/07/2025,11:45:16,72686.63,0,0,0,0,0,0
BSE CG.BSE_IDX,01/07/2025,11:45:24,72695.38,0,0,0,0,0,0
BSE CG.BSE_IDX,01/07/2025,11:45:32,72694.2,0,0,0,0,0,0
BSE CG.BSE_IDX,01/07/2025,11:45:40,72692.13,0,0,0,0,0,0
BSE CG.BSE_IDX,01/07/2025,11:45:48,72691.34,0,0,0,0,0,0
BSE CG.BSE_IDX,01/07/2025,11:45:56,72688.96,0,0,0,0,0,0
BSE CG.BSE_IDX,01/07/2025,11:46:04,72693.22,0,0,0,0,0,0
BSE CG.BSE_IDX,01/07/2025,11:46:12,72690.18,0,0,0,0,0,0
BSE CG.BSE_IDX,01/07/2025,11:46:20,72692.57,0,0,0,0,0,0
BSE CG.BSE_IDX,01/07/2025,11:46:28,72687.79,0,0,0,0,0,0
BSE CG.BSE_IDX,01/07/2025,11:46:36,72697.45,0,0,0,0,0,0
BSE CG.BSE_IDX,01/07/2025,11:46:44,72692.97,0,0,0,0,0,0
BSE CG.BSE_IDX,01/07/2025,11:46:52,72689.28,0,0,0,0,0,0
BSE CG.BSE_IDX,01/07/2025,11:47:00,72686.6,0,0,0,0,0,0
BSE CG.BSE_IDX,01/07/2025,11:47:08,72675.36,0,0,0,0,0,0
BSE CG.BSE_IDX,01/07/2025,11:47:16,72674.94,0,0,0,0,0,0
BSE CG.BSE_IDX,01/07/2025,11:47:24,72674.53,0,0,0,0,0,0
BSE CG.BSE_IDX,01/07/2025,11:47:32,72670.86,0,0,0,0,0,0
BSE CG.BSE_IDX,01/07/2025,11:47:40,72672.96,0,0,0,0,0,0
BSE CG.BSE_IDX,01/07/2025,11:47:48,72674.01,0,0,0,0,0,0
BSE CG.BSE_IDX,01/07/2025,11:47:56,72676.23,0,0,0,0,0,0
BSE CG.BSE_IDX,01/07/2025,11:48:04,72671.01,0,0,0,0,0,0
BSE CG.BSE_IDX,01/07/2025,11:48:12,72666.68,0,0,0,0,0,0
BSE CG.BSE_IDX,01/07/2025,11:48:20,72665.8,0,0,0,0,0,0
BSE CG.BSE_IDX,01/07/2025,11:48:28,72669.08,0,0,0,0,0,0
BSE CG.BSE_IDX,01/07/2025,11:48:36,72661.25,0,0,0,0,0,0
BSE CG.BSE_IDX,01/07/2025,11:48:44,72666.09,0,0,0,0,0,0
BSE CG.BSE_IDX,01/07/2025,11:48:52,72665.91,0,0,0,0,0,0
BSE CG.BSE_IDX,01/07/2025,11:49:01,72663.77,0,0,0,0,0,0
BSE CG.BSE_IDX,01/07/2025,11:49:09,72666.17,0,0,0,0,0,0
BSE CG.BSE_IDX,01/07/2025,11:49:16,72655.24,0,0,0,0,0,0
BSE CG.BSE_IDX,01/07/2025,11:49:24,72646.1,0,0,0,0,0,0
BSE CG.BSE_IDX,01/07/2025,11:49:32,72640.97,0,0,0,0,0,0
BSE CG.BSE_IDX,01/07/2025,11:49:40,72636.82,0,0,0,0,0,0
BSE CG.BSE_IDX,01/07/2025,11:49:49,72635.48,0,0,0,0,0,0
BSE CG.BSE_IDX,01/07/2025,11:49:56,72635.94,0,0,0,0,0,0
BSE CG.BSE_IDX,01/07/2025,11:50:04,72617.24,0,0,0,0,0,0
BSE CG.BSE_IDX,01/07/2025,11:50:12,72591.49,0,0,0,0,0,0
BSE CG.BSE_IDX,01/07/2025,11:50:20,72599.36,0,0,0,0,0,0
BSE CG.BSE_IDX,01/07/2025,11:50:28,72593.06,0,0,0,0,0,0
BSE CG.BSE_IDX,01/07/2025,11:50:36,72594.76,0,0,0,0,0,0
BSE CG.BSE_IDX,01/07/2025,11:50:44,72588.38,0,0,0,0,0,0
BSE CG.BSE_IDX,01/07/2025,11:50:52,72586.27,0,0,0,0,0,0
BSE CG.BSE_IDX,01/07/2025,11:51:00,72587.5,0,0,0,0,0,0
BSE CG.BSE_IDX,01/07/2025,11:51:08,72592.32,0,0,0,0,0,0
BSE CG.BSE_IDX,01/07/2025,11:51:16,72586.66,0,0,0,0,0,0
BSE CG.BSE_IDX,01/07/2025,11:51:24,72576.77,0,0,0,0,0,0
BSE CG.BSE_IDX,01/07/2025,11:51:32,72591.3,0,0,0,0,0,0
BSE CG.BSE_IDX,01/07/2025,11:51:40,72584.18,0,0,0,0,0,0
BSE CG.BSE_IDX,01/07/2025,11:51:48,72592.1,0,0,0,0,0,0
BSE CG.BSE_IDX,01/07/2025,11:51:56,72593.02,0,0,0,0,0,0
BSE CG.BSE_IDX,01/07/2025,11:52:04,72588.65,0,0,0,0,0,0
BSE CG.BSE_IDX,01/07/2025,11:52:12,72586.95,0,0,0,0,0,0
BSE CG.BSE_IDX,01/07/2025,11:52:20,72573.52,0,0,0,0,0,0
BSE CG.BSE_IDX,01/07/2025,11:52:28,72579.22,0,0,0,0,0,0
BSE CG.BSE_IDX,01/07/2025,11:52:36,72577.04,0,0,0,0,0,0
BSE CG.BSE_IDX,01/07/2025,11:52:44,72575.48,0,0,0,0,0,0
BSE CG.BSE_IDX,01/07/2025,11:52:52,72571.25,0,0,0,0,0,0
BSE CG.BSE_IDX,01/07/2025,11:53:00,72560.51,0,0,0,0,0,0
BSE CG.BSE_IDX,01/07/2025,11:53:08,72552.26,0,0,0,0,0,0
BSE CG.BSE_IDX,01/07/2025,11:53:16,72548.87,0,0,0,0,0,0
BSE CG.BSE_IDX,01/07/2025,11:53:24,72548.26,0,0,0,0,0,0
BSE CG.BSE_IDX,01/07/2025,11:53:32,72555.96,0,0,0,0,0,0
BSE CG.BSE_IDX,01/07/2025,11:53:40,72554.74,0,0,0,0,0,0
BSE CG.BSE_IDX,01/07/2025,11:53:48,72556.24,0,0,0,0,0,0
BSE CG.BSE_IDX,01/07/2025,11:53:56,72550.74,0,0,0,0,0,0
BSE CG.BSE_IDX,01/07/2025,11:54:04,72532.44,0,0,0,0,0,0
BSE CG.BSE_IDX,01/07/2025,11:54:12,72518.96,0,0,0,0,0,0
BSE CG.BSE_IDX,01/07/2025,11:54:20,72519.74,0,0,0,0,0,0
BSE CG.BSE_IDX,01/07/2025,11:54:28,72505.66,0,0,0,0,0,0
BSE CG.BSE_IDX,01/07/2025,11:54:36,72502.86,0,0,0,0,0,0
BSE CG.BSE_IDX,01/07/2025,11:54:44,72502.4,0,0,0,0,0,0
BSE CG.BSE_IDX,01/07/2025,11:54:52,72510.02,0,0,0,0,0,0
BSE CG.BSE_IDX,01/07/2025,11:55:00,72507.21,0,0,0,0,0,0
BSE CG.BSE_IDX,01/07/2025,11:55:08,72509.81,0,0,0,0,0,0
BSE CG.BSE_IDX,01/07/2025,11:55:17,72510.27,0,0,0,0,0,0
BSE CG.BSE_IDX,01/07/2025,11:55:24,72513.56,0,0,0,0,0,0
BSE CG.BSE_IDX,01/07/2025,11:55:32,72505.84,0,0,0,0,0,0
BSE CG.BSE_IDX,01/07/2025,11:55:40,72526.87,0,0,0,0,0,0
BSE CG.BSE_IDX,01/07/2025,11:55:48,72535.05,0,0,0,0,0,0
BSE CG.BSE_IDX,01/07/2025,11:55:56,72514.51,0,0,0,0,0,0
BSE CG.BSE_IDX,01/07/2025,11:56:05,72526.09,0,0,0,0,0,0
BSE CG.BSE_IDX,01/07/2025,11:56:12,72526.53,0,0,0,0,0,0
BSE CG.BSE_IDX,01/07/2025,11:56:20,72513,0,0,0,0,0,0
BSE CG.BSE_IDX,01/07/2025,11:56:28,72505.7,0,0,0,0,0,0
BSE CG.BSE_IDX,01/07/2025,11:56:36,72503.77,0,0,0,0,0,0
BSE CG.BSE_IDX,01/07/2025,11:56:44,72501.03,0,0,0,0,0,0
BSE CG.BSE_IDX,01/07/2025,11:56:52,72500.06,0,0,0,0,0,0
BSE CG.BSE_IDX,01/07/2025,11:57:00,72507.58,0,0,0,0,0,0
BSE CG.BSE_IDX,01/07/2025,11:57:08,72492.96,0,0,0,0,0,0
BSE CG.BSE_IDX,01/07/2025,11:57:16,72493.04,0,0,0,0,0,0
BSE CG.BSE_IDX,01/07/2025,11:57:24,72495.49,0,0,0,0,0,0
BSE CG.BSE_IDX,01/07/2025,11:57:32,72500.21,0,0,0,0,0,0
BSE CG.BSE_IDX,01/07/2025,11:57:40,72488.02,0,0,0,0,0,0
BSE CG.BSE_IDX,01/07/2025,11:57:48,72496.66,0,0,0,0,0,0
BSE CG.BSE_IDX,01/07/2025,11:57:56,72495.31,0,0,0,0,0,0
BSE CG.BSE_IDX,01/07/2025,11:58:04,72490,0,0,0,0,0,0
BSE CG.BSE_IDX,01/07/2025,11:58:12,72498.63,0,0,0,0,0,0
BSE CG.BSE_IDX,01/07/2025,11:58:20,72493.84,0,0,0,0,0,0
BSE CG.BSE_IDX,01/07/2025,11:58:28,72501.07,0,0,0,0,0,0
BSE CG.BSE_IDX,01/07/2025,11:58:36,72500.83,0,0,0,0,0,0
BSE CG.BSE_IDX,01/07/2025,11:58:44,72506.4,0,0,0,0,0,0
BSE CG.BSE_IDX,01/07/2025,11:58:52,72519.84,0,0,0,0,0,0
BSE CG.BSE_IDX,01/07/2025,11:59:00,72521.09,0,0,0,0,0,0
BSE CG.BSE_IDX,01/07/2025,11:59:08,72521.38,0,0,0,0,0,0
BSE CG.BSE_IDX,01/07/2025,11:59:16,72527.81,0,0,0,0,0,0
BSE CG.BSE_IDX,01/07/2025,11:59:24,72532.44,0,0,0,0,0,0
BSE CG.BSE_IDX,01/07/2025,11:59:32,72547.29,0,0,0,0,0,0
BSE CG.BSE_IDX,01/07/2025,11:59:40,72549.52,0,0,0,0,0,0
BSE CG.BSE_IDX,01/07/2025,11:59:48,72549.47,0,0,0,0,0,0
BSE CG.BSE_IDX,01/07/2025,11:59:56,72548.82,0,0,0,0,0,0
BSE CG.BSE_IDX,01/07/2025,12:00:05,72545.32,0,0,0,0,0,0
BSE CG.BSE_IDX,01/07/2025,12:00:12,72540.4,0,0,0,0,0,0
BSE CG.BSE_IDX,01/07/2025,12:00:20,72538.23,0,0,0,0,0,0
BSE CG.BSE_IDX,01/07/2025,12:00:28,72535.02,0,0,0,0,0,0
BSE CG.BSE_IDX,01/07/2025,12:00:37,72528.23,0,0,0,0,0,0
BSE CG.BSE_IDX,01/07/2025,12:00:44,72523.85,0,0,0,0,0,0
BSE CG.BSE_IDX,01/07/2025,12:00:52,72525.1,0,0,0,0,0,0
BSE CG.BSE_IDX,01/07/2025,12:01:00,72521.05,0,0,0,0,0,0
BSE CG.BSE_IDX,01/07/2025,12:01:08,72518.25,0,0,0,0,0,0
BSE CG.BSE_IDX,01/07/2025,12:01:16,72520.58,0,0,0,0,0,0
BSE CG.BSE_IDX,01/07/2025,12:01:24,72517.78,0,0,0,0,0,0
BSE CG.BSE_IDX,01/07/2025,12:01:32,72525.18,0,0,0,0,0,0
BSE CG.BSE_IDX,01/07/2025,12:01:40,72520.77,0,0,0,0,0,0
BSE CG.BSE_IDX,01/07/2025,12:01:48,72524.15,0,0,0,0,0,0
BSE CG.BSE_IDX,01/07/2025,12:01:57,72509.55,0,0,0,0,0,0
BSE CG.BSE_IDX,01/07/2025,12:02:04,72514.04,0,0,0,0,0,0
BSE CG.BSE_IDX,01/07/2025,12:02:12,72516.52,0,0,0,0,0,0
BSE CG.BSE_IDX,01/07/2025,12:02:20,72508.6,0,0,0,0,0,0
BSE CG.BSE_IDX,01/07/2025,12:02:28,72510.07,0,0,0,0,0,0
BSE CG.BSE_IDX,01/07/2025,12:02:36,72520.41,0,0,0,0,0,0
BSE CG.BSE_IDX,01/07/2025,12:02:44,72512.01,0,0,0,0,0,0
BSE CG.BSE_IDX,01/07/2025,12:02:52,72518.31,0,0,0,0,0,0
BSE CG.BSE_IDX,01/07/2025,12:03:00,72510.56,0,0,0,0,0,0
BSE CG.BSE_IDX,01/07/2025,12:03:08,72506.07,0,0,0,0,0,0
BSE CG.BSE_IDX,01/07/2025,12:03:17,72501.54,0,0,0,0,0,0
BSE CG.BSE_IDX,01/07/2025,12:03:24,72501.32,0,0,0,0,0,0
BSE CG.BSE_IDX,01/07/2025,12:03:32,72504.46,0,0,0,0,0,0
BSE CG.BSE_IDX,01/07/2025,12:03:40,72505.87,0,0,0,0,0,0
BSE CG.BSE_IDX,01/07/2025,12:03:48,72500.45,0,0,0,0,0,0
BSE CG.BSE_IDX,01/07/2025,12:03:56,72493.75,0,0,0,0,0,0
BSE CG.BSE_IDX,01/07/2025,12:04:04,72499.29,0,0,0,0,0,0
BSE CG.BSE_IDX,01/07/2025,12:04:12,72491.62,0,0,0,0,0,0
BSE CG.BSE_IDX,01/07/2025,12:04:20,72489.07,0,0,0,0,0,0
BSE CG.BSE_IDX,01/07/2025,12:04:28,72495.53,0,0,0,0,0,0
BSE CG.BSE_IDX,01/07/2025,12:04:36,72497.15,0,0,0,0,0,0
BSE CG.BSE_IDX,01/07/2025,12:04:44,72504.01,0,0,0,0,0,0
BSE CG.BSE_IDX,01/07/2025,12:04:52,72498.19,0,0,0,0,0,0
BSE CG.BSE_IDX,01/07/2025,12:05:01,72502.51,0,0,0,0,0,0
BSE CG.BSE_IDX,01/07/2025,12:05:08,72499.72,0,0,0,0,0,0
BSE CG.BSE_IDX,01/07/2025,12:05:16,72497.88,0,0,0,0,0,0
BSE CG.BSE_IDX,01/07/2025,12:05:24,72499.39,0,0,0,0,0,0
BSE CG.BSE_IDX,01/07/2025,12:05:32,72505.81,0,0,0,0,0,0
BSE CG.BSE_IDX,01/07/2025,12:05:40,72502.96,0,0,0,0,0,0
BSE CG.BSE_IDX,01/07/2025,12:05:48,72504.85,0,0,0,0,0,0
BSE CG.BSE_IDX,01/07/2025,12:05:56,72506,0,0,0,0,0,0
BSE CG.BSE_IDX,01/07/2025,12:06:04,72505.42,0,0,0,0,0,0
BSE CG.BSE_IDX,01/07/2025,12:06:12,72508,0,0,0,0,0,0
BSE CG.BSE_IDX,01/07/2025,12:06:20,72507.17,0,0,0,0,0,0
BSE CG.BSE_IDX,01/07/2025,12:06:28,72500.96,0,0,0,0,0,0
BSE CG.BSE_IDX,01/07/2025,12:06:36,72508.03,0,0,0,0,0,0
BSE CG.BSE_IDX,01/07/2025,12:06:44,72500.24,0,0,0,0,0,0
BSE CG.BSE_IDX,01/07/2025,12:06:53,72509.12,0,0,0,0,0,0
BSE CG.BSE_IDX,01/07/2025,12:07:00,72507.5,0,0,0,0,0,0
BSE CG.BSE_IDX,01/07/2025,12:07:08,72508.34,0,0,0,0,0,0
BSE CG.BSE_IDX,01/07/2025,12:07:16,72508.82,0,0,0,0,0,0
BSE CG.BSE_IDX,01/07/2025,12:07:24,72505.48,0,0,0,0,0,0
BSE CG.BSE_IDX,01/07/2025,12:07:32,72513.94,0,0,0,0,0,0
BSE CG.BSE_IDX,01/07/2025,12:07:40,72509.24,0,0,0,0,0,0
BSE CG.BSE_IDX,01/07/2025,12:07:48,72501.78,0,0,0,0,0,0
BSE CG.BSE_IDX,01/07/2025,12:07:56,72500.49,0,0,0,0,0,0
BSE CG.BSE_IDX,01/07/2025,12:08:04,72504.59,0,0,0,0,0,0
BSE CG.BSE_IDX,01/07/2025,12:08:12,72502.7,0,0,0,0,0,0
BSE CG.BSE_IDX,01/07/2025,12:08:20,72490.22,0,0,0,0,0,0
BSE CG.BSE_IDX,01/07/2025,12:08:28,72504.08,0,0,0,0,0,0
BSE CG.BSE_IDX,01/07/2025,12:08:36,72502,0,0,0,0,0,0
BSE CG.BSE_IDX,01/07/2025,12:08:44,72500.99,0,0,0,0,0,0
BSE CG.BSE_IDX,01/07/2025,12:08:52,72504.59,0,0,0,0,0,0
BSE CG.BSE_IDX,01/07/2025,12:09:00,72498.72,0,0,0,0,0,0
BSE CG.BSE_IDX,01/07/2025,12:09:08,72498.39,0,0,0,0,0,0
BSE CG.BSE_IDX,01/07/2025,12:09:16,72499.98,0,0,0,0,0,0
BSE CG.BSE_IDX,01/07/2025,12:09:25,72482.36,0,0,0,0,0,0
BSE CG.BSE_IDX,01/07/2025,12:09:32,72493.8,0,0,0,0,0,0
BSE CG.BSE_IDX,01/07/2025,12:09:40,72495.12,0,0,0,0,0,0
BSE CG.BSE_IDX,01/07/2025,12:09:48,72491.71,0,0,0,0,0,0
BSE CG.BSE_IDX,01/07/2025,12:09:57,72493.49,0,0,0,0,0,0
BSE CG.BSE_IDX,01/07/2025,12:10:05,72490.86,0,0,0,0,0,0
BSE CG.BSE_IDX,01/07/2025,12:10:13,72496.35,0,0,0,0,0,0
BSE CG.BSE_IDX,01/07/2025,12:10:22,72503.58,0,0,0,0,0,0
BSE CG.BSE_IDX,01/07/2025,12:10:28,72511.03,0,0,0,0,0,0
BSE CG.BSE_IDX,01/07/2025,12:10:36,72502.39,0,0,0,0,0,0
BSE CG.BSE_IDX,01/07/2025,12:10:45,72501.86,0,0,0,0,0,0
BSE CG.BSE_IDX,01/07/2025,12:10:52,72506.06,0,0,0,0,0,0
BSE CG.BSE_IDX,01/07/2025,12:11:00,72509.57,0,0,0,0,0,0
BSE CG.BSE_IDX,01/07/2025,12:11:08,72508.75,0,0,0,0,0,0
BSE CG.BSE_IDX,01/07/2025,12:11:17,72508.52,0,0,0,0,0,0
BSE CG.BSE_IDX,01/07/2025,12:11:24,72514.62,0,0,0,0,0,0
BSE CG.BSE_IDX,01/07/2025,12:11:32,72514.73,0,0,0,0,0,0
BSE CG.BSE_IDX,01/07/2025,12:11:40,72523.16,0,0,0,0,0,0
BSE CG.BSE_IDX,01/07/2025,12:11:49,72519.79,0,0,0,0,0,0
BSE CG.BSE_IDX,01/07/2025,12:11:57,72530.14,0,0,0,0,0,0
BSE CG.BSE_IDX,01/07/2025,12:12:05,72534.98,0,0,0,0,0,0
BSE CG.BSE_IDX,01/07/2025,12:12:13,72531.69,0,0,0,0,0,0
BSE CG.BSE_IDX,01/07/2025,12:12:21,72525.72,0,0,0,0,0,0
BSE CG.BSE_IDX,01/07/2025,12:12:29,72538.69,0,0,0,0,0,0
BSE CG.BSE_IDX,01/07/2025,12:12:37,72539.63,0,0,0,0,0,0
BSE CG.BSE_IDX,01/07/2025,12:12:45,72530.87,0,0,0,0,0,0
BSE CG.BSE_IDX,01/07/2025,12:12:53,72533.56,0,0,0,0,0,0
BSE CG.BSE_IDX,01/07/2025,12:13:01,72531.15,0,0,0,0,0,0
BSE CG.BSE_IDX,01/07/2025,12:13:09,72524.68,0,0,0,0,0,0
BSE CG.BSE_IDX,01/07/2025,12:13:17,72522.2,0,0,0,0,0,0
BSE CG.BSE_IDX,01/07/2025,12:13:25,72525.06,0,0,0,0,0,0
BSE CG.BSE_IDX,01/07/2025,12:13:33,72530.36,0,0,0,0,0,0
BSE CG.BSE_IDX,01/07/2025,12:13:41,72537.01,0,0,0,0,0,0
BSE CG.BSE_IDX,01/07/2025,12:13:49,72535.26,0,0,0,0,0,0
BSE CG.BSE_IDX,01/07/2025,12:13:57,72535.1,0,0,0,0,0,0
BSE CG.BSE_IDX,01/07/2025,12:14:05,72530.31,0,0,0,0,0,0
BSE CG.BSE_IDX,01/07/2025,12:14:13,72526.77,0,0,0,0,0,0
BSE CG.BSE_IDX,01/07/2025,12:14:21,72530.91,0,0,0,0,0,0
BSE CG.BSE_IDX,01/07/2025,12:14:29,72523.62,0,0,0,0,0,0
BSE CG.BSE_IDX,01/07/2025,12:14:37,72527.47,0,0,0,0,0,0
BSE CG.BSE_IDX,01/07/2025,12:14:46,72524.23,0,0,0,0,0,0
BSE CG.BSE_IDX,01/07/2025,12:14:54,72515.91,0,0,0,0,0,0
BSE CG.BSE_IDX,01/07/2025,12:15:01,72519.33,0,0,0,0,0,0
BSE CG.BSE_IDX,01/07/2025,12:15:09,72517.18,0,0,0,0,0,0
BSE CG.BSE_IDX,01/07/2025,12:15:17,72531.25,0,0,0,0,0,0
BSE CG.BSE_IDX,01/07/2025,12:15:25,72528.01,0,0,0,0,0,0
BSE CG.BSE_IDX,01/07/2025,12:15:33,72529.53,0,0,0,0,0,0
BSE CG.BSE_IDX,01/07/2025,12:15:41,72530.18,0,0,0,0,0,0
BSE CG.BSE_IDX,01/07/2025,12:15:49,72528.98,0,0,0,0,0,0
BSE CG.BSE_IDX,01/07/2025,12:15:57,72527.05,0,0,0,0,0,0
BSE CG.BSE_IDX,01/07/2025,12:16:05,72525.98,0,0,0,0,0,0
BSE CG.BSE_IDX,01/07/2025,12:16:13,72535.68,0,0,0,0,0,0
BSE CG.BSE_IDX,01/07/2025,12:16:21,72533.08,0,0,0,0,0,0
BSE CG.BSE_IDX,01/07/2025,12:16:29,72538.23,0,0,0,0,0,0
BSE CG.BSE_IDX,01/07/2025,12:16:37,72536.81,0,0,0,0,0,0
BSE CG.BSE_IDX,01/07/2025,12:16:45,72532.72,0,0,0,0,0,0
BSE CG.BSE_IDX,01/07/2025,12:16:53,72535.08,0,0,0,0,0,0
BSE CG.BSE_IDX,01/07/2025,12:17:01,72540.54,0,0,0,0,0,0
BSE CG.BSE_IDX,01/07/2025,12:17:09,72528.3,0,0,0,0,0,0
BSE CG.BSE_IDX,01/07/2025,12:17:17,72541.93,0,0,0,0,0,0
BSE CG.BSE_IDX,01/07/2025,12:17:25,72537.17,0,0,0,0,0,0
BSE CG.BSE_IDX,01/07/2025,12:17:33,72536.13,0,0,0,0,0,0
BSE CG.BSE_IDX,01/07/2025,12:17:41,72540.4,0,0,0,0,0,0
BSE CG.BSE_IDX,01/07/2025,12:17:49,72535.61,0,0,0,0,0,0
BSE CG.BSE_IDX,01/07/2025,12:17:57,72536.33,0,0,0,0,0,0
BSE CG.BSE_IDX,01/07/2025,12:18:05,72540.35,0,0,0,0,0,0
BSE CG.BSE_IDX,01/07/2025,12:18:13,72551.1,0,0,0,0,0,0
BSE CG.BSE_IDX,01/07/2025,12:18:21,72554.74,0,0,0,0,0,0
BSE CG.BSE_IDX,01/07/2025,12:18:29,72556.13,0,0,0,0,0,0
BSE CG.BSE_IDX,01/07/2025,12:18:37,72561.06,0,0,0,0,0,0
BSE CG.BSE_IDX,01/07/2025,12:18:45,72559.37,0,0,0,0,0,0
BSE CG.BSE_IDX,01/07/2025,12:18:53,72559.16,0,0,0,0,0,0
BSE CG.BSE_IDX,01/07/2025,12:19:01,72568.65,0,0,0,0,0,0
BSE CG.BSE_IDX,01/07/2025,12:19:09,72566.59,0,0,0,0,0,0
BSE CG.BSE_IDX,01/07/2025,12:19:17,72562.64,0,0,0,0,0,0
BSE CG.BSE_IDX,01/07/2025,12:19:25,72571.7,0,0,0,0,0,0
BSE CG.BSE_IDX,01/07/2025,12:19:33,72572.58,0,0,0,0,0,0
BSE CG.BSE_IDX,01/07/2025,12:19:41,72585.04,0,0,0,0,0,0
BSE CG.BSE_IDX,01/07/2025,12:19:49,72588.49,0,0,0,0,0,0
BSE CG.BSE_IDX,01/07/2025,12:19:57,72580.44,0,0,0,0,0,0
BSE CG.BSE_IDX,01/07/2025,12:20:05,72575.5,0,0,0,0,0,0
BSE CG.BSE_IDX,01/07/2025,12:20:13,72575.15,0,0,0,0,0,0
BSE CG.BSE_IDX,01/07/2025,12:20:21,72583.52,0,0,0,0,0,0
BSE CG.BSE_IDX,01/07/2025,12:20:29,72585.83,0,0,0,0,0,0
BSE CG.BSE_IDX,01/07/2025,12:20:37,72582.26,0,0,0,0,0,0
BSE CG.BSE_IDX,01/07/2025,12:20:45,72586.29,0,0,0,0,0,0
BSE CG.BSE_IDX,01/07/2025,12:20:53,72585.57,0,0,0,0,0,0
BSE CG.BSE_IDX,01/07/2025,12:21:01,72582.67,0,0,0,0,0,0
BSE CG.BSE_IDX,01/07/2025,12:21:09,72581.19,0,0,0,0,0,0
BSE CG.BSE_IDX,01/07/2025,12:21:17,72577.43,0,0,0,0,0,0
BSE CG.BSE_IDX,01/07/2025,12:21:25,72575.54,0,0,0,0,0,0
BSE CG.BSE_IDX,01/07/2025,12:21:33,72583.13,0,0,0,0,0,0
BSE CG.BSE_IDX,01/07/2025,12:21:41,72591.48,0,0,0,0,0,0
BSE CG.BSE_IDX,01/07/2025,12:21:49,72596.54,0,0,0,0,0,0
BSE CG.BSE_IDX,01/07/2025,12:21:57,72599.71,0,0,0,0,0,0
BSE CG.BSE_IDX,01/07/2025,12:22:05,72603.65,0,0,0,0,0,0
BSE CG.BSE_IDX,01/07/2025,12:22:13,72599.92,0,0,0,0,0,0
BSE CG.BSE_IDX,01/07/2025,12:22:21,72602.51,0,0,0,0,0,0
BSE CG.BSE_IDX,01/07/2025,12:22:29,72613.44,0,0,0,0,0,0
BSE CG.BSE_IDX,01/07/2025,12:22:37,72608.55,0,0,0,0,0,0
BSE CG.BSE_IDX,01/07/2025,12:22:45,72616.39,0,0,0,0,0,0
BSE CG.BSE_IDX,01/07/2025,12:22:53,72621.17,0,0,0,0,0,0
BSE CG.BSE_IDX,01/07/2025,12:23:02,72616.92,0,0,0,0,0,0
BSE CG.BSE_IDX,01/07/2025,12:23:09,72620.13,0,0,0,0,0,0
BSE CG.BSE_IDX,01/07/2025,12:23:17,72620.66,0,0,0,0,0,0
BSE CG.BSE_IDX,01/07/2025,12:23:25,72622.34,0,0,0,0,0,0
BSE CG.BSE_IDX,01/07/2025,12:23:33,72623.72,0,0,0,0,0,0
BSE CG.BSE_IDX,01/07/2025,12:23:41,72622.79,0,0,0,0,0,0
BSE CG.BSE_IDX,01/07/2025,12:23:49,72622.42,0,0,0,0,0,0
BSE CG.BSE_IDX,01/07/2025,12:23:57,72620.35,0,0,0,0,0,0
BSE CG.BSE_IDX,01/07/2025,12:24:05,72631.03,0,0,0,0,0,0
BSE CG.BSE_IDX,01/07/2025,12:24:13,72636.54,0,0,0,0,0,0
BSE CG.BSE_IDX,01/07/2025,12:24:21,72632.7,0,0,0,0,0,0
BSE CG.BSE_IDX,01/07/2025,12:24:29,72636,0,0,0,0,0,0
BSE CG.BSE_IDX,01/07/2025,12:24:37,72632.53,0,0,0,0,0,0
BSE CG.BSE_IDX,01/07/2025,12:24:45,72643.01,0,0,0,0,0,0
BSE CG.BSE_IDX,01/07/2025,12:24:53,72645.33,0,0,0,0,0,0
BSE CG.BSE_IDX,01/07/2025,12:25:01,72642.55,0,0,0,0,0,0
BSE CG.BSE_IDX,01/07/2025,12:25:09,72642.19,0,0,0,0,0,0
BSE CG.BSE_IDX,01/07/2025,12:25:17,72638.18,0,0,0,0,0,0
BSE CG.BSE_IDX,01/07/2025,12:25:25,72648.2,0,0,0,0,0,0
BSE CG.BSE_IDX,01/07/2025,12:25:33,72654.85,0,0,0,0,0,0
BSE CG.BSE_IDX,01/07/2025,12:25:41,72652.47,0,0,0,0,0,0
BSE CG.BSE_IDX,01/07/2025,12:25:49,72656.58,0,0,0,0,0,0
BSE CG.BSE_IDX,01/07/2025,12:25:57,72660.91,0,0,0,0,0,0
BSE CG.BSE_IDX,01/07/2025,12:26:05,72662.63,0,0,0,0,0,0
BSE CG.BSE_IDX,01/07/2025,12:26:13,72660.95,0,0,0,0,0,0
BSE CG.BSE_IDX,01/07/2025,12:26:21,72658.19,0,0,0,0,0,0
BSE CG.BSE_IDX,01/07/2025,12:26:31,72663.38,0,0,0,0,0,0
BSE CG.BSE_IDX,01/07/2025,12:26:37,72652.17,0,0,0,0,0,0
BSE CG.BSE_IDX,01/07/2025,12:26:45,72660.08,0,0,0,0,0,0
BSE CG.BSE_IDX,01/07/2025,12:26:53,72645.97,0,0,0,0,0,0
BSE CG.BSE_IDX,01/07/2025,12:27:01,72653.57,0,0,0,0,0,0
BSE CG.BSE_IDX,01/07/2025,12:27:09,72651.95,0,0,0,0,0,0
BSE CG.BSE_IDX,01/07/2025,12:27:17,72657.85,0,0,0,0,0,0
BSE CG.BSE_IDX,01/07/2025,12:27:25,72644.99,0,0,0,0,0,0
BSE CG.BSE_IDX,01/07/2025,12:27:33,72646.53,0,0,0,0,0,0
BSE CG.BSE_IDX,01/07/2025,12:27:41,72653.43,0,0,0,0,0,0
BSE CG.BSE_IDX,01/07/2025,12:27:49,72654.72,0,0,0,0,0,0
BSE CG.BSE_IDX,01/07/2025,12:27:57,72657.1,0,0,0,0,0,0
BSE CG.BSE_IDX,01/07/2025,12:28:05,72661.23,0,0,0,0,0,0
BSE CG.BSE_IDX,01/07/2025,12:28:13,72661.71,0,0,0,0,0,0
BSE CG.BSE_IDX,01/07/2025,12:28:21,72658.13,0,0,0,0,0,0
BSE CG.BSE_IDX,01/07/2025,12:28:29,72656.96,0,0,0,0,0,0
BSE CG.BSE_IDX,01/07/2025,12:28:37,72649.81,0,0,0,0,0,0
BSE CG.BSE_IDX,01/07/2025,12:28:45,72653.34,0,0,0,0,0,0
BSE CG.BSE_IDX,01/07/2025,12:28:53,72637.76,0,0,0,0,0,0
BSE CG.BSE_IDX,01/07/2025,12:29:01,72640.53,0,0,0,0,0,0
BSE CG.BSE_IDX,01/07/2025,12:29:10,72640.83,0,0,0,0,0,0
BSE CG.BSE_IDX,01/07/2025,12:29:18,72641.88,0,0,0,0,0,0
BSE CG.BSE_IDX,01/07/2025,12:29:25,72634.72,0,0,0,0,0,0
BSE CG.BSE_IDX,01/07/2025,12:29:33,72638.13,0,0,0,0,0,0
BSE CG.BSE_IDX,01/07/2025,12:29:41,72637.07,0,0,0,0,0,0
BSE CG.BSE_IDX,01/07/2025,12:29:49,72639.37,0,0,0,0,0,0
BSE CG.BSE_IDX,01/07/2025,12:29:57,72630.79,0,0,0,0,0,0
BSE CG.BSE_IDX,01/07/2025,12:30:05,72631.8,0,0,0,0,0,0
BSE CG.BSE_IDX,01/07/2025,12:30:13,72639,0,0,0,0,0,0
BSE CG.BSE_IDX,01/07/2025,12:30:22,72635.13,0,0,0,0,0,0
BSE CG.BSE_IDX,01/07/2025,12:30:29,72635.27,0,0,0,0,0,0
BSE CG.BSE_IDX,01/07/2025,12:30:37,72633.61,0,0,0,0,0,0
BSE CG.BSE_IDX,01/07/2025,12:30:45,72628.98,0,0,0,0,0,0
BSE CG.BSE_IDX,01/07/2025,12:30:53,72638.25,0,0,0,0,0,0
BSE CG.BSE_IDX,01/07/2025,12:31:01,72629.39,0,0,0,0,0,0
BSE CG.BSE_IDX,01/07/2025,12:31:09,72623.64,0,0,0,0,0,0
BSE CG.BSE_IDX,01/07/2025,12:31:17,72622.73,0,0,0,0,0,0
BSE CG.BSE_IDX,01/07/2025,12:31:25,72608.57,0,0,0,0,0,0
BSE CG.BSE_IDX,01/07/2025,12:31:34,72610.33,0,0,0,0,0,0
BSE CG.BSE_IDX,01/07/2025,12:31:41,72614.35,0,0,0,0,0,0
BSE CG.BSE_IDX,01/07/2025,12:31:49,72612.54,0,0,0,0,0,0
BSE CG.BSE_IDX,01/07/2025,12:31:57,72607.39,0,0,0,0,0,0
BSE CG.BSE_IDX,01/07/2025,12:32:05,72609.25,0,0,0,0,0,0
BSE CG.BSE_IDX,01/07/2025,12:32:13,72612.96,0,0,0,0,0,0
BSE CG.BSE_IDX,01/07/2025,12:32:21,72612.37,0,0,0,0,0,0
BSE CG.BSE_IDX,01/07/2025,12:32:29,72613.41,0,0,0,0,0,0
BSE CG.BSE_IDX,01/07/2025,12:32:37,72613.99,0,0,0,0,0,0
BSE CG.BSE_IDX,01/07/2025,12:32:45,72616.07,0,0,0,0,0,0
BSE CG.BSE_IDX,01/07/2025,12:32:53,72610.24,0,0,0,0,0,0
BSE CG.BSE_IDX,01/07/2025,12:33:01,72618.7,0,0,0,0,0,0
BSE CG.BSE_IDX,01/07/2025,12:33:09,72615.96,0,0,0,0,0,0
BSE CG.BSE_IDX,01/07/2025,12:33:17,72615.71,0,0,0,0,0,0
BSE CG.BSE_IDX,01/07/2025,12:33:26,72608.85,0,0,0,0,0,0
BSE CG.BSE_IDX,01/07/2025,12:33:33,72603.2,0,0,0,0,0,0
BSE CG.BSE_IDX,01/07/2025,12:33:41,72604.01,0,0,0,0,0,0
BSE CG.BSE_IDX,01/07/2025,12:33:49,72600.03,0,0,0,0,0,0
BSE CG.BSE_IDX,01/07/2025,12:33:57,72603.8,0,0,0,0,0,0
BSE CG.BSE_IDX,01/07/2025,12:34:05,72597.52,0,0,0,0,0,0
BSE CG.BSE_IDX,01/07/2025,12:34:13,72596.52,0,0,0,0,0,0
BSE CG.BSE_IDX,01/07/2025,12:34:21,72593.66,0,0,0,0,0,0
BSE CG.BSE_IDX,01/07/2025,12:34:29,72595.21,0,0,0,0,0,0
BSE CG.BSE_IDX,01/07/2025,12:34:37,72597.86,0,0,0,0,0,0
BSE CG.BSE_IDX,01/07/2025,12:34:45,72600.84,0,0,0,0,0,0
BSE CG.BSE_IDX,01/07/2025,12:34:53,72603.73,0,0,0,0,0,0
BSE CG.BSE_IDX,01/07/2025,12:35:01,72604.63,0,0,0,0,0,0
BSE CG.BSE_IDX,01/07/2025,12:35:09,72602.67,0,0,0,0,0,0
BSE CG.BSE_IDX,01/07/2025,12:35:17,72604.69,0,0,0,0,0,0
BSE CG.BSE_IDX,01/07/2025,12:35:25,72609.64,0,0,0,0,0,0
BSE CG.BSE_IDX,01/07/2025,12:35:33,72610.65,0,0,0,0,0,0
BSE CG.BSE_IDX,01/07/2025,12:35:41,72604.51,0,0,0,0,0,0
BSE CG.BSE_IDX,01/07/2025,12:35:49,72606.62,0,0,0,0,0,0
BSE CG.BSE_IDX,01/07/2025,12:35:57,72611.48,0,0,0,0,0,0
BSE CG.BSE_IDX,01/07/2025,12:36:05,72625.61,0,0,0,0,0,0
BSE CG.BSE_IDX,01/07/2025,12:36:13,72623.11,0,0,0,0,0,0
BSE CG.BSE_IDX,01/07/2025,12:36:21,72630.11,0,0,0,0,0,0
BSE CG.BSE_IDX,01/07/2025,12:36:29,72627.58,0,0,0,0,0,0
BSE CG.BSE_IDX,01/07/2025,12:36:37,72629.84,0,0,0,0,0,0
BSE CG.BSE_IDX,01/07/2025,12:36:45,72627.16,0,0,0,0,0,0
BSE CG.BSE_IDX,01/07/2025,12:36:53,72622.23,0,0,0,0,0,0
BSE CG.BSE_IDX,01/07/2025,12:37:01,72618.58,0,0,0,0,0,0
BSE CG.BSE_IDX,01/07/2025,12:37:09,72623.14,0,0,0,0,0,0
BSE CG.BSE_IDX,01/07/2025,12:37:17,72624.38,0,0,0,0,0,0
BSE CG.BSE_IDX,01/07/2025,12:37:25,72617.44,0,0,0,0,0,0
BSE CG.BSE_IDX,01/07/2025,12:37:33,72616.72,0,0,0,0,0,0
BSE CG.BSE_IDX,01/07/2025,12:37:41,72598.13,0,0,0,0,0,0
BSE CG.BSE_IDX,01/07/2025,12:37:49,72591.48,0,0,0,0,0,0
BSE CG.BSE_IDX,01/07/2025,12:37:57,72592.03,0,0,0,0,0,0
BSE CG.BSE_IDX,01/07/2025,12:38:05,72583.77,0,0,0,0,0,0
BSE CG.BSE_IDX,01/07/2025,12:38:13,72584.68,0,0,0,0,0,0
BSE CG.BSE_IDX,01/07/2025,12:38:22,72581.11,0,0,0,0,0,0
BSE CG.BSE_IDX,01/07/2025,12:38:29,72580.35,0,0,0,0,0,0
BSE CG.BSE_IDX,01/07/2025,12:38:39,72596.35,0,0,0,0,0,0
BSE CG.BSE_IDX,01/07/2025,12:38:45,72595.57,0,0,0,0,0,0
BSE CG.BSE_IDX,01/07/2025,12:38:53,72595.32,0,0,0,0,0,0
BSE CG.BSE_IDX,01/07/2025,12:39:01,72594.4,0,0,0,0,0,0
BSE CG.BSE_IDX,01/07/2025,12:39:10,72590.82,0,0,0,0,0,0
BSE CG.BSE_IDX,01/07/2025,12:39:17,72592.19,0,0,0,0,0,0
BSE CG.BSE_IDX,01/07/2025,12:39:25,72602.5,0,0,0,0,0,0
BSE CG.BSE_IDX,01/07/2025,12:39:34,72596.57,0,0,0,0,0,0
BSE CG.BSE_IDX,01/07/2025,12:39:42,72600.51,0,0,0,0,0,0
BSE CG.BSE_IDX,01/07/2025,12:39:49,72594.93,0,0,0,0,0,0
BSE CG.BSE_IDX,01/07/2025,12:39:57,72596.7,0,0,0,0,0,0
BSE CG.BSE_IDX,01/07/2025,12:40:05,72601.17,0,0,0,0,0,0
BSE CG.BSE_IDX,01/07/2025,12:40:14,72601.92,0,0,0,0,0,0
BSE CG.BSE_IDX,01/07/2025,12:40:21,72598.09,0,0,0,0,0,0
BSE CG.BSE_IDX,01/07/2025,12:40:29,72598.16,0,0,0,0,0,0
BSE CG.BSE_IDX,01/07/2025,12:40:37,72597.24,0,0,0,0,0,0
BSE CG.BSE_IDX,01/07/2025,12:40:45,72597.77,0,0,0,0,0,0
BSE CG.BSE_IDX,01/07/2025,12:40:54,72597.08,0,0,0,0,0,0
BSE CG.BSE_IDX,01/07/2025,12:41:01,72597.64,0,0,0,0,0,0
BSE CG.BSE_IDX,01/07/2025,12:41:09,72591.45,0,0,0,0,0,0
BSE CG.BSE_IDX,01/07/2025,12:41:17,72588.17,0,0,0,0,0,0
BSE CG.BSE_IDX,01/07/2025,12:41:25,72583.08,0,0,0,0,0,0
BSE CG.BSE_IDX,01/07/2025,12:41:33,72589.05,0,0,0,0,0,0
BSE CG.BSE_IDX,01/07/2025,12:41:41,72591.47,0,0,0,0,0,0
BSE CG.BSE_IDX,01/07/2025,12:41:49,72585.44,0,0,0,0,0,0
BSE CG.BSE_IDX,01/07/2025,12:41:57,72584.89,0,0,0,0,0,0
BSE CG.BSE_IDX,01/07/2025,12:42:05,72583.44,0,0,0,0,0,0
BSE CG.BSE_IDX,01/07/2025,12:42:13,72586.4,0,0,0,0,0,0
BSE CG.BSE_IDX,01/07/2025,12:42:21,72589.71,0,0,0,0,0,0
BSE CG.BSE_IDX,01/07/2025,12:42:29,72584.47,0,0,0,0,0,0
BSE CG.BSE_IDX,01/07/2025,12:42:37,72579.28,0,0,0,0,0,0
BSE CG.BSE_IDX,01/07/2025,12:42:45,72580.84,0,0,0,0,0,0
BSE CG.BSE_IDX,01/07/2025,12:42:53,72583.74,0,0,0,0,0,0
BSE CG.BSE_IDX,01/07/2025,12:43:01,72566.57,0,0,0,0,0,0
BSE CG.BSE_IDX,01/07/2025,12:43:10,72564.27,0,0,0,0,0,0
BSE CG.BSE_IDX,01/07/2025,12:43:17,72565.98,0,0,0,0,0,0
BSE CG.BSE_IDX,01/07/2025,12:43:26,72565.88,0,0,0,0,0,0
BSE CG.BSE_IDX,01/07/2025,12:43:33,72567.27,0,0,0,0,0,0
BSE CG.BSE_IDX,01/07/2025,12:43:41,72556.33,0,0,0,0,0,0
BSE CG.BSE_IDX,01/07/2025,12:43:49,72555.45,0,0,0,0,0,0
BSE CG.BSE_IDX,01/07/2025,12:43:58,72559.26,0,0,0,0,0,0
BSE CG.BSE_IDX,01/07/2025,12:44:05,72553.41,0,0,0,0,0,0
BSE CG.BSE_IDX,01/07/2025,12:44:14,72544.04,0,0,0,0,0,0
BSE CG.BSE_IDX,01/07/2025,12:44:21,72539.09,0,0,0,0,0,0
BSE CG.BSE_IDX,01/07/2025,12:44:29,72532.3,0,0,0,0,0,0
BSE CG.BSE_IDX,01/07/2025,12:44:38,72543.28,0,0,0,0,0,0
BSE CG.BSE_IDX,01/07/2025,12:44:45,72545.61,0,0,0,0,0,0
BSE CG.BSE_IDX,01/07/2025,12:44:53,72542.77,0,0,0,0,0,0
BSE CG.BSE_IDX,01/07/2025,12:45:01,72548.01,0,0,0,0,0,0
BSE CG.BSE_IDX,01/07/2025,12:45:11,72536.79,0,0,0,0,0,0
BSE CG.BSE_IDX,01/07/2025,12:45:17,72535.5,0,0,0,0,0,0
BSE CG.BSE_IDX,01/07/2025,12:45:25,72537.28,0,0,0,0,0,0
BSE CG.BSE_IDX,01/07/2025,12:45:34,72535.31,0,0,0,0,0,0
BSE CG.BSE_IDX,01/07/2025,12:45:42,72541.16,0,0,0,0,0,0
BSE CG.BSE_IDX,01/07/2025,12:45:50,72549.92,0,0,0,0,0,0
BSE CG.BSE_IDX,01/07/2025,12:45:58,72549.7,0,0,0,0,0,0
BSE CG.BSE_IDX,01/07/2025,12:46:06,72550.97,0,0,0,0,0,0
BSE CG.BSE_IDX,01/07/2025,12:46:14,72551.34,0,0,0,0,0,0
BSE CG.BSE_IDX,01/07/2025,12:46:22,72545.49,0,0,0,0,0,0
BSE CG.BSE_IDX,01/07/2025,12:46:30,72530.63,0,0,0,0,0,0
BSE CG.BSE_IDX,01/07/2025,12:46:38,72524.89,0,0,0,0,0,0
BSE CG.BSE_IDX,01/07/2025,12:46:46,72526.88,0,0,0,0,0,0
BSE CG.BSE_IDX,01/07/2025,12:46:54,72515.38,0,0,0,0,0,0
BSE CG.BSE_IDX,01/07/2025,12:47:02,72519.69,0,0,0,0,0,0
BSE CG.BSE_IDX,01/07/2025,12:47:10,72516.05,0,0,0,0,0,0
BSE CG.BSE_IDX,01/07/2025,12:47:18,72517.9,0,0,0,0,0,0
BSE CG.BSE_IDX,01/07/2025,12:47:26,72518.28,0,0,0,0,0,0
BSE CG.BSE_IDX,01/07/2025,12:47:34,72530.69,0,0,0,0,0,0
BSE CG.BSE_IDX,01/07/2025,12:47:42,72528.61,0,0,0,0,0,0
BSE CG.BSE_IDX,01/07/2025,12:47:50,72525.78,0,0,0,0,0,0
BSE CG.BSE_IDX,01/07/2025,12:47:58,72519.17,0,0,0,0,0,0
BSE CG.BSE_IDX,01/07/2025,12:48:06,72514.21,0,0,0,0,0,0
BSE CG.BSE_IDX,01/07/2025,12:48:14,72516.08,0,0,0,0,0,0
BSE CG.BSE_IDX,01/07/2025,12:48:22,72519.75,0,0,0,0,0,0
BSE CG.BSE_IDX,01/07/2025,12:48:30,72521.77,0,0,0,0,0,0
BSE CG.BSE_IDX,01/07/2025,12:48:38,72514.34,0,0,0,0,0,0
BSE CG.BSE_IDX,01/07/2025,12:48:46,72516.56,0,0,0,0,0,0
BSE CG.BSE_IDX,01/07/2025,12:48:54,72508.55,0,0,0,0,0,0
BSE CG.BSE_IDX,01/07/2025,12:49:02,72509.29,0,0,0,0,0,0
BSE CG.BSE_IDX,01/07/2025,12:49:10,72497.06,0,0,0,0,0,0
BSE CG.BSE_IDX,01/07/2025,12:49:18,72493.1,0,0,0,0,0,0
BSE CG.BSE_IDX,01/07/2025,12:49:26,72487.89,0,0,0,0,0,0
BSE CG.BSE_IDX,01/07/2025,12:49:34,72488.75,0,0,0,0,0,0
BSE CG.BSE_IDX,01/07/2025,12:49:42,72495.06,0,0,0,0,0,0
BSE CG.BSE_IDX,01/07/2025,12:49:50,72497.62,0,0,0,0,0,0
BSE CG.BSE_IDX,01/07/2025,12:49:58,72494.63,0,0,0,0,0,0
BSE CG.BSE_IDX,01/07/2025,12:50:06,72502.39,0,0,0,0,0,0
BSE CG.BSE_IDX,01/07/2025,12:50:14,72499.63,0,0,0,0,0,0
BSE CG.BSE_IDX,01/07/2025,12:50:22,72496.59,0,0,0,0,0,0
BSE CG.BSE_IDX,01/07/2025,12:50:30,72489.81,0,0,0,0,0,0
BSE CG.BSE_IDX,01/07/2025,12:50:38,72495.2,0,0,0,0,0,0
BSE CG.BSE_IDX,01/07/2025,12:50:47,72489.88,0,0,0,0,0,0
BSE CG.BSE_IDX,01/07/2025,12:50:54,72495.84,0,0,0,0,0,0
BSE CG.BSE_IDX,01/07/2025,12:51:02,72498.84,0,0,0,0,0,0
BSE CG.BSE_IDX,01/07/2025,12:51:10,72496.61,0,0,0,0,0,0
BSE CG.BSE_IDX,01/07/2025,12:51:19,72498.9,0,0,0,0,0,0
BSE CG.BSE_IDX,01/07/2025,12:51:26,72500.69,0,0,0,0,0,0
BSE CG.BSE_IDX,01/07/2025,12:51:34,72506.35,0,0,0,0,0,0
BSE CG.BSE_IDX,01/07/2025,12:51:42,72504.12,0,0,0,0,0,0
BSE CG.BSE_IDX,01/07/2025,12:51:50,72509.95,0,0,0,0,0,0
BSE CG.BSE_IDX,01/07/2025,12:51:58,72505.5,0,0,0,0,0,0
BSE CG.BSE_IDX,01/07/2025,12:52:06,72505.46,0,0,0,0,0,0
BSE CG.BSE_IDX,01/07/2025,12:52:14,72497.85,0,0,0,0,0,0
BSE CG.BSE_IDX,01/07/2025,12:52:22,72499.28,0,0,0,0,0,0
BSE CG.BSE_IDX,01/07/2025,12:52:30,72498.44,0,0,0,0,0,0
BSE CG.BSE_IDX,01/07/2025,12:52:38,72500.13,0,0,0,0,0,0
BSE CG.BSE_IDX,01/07/2025,12:52:46,72494.43,0,0,0,0,0,0
BSE CG.BSE_IDX,01/07/2025,12:52:54,72500.79,0,0,0,0,0,0
BSE CG.BSE_IDX,01/07/2025,12:53:02,72507.61,0,0,0,0,0,0
BSE CG.BSE_IDX,01/07/2025,12:53:10,72518.58,0,0,0,0,0,0
BSE CG.BSE_IDX,01/07/2025,12:53:18,72513.57,0,0,0,0,0,0
BSE CG.BSE_IDX,01/07/2025,12:53:26,72511.13,0,0,0,0,0,0
BSE CG.BSE_IDX,01/07/2025,12:53:34,72515.57,0,0,0,0,0,0
BSE CG.BSE_IDX,01/07/2025,12:53:42,72515.89,0,0,0,0,0,0
BSE CG.BSE_IDX,01/07/2025,12:53:50,72514.9,0,0,0,0,0,0
BSE CG.BSE_IDX,01/07/2025,12:53:58,72509.63,0,0,0,0,0,0
BSE CG.BSE_IDX,01/07/2025,12:54:06,72518.57,0,0,0,0,0,0
BSE CG.BSE_IDX,01/07/2025,12:54:14,72512.8,0,0,0,0,0,0
