Ticker,Date,Time,LTP,BuyPrice,BuyQty,SellPrice,SellQty,LTQ,OpenInterest
BSE CD.BSE_IDX,01/07/2025,09:00:07,59584.53,0,0,0,0,0,0
BSE CD.BSE_IDX,01/07/2025,09:00:15,59393.15,0,0,0,0,0,0
BSE CD.BSE_IDX,01/07/2025,09:00:23,59345.62,0,0,0,0,0,0
BSE CD.BSE_IDX,01/07/2025,09:00:31,59356.29,0,0,0,0,0,0
BSE CD.BSE_IDX,01/07/2025,09:00:39,59353.25,0,0,0,0,0,0
BSE CD.BSE_IDX,01/07/2025,09:00:47,59366.16,0,0,0,0,0,0
BSE CD.BSE_IDX,01/07/2025,09:00:55,59478.37,0,0,0,0,0,0
BSE CD.BSE_IDX,01/07/2025,09:01:03,59528.18,0,0,0,0,0,0
BSE CD.BSE_IDX,01/07/2025,09:01:11,59664.44,0,0,0,0,0,0
BSE CD.BSE_IDX,01/07/2025,09:01:19,59815.02,0,0,0,0,0,0
BSE CD.BSE_IDX,01/07/2025,09:01:27,59815.02,0,0,0,0,0,0
BSE CD.BSE_IDX,01/07/2025,09:01:35,59806.93,0,0,0,0,0,0
BSE CD.BSE_IDX,01/07/2025,09:01:43,59806.93,0,0,0,0,0,0
BSE CD.BSE_IDX,01/07/2025,09:01:51,59796.75,0,0,0,0,0,0
BSE CD.BSE_IDX,01/07/2025,09:01:59,59796.75,0,0,0,0,0,0
BSE CD.BSE_IDX,01/07/2025,09:02:07,59802.39,0,0,0,0,0,0
BSE CD.BSE_IDX,01/07/2025,09:02:15,59789.13,0,0,0,0,0,0
BSE CD.BSE_IDX,01/07/2025,09:02:23,59789.13,0,0,0,0,0,0
BSE CD.BSE_IDX,01/07/2025,09:02:31,59765.82,0,0,0,0,0,0
BSE CD.BSE_IDX,01/07/2025,09:02:39,59765.82,0,0,0,0,0,0
BSE CD.BSE_IDX,01/07/2025,09:02:47,59765.82,0,0,0,0,0,0
BSE CD.BSE_IDX,01/07/2025,09:02:55,59758.37,0,0,0,0,0,0
BSE CD.BSE_IDX,01/07/2025,09:03:03,59758.37,0,0,0,0,0,0
BSE CD.BSE_IDX,01/07/2025,09:03:11,59838.42,0,0,0,0,0,0
BSE CD.BSE_IDX,01/07/2025,09:03:19,59864.88,0,0,0,0,0,0
BSE CD.BSE_IDX,01/07/2025,09:03:27,59864.04,0,0,0,0,0,0
BSE CD.BSE_IDX,01/07/2025,09:03:35,59860.73,0,0,0,0,0,0
BSE CD.BSE_IDX,01/07/2025,09:03:43,59851.53,0,0,0,0,0,0
BSE CD.BSE_IDX,01/07/2025,09:03:51,59669.79,0,0,0,0,0,0
BSE CD.BSE_IDX,01/07/2025,09:03:59,59761.22,0,0,0,0,0,0
BSE CD.BSE_IDX,01/07/2025,09:04:07,59760.98,0,0,0,0,0,0
BSE CD.BSE_IDX,01/07/2025,09:04:15,59760.98,0,0,0,0,0,0
BSE CD.BSE_IDX,01/07/2025,09:04:23,59759.08,0,0,0,0,0,0
BSE CD.BSE_IDX,01/07/2025,09:04:31,59777.3,0,0,0,0,0,0
BSE CD.BSE_IDX,01/07/2025,09:04:39,59777.3,0,0,0,0,0,0
BSE CD.BSE_IDX,01/07/2025,09:04:47,59777.3,0,0,0,0,0,0
BSE CD.BSE_IDX,01/07/2025,09:04:55,59777.3,0,0,0,0,0,0
BSE CD.BSE_IDX,01/07/2025,09:05:03,59766.64,0,0,0,0,0,0
BSE CD.BSE_IDX,01/07/2025,09:05:11,59766.59,0,0,0,0,0,0
BSE CD.BSE_IDX,01/07/2025,09:05:19,59766.59,0,0,0,0,0,0
BSE CD.BSE_IDX,01/07/2025,09:05:27,59780.08,0,0,0,0,0,0
BSE CD.BSE_IDX,01/07/2025,09:05:35,59780.08,0,0,0,0,0,0
BSE CD.BSE_IDX,01/07/2025,09:05:43,59948.04,0,0,0,0,0,0
BSE CD.BSE_IDX,01/07/2025,09:05:51,59974.68,0,0,0,0,0,0
BSE CD.BSE_IDX,01/07/2025,09:05:59,60001.31,0,0,0,0,0,0
BSE CD.BSE_IDX,01/07/2025,09:06:07,59983.49,0,0,0,0,0,0
BSE CD.BSE_IDX,01/07/2025,09:06:15,59901.34,0,0,0,0,0,0
BSE CD.BSE_IDX,01/07/2025,09:06:23,59924.2,0,0,0,0,0,0
BSE CD.BSE_IDX,01/07/2025,09:06:31,59918.01,0,0,0,0,0,0
BSE CD.BSE_IDX,01/07/2025,09:06:39,59942.32,0,0,0,0,0,0
BSE CD.BSE_IDX,01/07/2025,09:06:47,59949.18,0,0,0,0,0,0
BSE CD.BSE_IDX,01/07/2025,09:06:55,59919.54,0,0,0,0,0,0
BSE CD.BSE_IDX,01/07/2025,09:07:04,59965.34,0,0,0,0,0,0
BSE CD.BSE_IDX,01/07/2025,09:07:11,59965.34,0,0,0,0,0,0
BSE CD.BSE_IDX,01/07/2025,09:07:19,59965.34,0,0,0,0,0,0
BSE CD.BSE_IDX,01/07/2025,09:07:27,59965.34,0,0,0,0,0,0
BSE CD.BSE_IDX,01/07/2025,09:07:35,59965.34,0,0,0,0,0,0
BSE CD.BSE_IDX,01/07/2025,09:07:43,59965.34,0,0,0,0,0,0
BSE CD.BSE_IDX,01/07/2025,09:07:51,59965.34,0,0,0,0,0,0
BSE CD.BSE_IDX,01/07/2025,09:07:59,59965.34,0,0,0,0,0,0
BSE CD.BSE_IDX,01/07/2025,09:08:07,59965.34,0,0,0,0,0,0
BSE CD.BSE_IDX,01/07/2025,09:08:15,59965.34,0,0,0,0,0,0
BSE CD.BSE_IDX,01/07/2025,09:08:23,59965.34,0,0,0,0,0,0
BSE CD.BSE_IDX,01/07/2025,09:08:31,59965.34,0,0,0,0,0,0
BSE CD.BSE_IDX,01/07/2025,09:08:39,59965.34,0,0,0,0,0,0
BSE CD.BSE_IDX,01/07/2025,09:08:47,59965.34,0,0,0,0,0,0
BSE CD.BSE_IDX,01/07/2025,09:08:55,59965.34,0,0,0,0,0,0
BSE CD.BSE_IDX,01/07/2025,09:09:03,59965.29,0,0,0,0,0,0
BSE CD.BSE_IDX,01/07/2025,09:09:11,59965.29,0,0,0,0,0,0
BSE CD.BSE_IDX,01/07/2025,09:09:19,59965.29,0,0,0,0,0,0
BSE CD.BSE_IDX,01/07/2025,09:09:27,59965.29,0,0,0,0,0,0
BSE CD.BSE_IDX,01/07/2025,09:09:35,59965.29,0,0,0,0,0,0
BSE CD.BSE_IDX,01/07/2025,09:09:43,59965.29,0,0,0,0,0,0
BSE CD.BSE_IDX,01/07/2025,09:09:51,59965.29,0,0,0,0,0,0
BSE CD.BSE_IDX,01/07/2025,09:09:59,59965.29,0,0,0,0,0,0
BSE CD.BSE_IDX,01/07/2025,09:10:07,59965.29,0,0,0,0,0,0
BSE CD.BSE_IDX,01/07/2025,09:10:15,59965.29,0,0,0,0,0,0
BSE CD.BSE_IDX,01/07/2025,09:10:23,59965.29,0,0,0,0,0,0
BSE CD.BSE_IDX,01/07/2025,09:10:31,59965.29,0,0,0,0,0,0
BSE CD.BSE_IDX,01/07/2025,09:10:39,59965.29,0,0,0,0,0,0
BSE CD.BSE_IDX,01/07/2025,09:10:47,59965.29,0,0,0,0,0,0
BSE CD.BSE_IDX,01/07/2025,09:10:55,59965.29,0,0,0,0,0,0
BSE CD.BSE_IDX,01/07/2025,09:11:03,59965.29,0,0,0,0,0,0
BSE CD.BSE_IDX,01/07/2025,09:11:11,59965.29,0,0,0,0,0,0
BSE CD.BSE_IDX,01/07/2025,09:11:19,59965.29,0,0,0,0,0,0
BSE CD.BSE_IDX,01/07/2025,09:11:27,59965.29,0,0,0,0,0,0
BSE CD.BSE_IDX,01/07/2025,09:11:35,59965.29,0,0,0,0,0,0
BSE CD.BSE_IDX,01/07/2025,09:11:43,59965.29,0,0,0,0,0,0
BSE CD.BSE_IDX,01/07/2025,09:11:51,59965.29,0,0,0,0,0,0
BSE CD.BSE_IDX,01/07/2025,09:11:59,59965.29,0,0,0,0,0,0
BSE CD.BSE_IDX,01/07/2025,09:12:07,59965.29,0,0,0,0,0,0
BSE CD.BSE_IDX,01/07/2025,09:12:16,59965.29,0,0,0,0,0,0
BSE CD.BSE_IDX,01/07/2025,09:12:23,59965.29,0,0,0,0,0,0
BSE CD.BSE_IDX,01/07/2025,09:12:31,59965.29,0,0,0,0,0,0
BSE CD.BSE_IDX,01/07/2025,09:12:39,59965.29,0,0,0,0,0,0
BSE CD.BSE_IDX,01/07/2025,09:12:47,59965.29,0,0,0,0,0,0
BSE CD.BSE_IDX,01/07/2025,09:12:55,59965.29,0,0,0,0,0,0
BSE CD.BSE_IDX,01/07/2025,09:13:03,59965.29,0,0,0,0,0,0
BSE CD.BSE_IDX,01/07/2025,09:13:11,59965.29,0,0,0,0,0,0
BSE CD.BSE_IDX,01/07/2025,09:13:19,59965.29,0,0,0,0,0,0
BSE CD.BSE_IDX,01/07/2025,09:13:27,59965.29,0,0,0,0,0,0
BSE CD.BSE_IDX,01/07/2025,09:13:35,59965.29,0,0,0,0,0,0
BSE CD.BSE_IDX,01/07/2025,09:13:43,59965.29,0,0,0,0,0,0
BSE CD.BSE_IDX,01/07/2025,09:13:51,59965.29,0,0,0,0,0,0
BSE CD.BSE_IDX,01/07/2025,09:13:59,59965.29,0,0,0,0,0,0
BSE CD.BSE_IDX,01/07/2025,09:14:07,59965.29,0,0,0,0,0,0
BSE CD.BSE_IDX,01/07/2025,09:14:15,59965.29,0,0,0,0,0,0
BSE CD.BSE_IDX,01/07/2025,09:14:23,59965.29,0,0,0,0,0,0
BSE CD.BSE_IDX,01/07/2025,09:14:31,59965.29,0,0,0,0,0,0
BSE CD.BSE_IDX,01/07/2025,09:14:39,59965.29,0,0,0,0,0,0
BSE CD.BSE_IDX,01/07/2025,09:14:47,59965.29,0,0,0,0,0,0
BSE CD.BSE_IDX,01/07/2025,09:14:55,59965.29,0,0,0,0,0,0
BSE CD.BSE_IDX,01/07/2025,09:15:04,59888,0,0,0,0,0,0
BSE CD.BSE_IDX,01/07/2025,09:15:11,59842.15,0,0,0,0,0,0
BSE CD.BSE_IDX,01/07/2025,09:15:19,59917.42,0,0,0,0,0,0
BSE CD.BSE_IDX,01/07/2025,09:15:27,59887.06,0,0,0,0,0,0
BSE CD.BSE_IDX,01/07/2025,09:15:35,59834.38,0,0,0,0,0,0
BSE CD.BSE_IDX,01/07/2025,09:15:43,59881.61,0,0,0,0,0,0
BSE CD.BSE_IDX,01/07/2025,09:15:51,59844.91,0,0,0,0,0,0
BSE CD.BSE_IDX,01/07/2025,09:15:59,59832.89,0,0,0,0,0,0
BSE CD.BSE_IDX,01/07/2025,09:16:07,59813.73,0,0,0,0,0,0
BSE CD.BSE_IDX,01/07/2025,09:16:15,59814.06,0,0,0,0,0,0
BSE CD.BSE_IDX,01/07/2025,09:16:24,59826.1,0,0,0,0,0,0
BSE CD.BSE_IDX,01/07/2025,09:16:31,59828.99,0,0,0,0,0,0
BSE CD.BSE_IDX,01/07/2025,09:16:39,59801.99,0,0,0,0,0,0
BSE CD.BSE_IDX,01/07/2025,09:16:48,59757.8,0,0,0,0,0,0
BSE CD.BSE_IDX,01/07/2025,09:16:55,59721.25,0,0,0,0,0,0
BSE CD.BSE_IDX,01/07/2025,09:17:03,59728.81,0,0,0,0,0,0
BSE CD.BSE_IDX,01/07/2025,09:17:12,59729.4,0,0,0,0,0,0
BSE CD.BSE_IDX,01/07/2025,09:17:19,59754.52,0,0,0,0,0,0
BSE CD.BSE_IDX,01/07/2025,09:17:27,59750.2,0,0,0,0,0,0
BSE CD.BSE_IDX,01/07/2025,09:17:35,59740.89,0,0,0,0,0,0
BSE CD.BSE_IDX,01/07/2025,09:17:44,59767.09,0,0,0,0,0,0
BSE CD.BSE_IDX,01/07/2025,09:17:51,59786.68,0,0,0,0,0,0
BSE CD.BSE_IDX,01/07/2025,09:17:59,59762.08,0,0,0,0,0,0
BSE CD.BSE_IDX,01/07/2025,09:18:07,59782.84,0,0,0,0,0,0
BSE CD.BSE_IDX,01/07/2025,09:18:15,59812.21,0,0,0,0,0,0
BSE CD.BSE_IDX,01/07/2025,09:18:23,59786.53,0,0,0,0,0,0
BSE CD.BSE_IDX,01/07/2025,09:18:31,59756.2,0,0,0,0,0,0
BSE CD.BSE_IDX,01/07/2025,09:18:39,59766.68,0,0,0,0,0,0
BSE CD.BSE_IDX,01/07/2025,09:18:47,59760.48,0,0,0,0,0,0
BSE CD.BSE_IDX,01/07/2025,09:18:56,59781.73,0,0,0,0,0,0
BSE CD.BSE_IDX,01/07/2025,09:19:03,59755.18,0,0,0,0,0,0
BSE CD.BSE_IDX,01/07/2025,09:19:11,59783.48,0,0,0,0,0,0
BSE CD.BSE_IDX,01/07/2025,09:19:19,59777.98,0,0,0,0,0,0
BSE CD.BSE_IDX,01/07/2025,09:19:28,59748.72,0,0,0,0,0,0
BSE CD.BSE_IDX,01/07/2025,09:19:35,59791.16,0,0,0,0,0,0
BSE CD.BSE_IDX,01/07/2025,09:19:43,59788.92,0,0,0,0,0,0
BSE CD.BSE_IDX,01/07/2025,09:19:52,59777.27,0,0,0,0,0,0
BSE CD.BSE_IDX,01/07/2025,09:19:59,59783.36,0,0,0,0,0,0
BSE CD.BSE_IDX,01/07/2025,09:20:07,59783.02,0,0,0,0,0,0
BSE CD.BSE_IDX,01/07/2025,09:20:15,59796.05,0,0,0,0,0,0
BSE CD.BSE_IDX,01/07/2025,09:20:24,59768.68,0,0,0,0,0,0
BSE CD.BSE_IDX,01/07/2025,09:20:31,59771.26,0,0,0,0,0,0
BSE CD.BSE_IDX,01/07/2025,09:20:39,59758.12,0,0,0,0,0,0
BSE CD.BSE_IDX,01/07/2025,09:20:47,59763.85,0,0,0,0,0,0
BSE CD.BSE_IDX,01/07/2025,09:20:55,59754.04,0,0,0,0,0,0
BSE CD.BSE_IDX,01/07/2025,09:21:03,59748.19,0,0,0,0,0,0
BSE CD.BSE_IDX,01/07/2025,09:21:11,59740.54,0,0,0,0,0,0
BSE CD.BSE_IDX,01/07/2025,09:21:19,59778.18,0,0,0,0,0,0
BSE CD.BSE_IDX,01/07/2025,09:21:27,59774.77,0,0,0,0,0,0
BSE CD.BSE_IDX,01/07/2025,09:21:36,59807.98,0,0,0,0,0,0
BSE CD.BSE_IDX,01/07/2025,09:21:43,59822,0,0,0,0,0,0
BSE CD.BSE_IDX,01/07/2025,09:21:51,59823.76,0,0,0,0,0,0
BSE CD.BSE_IDX,01/07/2025,09:21:59,59812.17,0,0,0,0,0,0
BSE CD.BSE_IDX,01/07/2025,09:22:07,59813.18,0,0,0,0,0,0
BSE CD.BSE_IDX,01/07/2025,09:22:15,59810.23,0,0,0,0,0,0
BSE CD.BSE_IDX,01/07/2025,09:22:23,59834.51,0,0,0,0,0,0
BSE CD.BSE_IDX,01/07/2025,09:22:31,59864.47,0,0,0,0,0,0
BSE CD.BSE_IDX,01/07/2025,09:22:39,59858.85,0,0,0,0,0,0
BSE CD.BSE_IDX,01/07/2025,09:22:47,59874.05,0,0,0,0,0,0
BSE CD.BSE_IDX,01/07/2025,09:22:55,59875.12,0,0,0,0,0,0
BSE CD.BSE_IDX,01/07/2025,09:23:03,59874.95,0,0,0,0,0,0
BSE CD.BSE_IDX,01/07/2025,09:23:11,59849.81,0,0,0,0,0,0
BSE CD.BSE_IDX,01/07/2025,09:23:19,59852.85,0,0,0,0,0,0
BSE CD.BSE_IDX,01/07/2025,09:23:27,59852.94,0,0,0,0,0,0
BSE CD.BSE_IDX,01/07/2025,09:23:35,59855.3,0,0,0,0,0,0
BSE CD.BSE_IDX,01/07/2025,09:23:44,59850.17,0,0,0,0,0,0
BSE CD.BSE_IDX,01/07/2025,09:23:51,59839.31,0,0,0,0,0,0
BSE CD.BSE_IDX,01/07/2025,09:23:59,59846.98,0,0,0,0,0,0
BSE CD.BSE_IDX,01/07/2025,09:24:08,59850.74,0,0,0,0,0,0
BSE CD.BSE_IDX,01/07/2025,09:24:15,59840.49,0,0,0,0,0,0
BSE CD.BSE_IDX,01/07/2025,09:24:23,59847.46,0,0,0,0,0,0
BSE CD.BSE_IDX,01/07/2025,09:24:32,59857.54,0,0,0,0,0,0
BSE CD.BSE_IDX,01/07/2025,09:24:39,59864.08,0,0,0,0,0,0
BSE CD.BSE_IDX,01/07/2025,09:24:48,59872.88,0,0,0,0,0,0
BSE CD.BSE_IDX,01/07/2025,09:24:57,59888.3,0,0,0,0,0,0
BSE CD.BSE_IDX,01/07/2025,09:25:03,59896.97,0,0,0,0,0,0
BSE CD.BSE_IDX,01/07/2025,09:25:12,59899.43,0,0,0,0,0,0
BSE CD.BSE_IDX,01/07/2025,09:25:19,59898.96,0,0,0,0,0,0
BSE CD.BSE_IDX,01/07/2025,09:25:29,59876.83,0,0,0,0,0,0
BSE CD.BSE_IDX,01/07/2025,09:25:35,59868.62,0,0,0,0,0,0
BSE CD.BSE_IDX,01/07/2025,09:25:43,59874.97,0,0,0,0,0,0
BSE CD.BSE_IDX,01/07/2025,09:25:51,59877.01,0,0,0,0,0,0
BSE CD.BSE_IDX,01/07/2025,09:25:59,59886.08,0,0,0,0,0,0
BSE CD.BSE_IDX,01/07/2025,09:26:08,59879.3,0,0,0,0,0,0
BSE CD.BSE_IDX,01/07/2025,09:26:15,59880.7,0,0,0,0,0,0
BSE CD.BSE_IDX,01/07/2025,09:26:23,59890.05,0,0,0,0,0,0
BSE CD.BSE_IDX,01/07/2025,09:26:31,59900.21,0,0,0,0,0,0
BSE CD.BSE_IDX,01/07/2025,09:26:39,59908.41,0,0,0,0,0,0
BSE CD.BSE_IDX,01/07/2025,09:26:48,59907.49,0,0,0,0,0,0
BSE CD.BSE_IDX,01/07/2025,09:26:55,59884.49,0,0,0,0,0,0
BSE CD.BSE_IDX,01/07/2025,09:27:04,59899.59,0,0,0,0,0,0
BSE CD.BSE_IDX,01/07/2025,09:27:12,59893.24,0,0,0,0,0,0
BSE CD.BSE_IDX,01/07/2025,09:27:19,59911.88,0,0,0,0,0,0
BSE CD.BSE_IDX,01/07/2025,09:27:28,59918.58,0,0,0,0,0,0
BSE CD.BSE_IDX,01/07/2025,09:27:36,59911.22,0,0,0,0,0,0
BSE CD.BSE_IDX,01/07/2025,09:27:44,59901.27,0,0,0,0,0,0
BSE CD.BSE_IDX,01/07/2025,09:27:51,59898.57,0,0,0,0,0,0
BSE CD.BSE_IDX,01/07/2025,09:28:00,59899.55,0,0,0,0,0,0
BSE CD.BSE_IDX,01/07/2025,09:28:08,59914.66,0,0,0,0,0,0
BSE CD.BSE_IDX,01/07/2025,09:28:16,59911.86,0,0,0,0,0,0
BSE CD.BSE_IDX,01/07/2025,09:28:24,59894.9,0,0,0,0,0,0
BSE CD.BSE_IDX,01/07/2025,09:28:32,59887.01,0,0,0,0,0,0
BSE CD.BSE_IDX,01/07/2025,09:28:40,59904.86,0,0,0,0,0,0
BSE CD.BSE_IDX,01/07/2025,09:28:48,59916.04,0,0,0,0,0,0
BSE CD.BSE_IDX,01/07/2025,09:28:56,59920.73,0,0,0,0,0,0
BSE CD.BSE_IDX,01/07/2025,09:29:04,59895.49,0,0,0,0,0,0
BSE CD.BSE_IDX,01/07/2025,09:29:12,59908.98,0,0,0,0,0,0
BSE CD.BSE_IDX,01/07/2025,09:29:20,59890.82,0,0,0,0,0,0
BSE CD.BSE_IDX,01/07/2025,09:29:28,59901.24,0,0,0,0,0,0
BSE CD.BSE_IDX,01/07/2025,09:29:36,59896.02,0,0,0,0,0,0
BSE CD.BSE_IDX,01/07/2025,09:29:44,59892.7,0,0,0,0,0,0
BSE CD.BSE_IDX,01/07/2025,09:29:52,59893.92,0,0,0,0,0,0
BSE CD.BSE_IDX,01/07/2025,09:30:00,59897.74,0,0,0,0,0,0
BSE CD.BSE_IDX,01/07/2025,09:30:08,59892.92,0,0,0,0,0,0
BSE CD.BSE_IDX,01/07/2025,09:30:16,59901.45,0,0,0,0,0,0
BSE CD.BSE_IDX,01/07/2025,09:30:24,59899.83,0,0,0,0,0,0
BSE CD.BSE_IDX,01/07/2025,09:30:32,59915.24,0,0,0,0,0,0
BSE CD.BSE_IDX,01/07/2025,09:30:40,59902.55,0,0,0,0,0,0
BSE CD.BSE_IDX,01/07/2025,09:30:48,59926.79,0,0,0,0,0,0
BSE CD.BSE_IDX,01/07/2025,09:30:56,59904.56,0,0,0,0,0,0
BSE CD.BSE_IDX,01/07/2025,09:31:04,59909.5,0,0,0,0,0,0
BSE CD.BSE_IDX,01/07/2025,09:31:12,59902.29,0,0,0,0,0,0
BSE CD.BSE_IDX,01/07/2025,09:31:20,59905.07,0,0,0,0,0,0
BSE CD.BSE_IDX,01/07/2025,09:31:28,59881.07,0,0,0,0,0,0
BSE CD.BSE_IDX,01/07/2025,09:31:36,59879.84,0,0,0,0,0,0
BSE CD.BSE_IDX,01/07/2025,09:31:44,59891.49,0,0,0,0,0,0
BSE CD.BSE_IDX,01/07/2025,09:31:52,59925.8,0,0,0,0,0,0
BSE CD.BSE_IDX,01/07/2025,09:32:00,59927.93,0,0,0,0,0,0
BSE CD.BSE_IDX,01/07/2025,09:32:08,59917.76,0,0,0,0,0,0
BSE CD.BSE_IDX,01/07/2025,09:32:16,59911.66,0,0,0,0,0,0
BSE CD.BSE_IDX,01/07/2025,09:32:24,59928.23,0,0,0,0,0,0
BSE CD.BSE_IDX,01/07/2025,09:32:32,59927.33,0,0,0,0,0,0
BSE CD.BSE_IDX,01/07/2025,09:32:40,59926.16,0,0,0,0,0,0
BSE CD.BSE_IDX,01/07/2025,09:32:48,59937.23,0,0,0,0,0,0
BSE CD.BSE_IDX,01/07/2025,09:32:56,59935.86,0,0,0,0,0,0
BSE CD.BSE_IDX,01/07/2025,09:33:04,59935.05,0,0,0,0,0,0
BSE CD.BSE_IDX,01/07/2025,09:33:12,59952.19,0,0,0,0,0,0
BSE CD.BSE_IDX,01/07/2025,09:33:20,59952.06,0,0,0,0,0,0
BSE CD.BSE_IDX,01/07/2025,09:33:28,59953.92,0,0,0,0,0,0
BSE CD.BSE_IDX,01/07/2025,09:33:36,59949.73,0,0,0,0,0,0
BSE CD.BSE_IDX,01/07/2025,09:33:44,59930.75,0,0,0,0,0,0
BSE CD.BSE_IDX,01/07/2025,09:33:52,59938.89,0,0,0,0,0,0
BSE CD.BSE_IDX,01/07/2025,09:34:00,59937.64,0,0,0,0,0,0
BSE CD.BSE_IDX,01/07/2025,09:34:08,59931.84,0,0,0,0,0,0
BSE CD.BSE_IDX,01/07/2025,09:34:16,59917.8,0,0,0,0,0,0
BSE CD.BSE_IDX,01/07/2025,09:34:24,59907.1,0,0,0,0,0,0
BSE CD.BSE_IDX,01/07/2025,09:34:32,59929.99,0,0,0,0,0,0
BSE CD.BSE_IDX,01/07/2025,09:34:40,59921.06,0,0,0,0,0,0
BSE CD.BSE_IDX,01/07/2025,09:34:48,59914.31,0,0,0,0,0,0
BSE CD.BSE_IDX,01/07/2025,09:34:56,59917.33,0,0,0,0,0,0
BSE CD.BSE_IDX,01/07/2025,09:35:05,59928.37,0,0,0,0,0,0
BSE CD.BSE_IDX,01/07/2025,09:35:12,59933.8,0,0,0,0,0,0
BSE CD.BSE_IDX,01/07/2025,09:35:20,59921.25,0,0,0,0,0,0
BSE CD.BSE_IDX,01/07/2025,09:35:28,59938.47,0,0,0,0,0,0
BSE CD.BSE_IDX,01/07/2025,09:35:36,59921.51,0,0,0,0,0,0
BSE CD.BSE_IDX,01/07/2025,09:35:44,59910.72,0,0,0,0,0,0
BSE CD.BSE_IDX,01/07/2025,09:35:52,59901.51,0,0,0,0,0,0
BSE CD.BSE_IDX,01/07/2025,09:36:00,59914.19,0,0,0,0,0,0
BSE CD.BSE_IDX,01/07/2025,09:36:08,59915.9,0,0,0,0,0,0
BSE CD.BSE_IDX,01/07/2025,09:36:16,59936.19,0,0,0,0,0,0
BSE CD.BSE_IDX,01/07/2025,09:36:24,59929.85,0,0,0,0,0,0
BSE CD.BSE_IDX,01/07/2025,09:36:33,59941.15,0,0,0,0,0,0
BSE CD.BSE_IDX,01/07/2025,09:36:40,59938.08,0,0,0,0,0,0
BSE CD.BSE_IDX,01/07/2025,09:36:48,59931.18,0,0,0,0,0,0
BSE CD.BSE_IDX,01/07/2025,09:36:56,59923.11,0,0,0,0,0,0
BSE CD.BSE_IDX,01/07/2025,09:37:04,59934.45,0,0,0,0,0,0
BSE CD.BSE_IDX,01/07/2025,09:37:12,59914.84,0,0,0,0,0,0
BSE CD.BSE_IDX,01/07/2025,09:37:20,59905.62,0,0,0,0,0,0
BSE CD.BSE_IDX,01/07/2025,09:37:28,59896.55,0,0,0,0,0,0
BSE CD.BSE_IDX,01/07/2025,09:37:36,59898.38,0,0,0,0,0,0
BSE CD.BSE_IDX,01/07/2025,09:37:44,59889.32,0,0,0,0,0,0
BSE CD.BSE_IDX,01/07/2025,09:37:52,59875.22,0,0,0,0,0,0
BSE CD.BSE_IDX,01/07/2025,09:38:00,59878.81,0,0,0,0,0,0
BSE CD.BSE_IDX,01/07/2025,09:38:08,59876.48,0,0,0,0,0,0
BSE CD.BSE_IDX,01/07/2025,09:38:16,59879.45,0,0,0,0,0,0
BSE CD.BSE_IDX,01/07/2025,09:38:24,59879.73,0,0,0,0,0,0
BSE CD.BSE_IDX,01/07/2025,09:38:32,59874.99,0,0,0,0,0,0
BSE CD.BSE_IDX,01/07/2025,09:38:40,59864.33,0,0,0,0,0,0
BSE CD.BSE_IDX,01/07/2025,09:38:48,59873.32,0,0,0,0,0,0
BSE CD.BSE_IDX,01/07/2025,09:38:56,59858.08,0,0,0,0,0,0
BSE CD.BSE_IDX,01/07/2025,09:39:04,59842.85,0,0,0,0,0,0
BSE CD.BSE_IDX,01/07/2025,09:39:12,59841.38,0,0,0,0,0,0
BSE CD.BSE_IDX,01/07/2025,09:39:20,59840.13,0,0,0,0,0,0
BSE CD.BSE_IDX,01/07/2025,09:39:28,59835.71,0,0,0,0,0,0
BSE CD.BSE_IDX,01/07/2025,09:39:36,59836.66,0,0,0,0,0,0
BSE CD.BSE_IDX,01/07/2025,09:39:44,59849.67,0,0,0,0,0,0
BSE CD.BSE_IDX,01/07/2025,09:39:52,59855.87,0,0,0,0,0,0
BSE CD.BSE_IDX,01/07/2025,09:40:00,59841.34,0,0,0,0,0,0
BSE CD.BSE_IDX,01/07/2025,09:40:08,59842.34,0,0,0,0,0,0
BSE CD.BSE_IDX,01/07/2025,09:40:16,59829.01,0,0,0,0,0,0
BSE CD.BSE_IDX,01/07/2025,09:40:24,59829.5,0,0,0,0,0,0
BSE CD.BSE_IDX,01/07/2025,09:40:32,59814.45,0,0,0,0,0,0
BSE CD.BSE_IDX,01/07/2025,09:40:40,59805.57,0,0,0,0,0,0
BSE CD.BSE_IDX,01/07/2025,09:40:48,59822.73,0,0,0,0,0,0
BSE CD.BSE_IDX,01/07/2025,09:40:56,59805.73,0,0,0,0,0,0
BSE CD.BSE_IDX,01/07/2025,09:41:04,59802.32,0,0,0,0,0,0
BSE CD.BSE_IDX,01/07/2025,09:41:12,59811.66,0,0,0,0,0,0
BSE CD.BSE_IDX,01/07/2025,09:41:20,59835.75,0,0,0,0,0,0
BSE CD.BSE_IDX,01/07/2025,09:41:28,59846.63,0,0,0,0,0,0
BSE CD.BSE_IDX,01/07/2025,09:41:36,59846.23,0,0,0,0,0,0
BSE CD.BSE_IDX,01/07/2025,09:41:44,59845.65,0,0,0,0,0,0
BSE CD.BSE_IDX,01/07/2025,09:41:52,59834.03,0,0,0,0,0,0
BSE CD.BSE_IDX,01/07/2025,09:42:00,59844.42,0,0,0,0,0,0
BSE CD.BSE_IDX,01/07/2025,09:42:08,59842.95,0,0,0,0,0,0
BSE CD.BSE_IDX,01/07/2025,09:42:16,59839.64,0,0,0,0,0,0
BSE CD.BSE_IDX,01/07/2025,09:42:24,59817.38,0,0,0,0,0,0
BSE CD.BSE_IDX,01/07/2025,09:42:32,59828.62,0,0,0,0,0,0
BSE CD.BSE_IDX,01/07/2025,09:42:40,59837.74,0,0,0,0,0,0
BSE CD.BSE_IDX,01/07/2025,09:42:48,59837.22,0,0,0,0,0,0
BSE CD.BSE_IDX,01/07/2025,09:42:56,59862.57,0,0,0,0,0,0
BSE CD.BSE_IDX,01/07/2025,09:43:04,59860.86,0,0,0,0,0,0
BSE CD.BSE_IDX,01/07/2025,09:43:12,59868.23,0,0,0,0,0,0
BSE CD.BSE_IDX,01/07/2025,09:43:20,59862.65,0,0,0,0,0,0
BSE CD.BSE_IDX,01/07/2025,09:43:28,59864.12,0,0,0,0,0,0
BSE CD.BSE_IDX,01/07/2025,09:43:36,59871.42,0,0,0,0,0,0
BSE CD.BSE_IDX,01/07/2025,09:43:44,59870.72,0,0,0,0,0,0
BSE CD.BSE_IDX,01/07/2025,09:43:53,59870.45,0,0,0,0,0,0
BSE CD.BSE_IDX,01/07/2025,09:44:00,59868.23,0,0,0,0,0,0
BSE CD.BSE_IDX,01/07/2025,09:44:08,59859.97,0,0,0,0,0,0
BSE CD.BSE_IDX,01/07/2025,09:44:16,59867.65,0,0,0,0,0,0
BSE CD.BSE_IDX,01/07/2025,09:44:24,59861.08,0,0,0,0,0,0
BSE CD.BSE_IDX,01/07/2025,09:44:32,59849.67,0,0,0,0,0,0
BSE CD.BSE_IDX,01/07/2025,09:44:40,59853.84,0,0,0,0,0,0
BSE CD.BSE_IDX,01/07/2025,09:44:48,59853.31,0,0,0,0,0,0
BSE CD.BSE_IDX,01/07/2025,09:44:56,59849.58,0,0,0,0,0,0
BSE CD.BSE_IDX,01/07/2025,09:45:05,59852.72,0,0,0,0,0,0
BSE CD.BSE_IDX,01/07/2025,09:45:12,59862.48,0,0,0,0,0,0
BSE CD.BSE_IDX,01/07/2025,09:45:20,59848.96,0,0,0,0,0,0
BSE CD.BSE_IDX,01/07/2025,09:45:28,59850.93,0,0,0,0,0,0
BSE CD.BSE_IDX,01/07/2025,09:45:36,59800.9,0,0,0,0,0,0
BSE CD.BSE_IDX,01/07/2025,09:45:44,59809.09,0,0,0,0,0,0
BSE CD.BSE_IDX,01/07/2025,09:45:52,59815.93,0,0,0,0,0,0
BSE CD.BSE_IDX,01/07/2025,09:46:01,59819.79,0,0,0,0,0,0
BSE CD.BSE_IDX,01/07/2025,09:46:08,59821.61,0,0,0,0,0,0
BSE CD.BSE_IDX,01/07/2025,09:46:16,59829.93,0,0,0,0,0,0
BSE CD.BSE_IDX,01/07/2025,09:46:24,59822.33,0,0,0,0,0,0
BSE CD.BSE_IDX,01/07/2025,09:46:32,59822.14,0,0,0,0,0,0
BSE CD.BSE_IDX,01/07/2025,09:46:40,59837.45,0,0,0,0,0,0
BSE CD.BSE_IDX,01/07/2025,09:46:48,59837.16,0,0,0,0,0,0
BSE CD.BSE_IDX,01/07/2025,09:46:56,59848.65,0,0,0,0,0,0
BSE CD.BSE_IDX,01/07/2025,09:47:04,59846.18,0,0,0,0,0,0
BSE CD.BSE_IDX,01/07/2025,09:47:12,59850.38,0,0,0,0,0,0
BSE CD.BSE_IDX,01/07/2025,09:47:20,59841.25,0,0,0,0,0,0
BSE CD.BSE_IDX,01/07/2025,09:47:28,59838.69,0,0,0,0,0,0
BSE CD.BSE_IDX,01/07/2025,09:47:36,59859.59,0,0,0,0,0,0
BSE CD.BSE_IDX,01/07/2025,09:47:44,59857.36,0,0,0,0,0,0
BSE CD.BSE_IDX,01/07/2025,09:47:52,59862.61,0,0,0,0,0,0
BSE CD.BSE_IDX,01/07/2025,09:48:00,59875.13,0,0,0,0,0,0
BSE CD.BSE_IDX,01/07/2025,09:48:08,59875.97,0,0,0,0,0,0
BSE CD.BSE_IDX,01/07/2025,09:48:16,59877.76,0,0,0,0,0,0
BSE CD.BSE_IDX,01/07/2025,09:48:24,59871.07,0,0,0,0,0,0
BSE CD.BSE_IDX,01/07/2025,09:48:32,59898.43,0,0,0,0,0,0
BSE CD.BSE_IDX,01/07/2025,09:48:40,59894.49,0,0,0,0,0,0
BSE CD.BSE_IDX,01/07/2025,09:48:48,59898.98,0,0,0,0,0,0
BSE CD.BSE_IDX,01/07/2025,09:48:56,59897.17,0,0,0,0,0,0
BSE CD.BSE_IDX,01/07/2025,09:49:04,59901.55,0,0,0,0,0,0
BSE CD.BSE_IDX,01/07/2025,09:49:12,59901.69,0,0,0,0,0,0
BSE CD.BSE_IDX,01/07/2025,09:49:20,59900.41,0,0,0,0,0,0
BSE CD.BSE_IDX,01/07/2025,09:49:28,59895.13,0,0,0,0,0,0
BSE CD.BSE_IDX,01/07/2025,09:49:36,59885.39,0,0,0,0,0,0
BSE CD.BSE_IDX,01/07/2025,09:49:44,59889.14,0,0,0,0,0,0
BSE CD.BSE_IDX,01/07/2025,09:49:52,59889.38,0,0,0,0,0,0
BSE CD.BSE_IDX,01/07/2025,09:50:00,59881.25,0,0,0,0,0,0
BSE CD.BSE_IDX,01/07/2025,09:50:08,59883.17,0,0,0,0,0,0
BSE CD.BSE_IDX,01/07/2025,09:50:16,59889.17,0,0,0,0,0,0
BSE CD.BSE_IDX,01/07/2025,09:50:24,59884.26,0,0,0,0,0,0
BSE CD.BSE_IDX,01/07/2025,09:50:32,59889.6,0,0,0,0,0,0
BSE CD.BSE_IDX,01/07/2025,09:50:40,59886.62,0,0,0,0,0,0
BSE CD.BSE_IDX,01/07/2025,09:50:48,59885.69,0,0,0,0,0,0
BSE CD.BSE_IDX,01/07/2025,09:50:57,59878.48,0,0,0,0,0,0
BSE CD.BSE_IDX,01/07/2025,09:51:04,59843.71,0,0,0,0,0,0
BSE CD.BSE_IDX,01/07/2025,09:51:12,59852.94,0,0,0,0,0,0
BSE CD.BSE_IDX,01/07/2025,09:51:20,59848.13,0,0,0,0,0,0
BSE CD.BSE_IDX,01/07/2025,09:51:28,59849.18,0,0,0,0,0,0
BSE CD.BSE_IDX,01/07/2025,09:51:37,59836.71,0,0,0,0,0,0
BSE CD.BSE_IDX,01/07/2025,09:51:44,59836.98,0,0,0,0,0,0
BSE CD.BSE_IDX,01/07/2025,09:51:52,59835.64,0,0,0,0,0,0
BSE CD.BSE_IDX,01/07/2025,09:52:01,59838.01,0,0,0,0,0,0
BSE CD.BSE_IDX,01/07/2025,09:52:08,59831.44,0,0,0,0,0,0
BSE CD.BSE_IDX,01/07/2025,09:52:17,59835.66,0,0,0,0,0,0
BSE CD.BSE_IDX,01/07/2025,09:52:24,59835.33,0,0,0,0,0,0
BSE CD.BSE_IDX,01/07/2025,09:52:32,59837.19,0,0,0,0,0,0
BSE CD.BSE_IDX,01/07/2025,09:52:40,59836.22,0,0,0,0,0,0
BSE CD.BSE_IDX,01/07/2025,09:52:48,59837.31,0,0,0,0,0,0
BSE CD.BSE_IDX,01/07/2025,09:52:57,59835.2,0,0,0,0,0,0
BSE CD.BSE_IDX,01/07/2025,09:53:04,59830.42,0,0,0,0,0,0
BSE CD.BSE_IDX,01/07/2025,09:53:13,59836.18,0,0,0,0,0,0
BSE CD.BSE_IDX,01/07/2025,09:53:20,59833.73,0,0,0,0,0,0
BSE CD.BSE_IDX,01/07/2025,09:53:28,59833.22,0,0,0,0,0,0
BSE CD.BSE_IDX,01/07/2025,09:53:36,59833.27,0,0,0,0,0,0
BSE CD.BSE_IDX,01/07/2025,09:53:44,59833.27,0,0,0,0,0,0
BSE CD.BSE_IDX,01/07/2025,09:53:52,59812.89,0,0,0,0,0,0
BSE CD.BSE_IDX,01/07/2025,09:54:00,59797.86,0,0,0,0,0,0
BSE CD.BSE_IDX,01/07/2025,09:54:08,59796.18,0,0,0,0,0,0
BSE CD.BSE_IDX,01/07/2025,09:54:16,59813.99,0,0,0,0,0,0
BSE CD.BSE_IDX,01/07/2025,09:54:24,59804.32,0,0,0,0,0,0
BSE CD.BSE_IDX,01/07/2025,09:54:32,59811.1,0,0,0,0,0,0
BSE CD.BSE_IDX,01/07/2025,09:54:40,59808.88,0,0,0,0,0,0
BSE CD.BSE_IDX,01/07/2025,09:54:48,59805.98,0,0,0,0,0,0
BSE CD.BSE_IDX,01/07/2025,09:54:56,59797.08,0,0,0,0,0,0
BSE CD.BSE_IDX,01/07/2025,09:55:04,59791.67,0,0,0,0,0,0
BSE CD.BSE_IDX,01/07/2025,09:55:12,59819.28,0,0,0,0,0,0
BSE CD.BSE_IDX,01/07/2025,09:55:20,59821.14,0,0,0,0,0,0
BSE CD.BSE_IDX,01/07/2025,09:55:28,59808.97,0,0,0,0,0,0
BSE CD.BSE_IDX,01/07/2025,09:55:36,59809.2,0,0,0,0,0,0
BSE CD.BSE_IDX,01/07/2025,09:55:44,59801.31,0,0,0,0,0,0
BSE CD.BSE_IDX,01/07/2025,09:55:52,59790.02,0,0,0,0,0,0
BSE CD.BSE_IDX,01/07/2025,09:56:00,59786.79,0,0,0,0,0,0
BSE CD.BSE_IDX,01/07/2025,09:56:08,59788.46,0,0,0,0,0,0
BSE CD.BSE_IDX,01/07/2025,09:56:16,59790.8,0,0,0,0,0,0
BSE CD.BSE_IDX,01/07/2025,09:56:25,59783.96,0,0,0,0,0,0
BSE CD.BSE_IDX,01/07/2025,09:56:32,59780.93,0,0,0,0,0,0
BSE CD.BSE_IDX,01/07/2025,09:56:41,59784.11,0,0,0,0,0,0
BSE CD.BSE_IDX,01/07/2025,09:56:48,59767.52,0,0,0,0,0,0
BSE CD.BSE_IDX,01/07/2025,09:56:57,59761.67,0,0,0,0,0,0
BSE CD.BSE_IDX,01/07/2025,09:57:04,59767.31,0,0,0,0,0,0
BSE CD.BSE_IDX,01/07/2025,09:57:12,59765.11,0,0,0,0,0,0
BSE CD.BSE_IDX,01/07/2025,09:57:20,59776.43,0,0,0,0,0,0
BSE CD.BSE_IDX,01/07/2025,09:57:28,59809.66,0,0,0,0,0,0
BSE CD.BSE_IDX,01/07/2025,09:57:36,59802.3,0,0,0,0,0,0
BSE CD.BSE_IDX,01/07/2025,09:57:44,59806.48,0,0,0,0,0,0
BSE CD.BSE_IDX,01/07/2025,09:57:52,59821.4,0,0,0,0,0,0
BSE CD.BSE_IDX,01/07/2025,09:58:00,59813.89,0,0,0,0,0,0
BSE CD.BSE_IDX,01/07/2025,09:58:08,59808.47,0,0,0,0,0,0
BSE CD.BSE_IDX,01/07/2025,09:58:16,59819.48,0,0,0,0,0,0
BSE CD.BSE_IDX,01/07/2025,09:58:24,59819.48,0,0,0,0,0,0
BSE CD.BSE_IDX,01/07/2025,09:58:32,59821.73,0,0,0,0,0,0
BSE CD.BSE_IDX,01/07/2025,09:58:40,59822.66,0,0,0,0,0,0
BSE CD.BSE_IDX,01/07/2025,09:58:48,59829.8,0,0,0,0,0,0
BSE CD.BSE_IDX,01/07/2025,09:58:56,59841.14,0,0,0,0,0,0
BSE CD.BSE_IDX,01/07/2025,09:59:05,59849.85,0,0,0,0,0,0
BSE CD.BSE_IDX,01/07/2025,09:59:12,59849.51,0,0,0,0,0,0
BSE CD.BSE_IDX,01/07/2025,09:59:20,59845.38,0,0,0,0,0,0
BSE CD.BSE_IDX,01/07/2025,09:59:28,59861.87,0,0,0,0,0,0
BSE CD.BSE_IDX,01/07/2025,09:59:36,59860.67,0,0,0,0,0,0
BSE CD.BSE_IDX,01/07/2025,09:59:45,59860.34,0,0,0,0,0,0
BSE CD.BSE_IDX,01/07/2025,09:59:52,59850.68,0,0,0,0,0,0
BSE CD.BSE_IDX,01/07/2025,10:00:00,59875.16,0,0,0,0,0,0
BSE CD.BSE_IDX,01/07/2025,10:00:08,59854.73,0,0,0,0,0,0
BSE CD.BSE_IDX,01/07/2025,10:00:16,59869.67,0,0,0,0,0,0
BSE CD.BSE_IDX,01/07/2025,10:00:24,59871.15,0,0,0,0,0,0
BSE CD.BSE_IDX,01/07/2025,10:00:32,59874.39,0,0,0,0,0,0
BSE CD.BSE_IDX,01/07/2025,10:00:40,59877.2,0,0,0,0,0,0
BSE CD.BSE_IDX,01/07/2025,10:00:48,59876.11,0,0,0,0,0,0
BSE CD.BSE_IDX,01/07/2025,10:00:56,59880.13,0,0,0,0,0,0
BSE CD.BSE_IDX,01/07/2025,10:01:04,59862.75,0,0,0,0,0,0
BSE CD.BSE_IDX,01/07/2025,10:01:12,59849.23,0,0,0,0,0,0
BSE CD.BSE_IDX,01/07/2025,10:01:21,59816.69,0,0,0,0,0,0
BSE CD.BSE_IDX,01/07/2025,10:01:28,59815.77,0,0,0,0,0,0
BSE CD.BSE_IDX,01/07/2025,10:01:36,59817.12,0,0,0,0,0,0
BSE CD.BSE_IDX,01/07/2025,10:01:44,59819.11,0,0,0,0,0,0
BSE CD.BSE_IDX,01/07/2025,10:01:52,59818.84,0,0,0,0,0,0
BSE CD.BSE_IDX,01/07/2025,10:02:00,59815.93,0,0,0,0,0,0
BSE CD.BSE_IDX,01/07/2025,10:02:08,59814.56,0,0,0,0,0,0
BSE CD.BSE_IDX,01/07/2025,10:02:16,59814.82,0,0,0,0,0,0
BSE CD.BSE_IDX,01/07/2025,10:02:24,59822.2,0,0,0,0,0,0
BSE CD.BSE_IDX,01/07/2025,10:02:32,59807.91,0,0,0,0,0,0
BSE CD.BSE_IDX,01/07/2025,10:02:41,59813.23,0,0,0,0,0,0
BSE CD.BSE_IDX,01/07/2025,10:02:49,59814.82,0,0,0,0,0,0
BSE CD.BSE_IDX,01/07/2025,10:02:56,59809.38,0,0,0,0,0,0
BSE CD.BSE_IDX,01/07/2025,10:03:04,59801.39,0,0,0,0,0,0
BSE CD.BSE_IDX,01/07/2025,10:03:13,59807.91,0,0,0,0,0,0
BSE CD.BSE_IDX,01/07/2025,10:03:20,59801.3,0,0,0,0,0,0
BSE CD.BSE_IDX,01/07/2025,10:03:29,59790.11,0,0,0,0,0,0
BSE CD.BSE_IDX,01/07/2025,10:03:37,59777.72,0,0,0,0,0,0
BSE CD.BSE_IDX,01/07/2025,10:03:45,59826.49,0,0,0,0,0,0
BSE CD.BSE_IDX,01/07/2025,10:03:53,59819.83,0,0,0,0,0,0
BSE CD.BSE_IDX,01/07/2025,10:04:01,59819.76,0,0,0,0,0,0
BSE CD.BSE_IDX,01/07/2025,10:04:09,59818.76,0,0,0,0,0,0
BSE CD.BSE_IDX,01/07/2025,10:04:17,59813.23,0,0,0,0,0,0
BSE CD.BSE_IDX,01/07/2025,10:04:25,59813.35,0,0,0,0,0,0
BSE CD.BSE_IDX,01/07/2025,10:04:33,59818.21,0,0,0,0,0,0
BSE CD.BSE_IDX,01/07/2025,10:04:41,59825.41,0,0,0,0,0,0
BSE CD.BSE_IDX,01/07/2025,10:04:50,59817.1,0,0,0,0,0,0
BSE CD.BSE_IDX,01/07/2025,10:04:57,59809.9,0,0,0,0,0,0
BSE CD.BSE_IDX,01/07/2025,10:05:05,59821.1,0,0,0,0,0,0
BSE CD.BSE_IDX,01/07/2025,10:05:14,59811.93,0,0,0,0,0,0
BSE CD.BSE_IDX,01/07/2025,10:05:21,59822.9,0,0,0,0,0,0
BSE CD.BSE_IDX,01/07/2025,10:05:29,59817.73,0,0,0,0,0,0
BSE CD.BSE_IDX,01/07/2025,10:05:37,59826.93,0,0,0,0,0,0
BSE CD.BSE_IDX,01/07/2025,10:05:45,59822.07,0,0,0,0,0,0
BSE CD.BSE_IDX,01/07/2025,10:05:53,59831.19,0,0,0,0,0,0
BSE CD.BSE_IDX,01/07/2025,10:06:01,59838.46,0,0,0,0,0,0
BSE CD.BSE_IDX,01/07/2025,10:06:09,59832.41,0,0,0,0,0,0
BSE CD.BSE_IDX,01/07/2025,10:06:17,59833.54,0,0,0,0,0,0
BSE CD.BSE_IDX,01/07/2025,10:06:25,59830.01,0,0,0,0,0,0
BSE CD.BSE_IDX,01/07/2025,10:06:33,59822.37,0,0,0,0,0,0
BSE CD.BSE_IDX,01/07/2025,10:06:41,59821.54,0,0,0,0,0,0
BSE CD.BSE_IDX,01/07/2025,10:06:49,59828.74,0,0,0,0,0,0
BSE CD.BSE_IDX,01/07/2025,10:06:57,59831.36,0,0,0,0,0,0
BSE CD.BSE_IDX,01/07/2025,10:07:05,59846.61,0,0,0,0,0,0
BSE CD.BSE_IDX,01/07/2025,10:07:13,59844.8,0,0,0,0,0,0
BSE CD.BSE_IDX,01/07/2025,10:07:21,59837.99,0,0,0,0,0,0
BSE CD.BSE_IDX,01/07/2025,10:07:29,59841.97,0,0,0,0,0,0
BSE CD.BSE_IDX,01/07/2025,10:07:37,59849.33,0,0,0,0,0,0
BSE CD.BSE_IDX,01/07/2025,10:07:45,59860.45,0,0,0,0,0,0
BSE CD.BSE_IDX,01/07/2025,10:07:53,59856.46,0,0,0,0,0,0
BSE CD.BSE_IDX,01/07/2025,10:08:01,59861.25,0,0,0,0,0,0
BSE CD.BSE_IDX,01/07/2025,10:08:09,59861.1,0,0,0,0,0,0
BSE CD.BSE_IDX,01/07/2025,10:08:17,59860.93,0,0,0,0,0,0
BSE CD.BSE_IDX,01/07/2025,10:08:25,59860.8,0,0,0,0,0,0
BSE CD.BSE_IDX,01/07/2025,10:08:33,59859.74,0,0,0,0,0,0
BSE CD.BSE_IDX,01/07/2025,10:08:41,59851.99,0,0,0,0,0,0
BSE CD.BSE_IDX,01/07/2025,10:08:49,59845.95,0,0,0,0,0,0
BSE CD.BSE_IDX,01/07/2025,10:08:57,59852.7,0,0,0,0,0,0
BSE CD.BSE_IDX,01/07/2025,10:09:05,59856.8,0,0,0,0,0,0
BSE CD.BSE_IDX,01/07/2025,10:09:13,59853.09,0,0,0,0,0,0
BSE CD.BSE_IDX,01/07/2025,10:09:21,59852.94,0,0,0,0,0,0
BSE CD.BSE_IDX,01/07/2025,10:09:29,59853.35,0,0,0,0,0,0
BSE CD.BSE_IDX,01/07/2025,10:09:37,59849.35,0,0,0,0,0,0
BSE CD.BSE_IDX,01/07/2025,10:09:45,59850.25,0,0,0,0,0,0
BSE CD.BSE_IDX,01/07/2025,10:09:53,59855.89,0,0,0,0,0,0
BSE CD.BSE_IDX,01/07/2025,10:10:01,59860.07,0,0,0,0,0,0
BSE CD.BSE_IDX,01/07/2025,10:10:09,59849.5,0,0,0,0,0,0
BSE CD.BSE_IDX,01/07/2025,10:10:17,59843.76,0,0,0,0,0,0
BSE CD.BSE_IDX,01/07/2025,10:10:25,59845.37,0,0,0,0,0,0
BSE CD.BSE_IDX,01/07/2025,10:10:33,59833.92,0,0,0,0,0,0
BSE CD.BSE_IDX,01/07/2025,10:10:41,59839.44,0,0,0,0,0,0
BSE CD.BSE_IDX,01/07/2025,10:10:49,59846.02,0,0,0,0,0,0
BSE CD.BSE_IDX,01/07/2025,10:10:57,59846.47,0,0,0,0,0,0
BSE CD.BSE_IDX,01/07/2025,10:11:05,59852.11,0,0,0,0,0,0
BSE CD.BSE_IDX,01/07/2025,10:11:13,59861.64,0,0,0,0,0,0
BSE CD.BSE_IDX,01/07/2025,10:11:22,59854.49,0,0,0,0,0,0
BSE CD.BSE_IDX,01/07/2025,10:11:29,59848.74,0,0,0,0,0,0
BSE CD.BSE_IDX,01/07/2025,10:11:37,59848.47,0,0,0,0,0,0
BSE CD.BSE_IDX,01/07/2025,10:11:45,59850.4,0,0,0,0,0,0
BSE CD.BSE_IDX,01/07/2025,10:11:53,59851.33,0,0,0,0,0,0
BSE CD.BSE_IDX,01/07/2025,10:12:01,59848.07,0,0,0,0,0,0
BSE CD.BSE_IDX,01/07/2025,10:12:09,59842.86,0,0,0,0,0,0
BSE CD.BSE_IDX,01/07/2025,10:12:17,59843.22,0,0,0,0,0,0
BSE CD.BSE_IDX,01/07/2025,10:12:25,59840.02,0,0,0,0,0,0
BSE CD.BSE_IDX,01/07/2025,10:12:33,59853.63,0,0,0,0,0,0
BSE CD.BSE_IDX,01/07/2025,10:12:41,59835.28,0,0,0,0,0,0
BSE CD.BSE_IDX,01/07/2025,10:12:49,59850.68,0,0,0,0,0,0
BSE CD.BSE_IDX,01/07/2025,10:12:57,59848.96,0,0,0,0,0,0
BSE CD.BSE_IDX,01/07/2025,10:13:05,59846.44,0,0,0,0,0,0
BSE CD.BSE_IDX,01/07/2025,10:13:13,59833.85,0,0,0,0,0,0
BSE CD.BSE_IDX,01/07/2025,10:13:21,59837.72,0,0,0,0,0,0
BSE CD.BSE_IDX,01/07/2025,10:13:29,59861.81,0,0,0,0,0,0
BSE CD.BSE_IDX,01/07/2025,10:13:37,59860.99,0,0,0,0,0,0
BSE CD.BSE_IDX,01/07/2025,10:13:45,59863.09,0,0,0,0,0,0
BSE CD.BSE_IDX,01/07/2025,10:13:53,59854.95,0,0,0,0,0,0
BSE CD.BSE_IDX,01/07/2025,10:14:01,59863.97,0,0,0,0,0,0
BSE CD.BSE_IDX,01/07/2025,10:14:09,59862.23,0,0,0,0,0,0
BSE CD.BSE_IDX,01/07/2025,10:14:17,59869.84,0,0,0,0,0,0
BSE CD.BSE_IDX,01/07/2025,10:14:25,59869.03,0,0,0,0,0,0
BSE CD.BSE_IDX,01/07/2025,10:14:33,59864.92,0,0,0,0,0,0
BSE CD.BSE_IDX,01/07/2025,10:14:41,59869.4,0,0,0,0,0,0
BSE CD.BSE_IDX,01/07/2025,10:14:49,59859.49,0,0,0,0,0,0
BSE CD.BSE_IDX,01/07/2025,10:14:57,59849.85,0,0,0,0,0,0
BSE CD.BSE_IDX,01/07/2025,10:15:05,59857.77,0,0,0,0,0,0
BSE CD.BSE_IDX,01/07/2025,10:15:13,59866.04,0,0,0,0,0,0
BSE CD.BSE_IDX,01/07/2025,10:15:21,59878.92,0,0,0,0,0,0
BSE CD.BSE_IDX,01/07/2025,10:15:29,59875.7,0,0,0,0,0,0
BSE CD.BSE_IDX,01/07/2025,10:15:37,59873.86,0,0,0,0,0,0
BSE CD.BSE_IDX,01/07/2025,10:15:45,59858.74,0,0,0,0,0,0
BSE CD.BSE_IDX,01/07/2025,10:15:53,59834.75,0,0,0,0,0,0
BSE CD.BSE_IDX,01/07/2025,10:16:01,59842.4,0,0,0,0,0,0
BSE CD.BSE_IDX,01/07/2025,10:16:09,59840.79,0,0,0,0,0,0
BSE CD.BSE_IDX,01/07/2025,10:16:17,59851.68,0,0,0,0,0,0
BSE CD.BSE_IDX,01/07/2025,10:16:25,59852.43,0,0,0,0,0,0
BSE CD.BSE_IDX,01/07/2025,10:16:33,59851.39,0,0,0,0,0,0
BSE CD.BSE_IDX,01/07/2025,10:16:41,59847.32,0,0,0,0,0,0
BSE CD.BSE_IDX,01/07/2025,10:16:49,59843.19,0,0,0,0,0,0
BSE CD.BSE_IDX,01/07/2025,10:16:57,59839.46,0,0,0,0,0,0
BSE CD.BSE_IDX,01/07/2025,10:17:05,59830.4,0,0,0,0,0,0
BSE CD.BSE_IDX,01/07/2025,10:17:13,59835.73,0,0,0,0,0,0
BSE CD.BSE_IDX,01/07/2025,10:17:21,59840.31,0,0,0,0,0,0
BSE CD.BSE_IDX,01/07/2025,10:17:29,59831.4,0,0,0,0,0,0
BSE CD.BSE_IDX,01/07/2025,10:17:37,59834.26,0,0,0,0,0,0
BSE CD.BSE_IDX,01/07/2025,10:17:45,59842.23,0,0,0,0,0,0
BSE CD.BSE_IDX,01/07/2025,10:17:53,59859.52,0,0,0,0,0,0
BSE CD.BSE_IDX,01/07/2025,10:18:01,59869.11,0,0,0,0,0,0
BSE CD.BSE_IDX,01/07/2025,10:18:09,59872,0,0,0,0,0,0
BSE CD.BSE_IDX,01/07/2025,10:18:17,59874.99,0,0,0,0,0,0
BSE CD.BSE_IDX,01/07/2025,10:18:25,59872.27,0,0,0,0,0,0
BSE CD.BSE_IDX,01/07/2025,10:18:33,59882.65,0,0,0,0,0,0
BSE CD.BSE_IDX,01/07/2025,10:18:41,59872.48,0,0,0,0,0,0
BSE CD.BSE_IDX,01/07/2025,10:18:49,59880.88,0,0,0,0,0,0
BSE CD.BSE_IDX,01/07/2025,10:18:57,59872.88,0,0,0,0,0,0
BSE CD.BSE_IDX,01/07/2025,10:19:05,59861.4,0,0,0,0,0,0
BSE CD.BSE_IDX,01/07/2025,10:19:13,59863.22,0,0,0,0,0,0
BSE CD.BSE_IDX,01/07/2025,10:19:21,59859.56,0,0,0,0,0,0
BSE CD.BSE_IDX,01/07/2025,10:19:29,59860.08,0,0,0,0,0,0
BSE CD.BSE_IDX,01/07/2025,10:19:37,59851.25,0,0,0,0,0,0
BSE CD.BSE_IDX,01/07/2025,10:19:45,59870.22,0,0,0,0,0,0
BSE CD.BSE_IDX,01/07/2025,10:19:53,59863.48,0,0,0,0,0,0
BSE CD.BSE_IDX,01/07/2025,10:20:01,59863.44,0,0,0,0,0,0
BSE CD.BSE_IDX,01/07/2025,10:20:09,59860.82,0,0,0,0,0,0
BSE CD.BSE_IDX,01/07/2025,10:20:17,59852.41,0,0,0,0,0,0
BSE CD.BSE_IDX,01/07/2025,10:20:25,59854.04,0,0,0,0,0,0
BSE CD.BSE_IDX,01/07/2025,10:20:33,59857.65,0,0,0,0,0,0
BSE CD.BSE_IDX,01/07/2025,10:20:41,59872.15,0,0,0,0,0,0
BSE CD.BSE_IDX,01/07/2025,10:20:49,59875.36,0,0,0,0,0,0
BSE CD.BSE_IDX,01/07/2025,10:20:57,59872.95,0,0,0,0,0,0
BSE CD.BSE_IDX,01/07/2025,10:21:05,59869.04,0,0,0,0,0,0
BSE CD.BSE_IDX,01/07/2025,10:21:13,59867.81,0,0,0,0,0,0
BSE CD.BSE_IDX,01/07/2025,10:21:21,59865.52,0,0,0,0,0,0
BSE CD.BSE_IDX,01/07/2025,10:21:29,59863.99,0,0,0,0,0,0
BSE CD.BSE_IDX,01/07/2025,10:21:37,59856.38,0,0,0,0,0,0
BSE CD.BSE_IDX,01/07/2025,10:21:45,59833.46,0,0,0,0,0,0
BSE CD.BSE_IDX,01/07/2025,10:21:53,59845.1,0,0,0,0,0,0
BSE CD.BSE_IDX,01/07/2025,10:22:01,59843.62,0,0,0,0,0,0
BSE CD.BSE_IDX,01/07/2025,10:22:09,59839.44,0,0,0,0,0,0
BSE CD.BSE_IDX,01/07/2025,10:22:17,59832.9,0,0,0,0,0,0
BSE CD.BSE_IDX,01/07/2025,10:22:25,59832.99,0,0,0,0,0,0
BSE CD.BSE_IDX,01/07/2025,10:22:33,59831.46,0,0,0,0,0,0
BSE CD.BSE_IDX,01/07/2025,10:22:41,59827.82,0,0,0,0,0,0
BSE CD.BSE_IDX,01/07/2025,10:22:49,59833,0,0,0,0,0,0
BSE CD.BSE_IDX,01/07/2025,10:22:57,59839.99,0,0,0,0,0,0
BSE CD.BSE_IDX,01/07/2025,10:23:05,59840.16,0,0,0,0,0,0
BSE CD.BSE_IDX,01/07/2025,10:23:13,59840.61,0,0,0,0,0,0
BSE CD.BSE_IDX,01/07/2025,10:23:21,59845,0,0,0,0,0,0
BSE CD.BSE_IDX,01/07/2025,10:23:29,59855.7,0,0,0,0,0,0
BSE CD.BSE_IDX,01/07/2025,10:23:37,59856.79,0,0,0,0,0,0
BSE CD.BSE_IDX,01/07/2025,10:23:45,59851.9,0,0,0,0,0,0
BSE CD.BSE_IDX,01/07/2025,10:23:53,59853.95,0,0,0,0,0,0
BSE CD.BSE_IDX,01/07/2025,10:24:01,59855.28,0,0,0,0,0,0
BSE CD.BSE_IDX,01/07/2025,10:24:09,59851.94,0,0,0,0,0,0
BSE CD.BSE_IDX,01/07/2025,10:24:17,59851.94,0,0,0,0,0,0
BSE CD.BSE_IDX,01/07/2025,10:24:25,59855.5,0,0,0,0,0,0
BSE CD.BSE_IDX,01/07/2025,10:24:33,59849.16,0,0,0,0,0,0
BSE CD.BSE_IDX,01/07/2025,10:24:41,59851.63,0,0,0,0,0,0
BSE CD.BSE_IDX,01/07/2025,10:24:49,59871.17,0,0,0,0,0,0
BSE CD.BSE_IDX,01/07/2025,10:24:57,59873.09,0,0,0,0,0,0
BSE CD.BSE_IDX,01/07/2025,10:25:05,59877.12,0,0,0,0,0,0
BSE CD.BSE_IDX,01/07/2025,10:25:13,59881.13,0,0,0,0,0,0
BSE CD.BSE_IDX,01/07/2025,10:25:21,59881.05,0,0,0,0,0,0
BSE CD.BSE_IDX,01/07/2025,10:25:29,59872.34,0,0,0,0,0,0
BSE CD.BSE_IDX,01/07/2025,10:25:37,59883.28,0,0,0,0,0,0
BSE CD.BSE_IDX,01/07/2025,10:25:45,59877.04,0,0,0,0,0,0
BSE CD.BSE_IDX,01/07/2025,10:25:53,59884.65,0,0,0,0,0,0
BSE CD.BSE_IDX,01/07/2025,10:26:01,59876.31,0,0,0,0,0,0
BSE CD.BSE_IDX,01/07/2025,10:26:09,59878.08,0,0,0,0,0,0
BSE CD.BSE_IDX,01/07/2025,10:26:17,59884.43,0,0,0,0,0,0
BSE CD.BSE_IDX,01/07/2025,10:26:25,59875.68,0,0,0,0,0,0
BSE CD.BSE_IDX,01/07/2025,10:26:33,59886.09,0,0,0,0,0,0
BSE CD.BSE_IDX,01/07/2025,10:26:41,59885.46,0,0,0,0,0,0
BSE CD.BSE_IDX,01/07/2025,10:26:49,59900.07,0,0,0,0,0,0
BSE CD.BSE_IDX,01/07/2025,10:26:57,59905.55,0,0,0,0,0,0
BSE CD.BSE_IDX,01/07/2025,10:27:05,59910.04,0,0,0,0,0,0
BSE CD.BSE_IDX,01/07/2025,10:27:13,59913.79,0,0,0,0,0,0
BSE CD.BSE_IDX,01/07/2025,10:27:21,59909.74,0,0,0,0,0,0
BSE CD.BSE_IDX,01/07/2025,10:27:29,59913.06,0,0,0,0,0,0
BSE CD.BSE_IDX,01/07/2025,10:27:37,59912.76,0,0,0,0,0,0
BSE CD.BSE_IDX,01/07/2025,10:27:45,59907.98,0,0,0,0,0,0
BSE CD.BSE_IDX,01/07/2025,10:27:53,59920.05,0,0,0,0,0,0
BSE CD.BSE_IDX,01/07/2025,10:28:01,59926.8,0,0,0,0,0,0
BSE CD.BSE_IDX,01/07/2025,10:28:09,59936.52,0,0,0,0,0,0
BSE CD.BSE_IDX,01/07/2025,10:28:17,59921.94,0,0,0,0,0,0
BSE CD.BSE_IDX,01/07/2025,10:28:25,59920.56,0,0,0,0,0,0
BSE CD.BSE_IDX,01/07/2025,10:28:33,59933.75,0,0,0,0,0,0
BSE CD.BSE_IDX,01/07/2025,10:28:41,59929.46,0,0,0,0,0,0
BSE CD.BSE_IDX,01/07/2025,10:28:49,59944.14,0,0,0,0,0,0
BSE CD.BSE_IDX,01/07/2025,10:28:57,59930.98,0,0,0,0,0,0
BSE CD.BSE_IDX,01/07/2025,10:29:05,59926.62,0,0,0,0,0,0
BSE CD.BSE_IDX,01/07/2025,10:29:13,59923.12,0,0,0,0,0,0
BSE CD.BSE_IDX,01/07/2025,10:29:21,59922.18,0,0,0,0,0,0
BSE CD.BSE_IDX,01/07/2025,10:29:29,59911.8,0,0,0,0,0,0
BSE CD.BSE_IDX,01/07/2025,10:29:37,59916.46,0,0,0,0,0,0
BSE CD.BSE_IDX,01/07/2025,10:29:46,59895.95,0,0,0,0,0,0
BSE CD.BSE_IDX,01/07/2025,10:29:54,59896.17,0,0,0,0,0,0
BSE CD.BSE_IDX,01/07/2025,10:30:01,59897.52,0,0,0,0,0,0
BSE CD.BSE_IDX,01/07/2025,10:30:09,59905.75,0,0,0,0,0,0
BSE CD.BSE_IDX,01/07/2025,10:30:17,59922.03,0,0,0,0,0,0
BSE CD.BSE_IDX,01/07/2025,10:30:25,59927.81,0,0,0,0,0,0
BSE CD.BSE_IDX,01/07/2025,10:30:33,59932.29,0,0,0,0,0,0
BSE CD.BSE_IDX,01/07/2025,10:30:41,59937.19,0,0,0,0,0,0
BSE CD.BSE_IDX,01/07/2025,10:30:49,59949.56,0,0,0,0,0,0
BSE CD.BSE_IDX,01/07/2025,10:30:57,59938.38,0,0,0,0,0,0
BSE CD.BSE_IDX,01/07/2025,10:31:05,59936.54,0,0,0,0,0,0
BSE CD.BSE_IDX,01/07/2025,10:31:13,59928.65,0,0,0,0,0,0
BSE CD.BSE_IDX,01/07/2025,10:31:21,59935.05,0,0,0,0,0,0
BSE CD.BSE_IDX,01/07/2025,10:31:29,59935.29,0,0,0,0,0,0
BSE CD.BSE_IDX,01/07/2025,10:31:37,59926.04,0,0,0,0,0,0
BSE CD.BSE_IDX,01/07/2025,10:31:45,59930.99,0,0,0,0,0,0
BSE CD.BSE_IDX,01/07/2025,10:31:53,59924.2,0,0,0,0,0,0
BSE CD.BSE_IDX,01/07/2025,10:32:01,59917.16,0,0,0,0,0,0
BSE CD.BSE_IDX,01/07/2025,10:32:09,59927.8,0,0,0,0,0,0
BSE CD.BSE_IDX,01/07/2025,10:32:17,59935.23,0,0,0,0,0,0
BSE CD.BSE_IDX,01/07/2025,10:32:25,59938.29,0,0,0,0,0,0
BSE CD.BSE_IDX,01/07/2025,10:32:33,59937.77,0,0,0,0,0,0
BSE CD.BSE_IDX,01/07/2025,10:32:41,59941.74,0,0,0,0,0,0
BSE CD.BSE_IDX,01/07/2025,10:32:49,59944.04,0,0,0,0,0,0
BSE CD.BSE_IDX,01/07/2025,10:32:57,59939.98,0,0,0,0,0,0
BSE CD.BSE_IDX,01/07/2025,10:33:05,59943.69,0,0,0,0,0,0
BSE CD.BSE_IDX,01/07/2025,10:33:13,59943.05,0,0,0,0,0,0
BSE CD.BSE_IDX,01/07/2025,10:33:21,59942.29,0,0,0,0,0,0
BSE CD.BSE_IDX,01/07/2025,10:33:29,59942.98,0,0,0,0,0,0
BSE CD.BSE_IDX,01/07/2025,10:33:37,59943.89,0,0,0,0,0,0
BSE CD.BSE_IDX,01/07/2025,10:33:45,59940.74,0,0,0,0,0,0
BSE CD.BSE_IDX,01/07/2025,10:33:53,59952.17,0,0,0,0,0,0
BSE CD.BSE_IDX,01/07/2025,10:34:01,59950.06,0,0,0,0,0,0
BSE CD.BSE_IDX,01/07/2025,10:34:09,59942.5,0,0,0,0,0,0
BSE CD.BSE_IDX,01/07/2025,10:34:17,59943.42,0,0,0,0,0,0
BSE CD.BSE_IDX,01/07/2025,10:34:25,59946.15,0,0,0,0,0,0
BSE CD.BSE_IDX,01/07/2025,10:34:33,59948.51,0,0,0,0,0,0
BSE CD.BSE_IDX,01/07/2025,10:34:41,59951.95,0,0,0,0,0,0
BSE CD.BSE_IDX,01/07/2025,10:34:49,59953.55,0,0,0,0,0,0
BSE CD.BSE_IDX,01/07/2025,10:34:58,59942.88,0,0,0,0,0,0
BSE CD.BSE_IDX,01/07/2025,10:35:06,59939.01,0,0,0,0,0,0
BSE CD.BSE_IDX,01/07/2025,10:35:14,59933.19,0,0,0,0,0,0
BSE CD.BSE_IDX,01/07/2025,10:35:21,59938.3,0,0,0,0,0,0
BSE CD.BSE_IDX,01/07/2025,10:35:29,59936.32,0,0,0,0,0,0
BSE CD.BSE_IDX,01/07/2025,10:35:37,59939.1,0,0,0,0,0,0
BSE CD.BSE_IDX,01/07/2025,10:35:45,59927.92,0,0,0,0,0,0
BSE CD.BSE_IDX,01/07/2025,10:35:54,59937.93,0,0,0,0,0,0
BSE CD.BSE_IDX,01/07/2025,10:36:02,59938.47,0,0,0,0,0,0
BSE CD.BSE_IDX,01/07/2025,10:36:10,59943.94,0,0,0,0,0,0
BSE CD.BSE_IDX,01/07/2025,10:36:17,59950.49,0,0,0,0,0,0
BSE CD.BSE_IDX,01/07/2025,10:36:25,59950.04,0,0,0,0,0,0
BSE CD.BSE_IDX,01/07/2025,10:36:34,59935.62,0,0,0,0,0,0
BSE CD.BSE_IDX,01/07/2025,10:36:42,59941.94,0,0,0,0,0,0
BSE CD.BSE_IDX,01/07/2025,10:36:49,59933.41,0,0,0,0,0,0
BSE CD.BSE_IDX,01/07/2025,10:36:58,59933.2,0,0,0,0,0,0
BSE CD.BSE_IDX,01/07/2025,10:37:05,59930.75,0,0,0,0,0,0
BSE CD.BSE_IDX,01/07/2025,10:37:14,59930.82,0,0,0,0,0,0
BSE CD.BSE_IDX,01/07/2025,10:37:21,59929.72,0,0,0,0,0,0
BSE CD.BSE_IDX,01/07/2025,10:37:30,59927.55,0,0,0,0,0,0
BSE CD.BSE_IDX,01/07/2025,10:37:38,59928.3,0,0,0,0,0,0
BSE CD.BSE_IDX,01/07/2025,10:37:46,59923.73,0,0,0,0,0,0
BSE CD.BSE_IDX,01/07/2025,10:37:54,59908.47,0,0,0,0,0,0
BSE CD.BSE_IDX,01/07/2025,10:38:02,59920.17,0,0,0,0,0,0
BSE CD.BSE_IDX,01/07/2025,10:38:10,59914.46,0,0,0,0,0,0
BSE CD.BSE_IDX,01/07/2025,10:38:18,59923.03,0,0,0,0,0,0
BSE CD.BSE_IDX,01/07/2025,10:38:26,59918.66,0,0,0,0,0,0
BSE CD.BSE_IDX,01/07/2025,10:38:34,59917.24,0,0,0,0,0,0
BSE CD.BSE_IDX,01/07/2025,10:38:42,59915.75,0,0,0,0,0,0
BSE CD.BSE_IDX,01/07/2025,10:38:50,59918.64,0,0,0,0,0,0
BSE CD.BSE_IDX,01/07/2025,10:38:58,59930.89,0,0,0,0,0,0
BSE CD.BSE_IDX,01/07/2025,10:39:06,59933.88,0,0,0,0,0,0
BSE CD.BSE_IDX,01/07/2025,10:39:14,59930.17,0,0,0,0,0,0
BSE CD.BSE_IDX,01/07/2025,10:39:22,59936.25,0,0,0,0,0,0
BSE CD.BSE_IDX,01/07/2025,10:39:30,59931.33,0,0,0,0,0,0
BSE CD.BSE_IDX,01/07/2025,10:39:38,59930.89,0,0,0,0,0,0
BSE CD.BSE_IDX,01/07/2025,10:39:46,59935.43,0,0,0,0,0,0
BSE CD.BSE_IDX,01/07/2025,10:39:54,59931.65,0,0,0,0,0,0
BSE CD.BSE_IDX,01/07/2025,10:40:02,59930.71,0,0,0,0,0,0
BSE CD.BSE_IDX,01/07/2025,10:40:10,59923.67,0,0,0,0,0,0
BSE CD.BSE_IDX,01/07/2025,10:40:18,59924.49,0,0,0,0,0,0
BSE CD.BSE_IDX,01/07/2025,10:40:26,59928.35,0,0,0,0,0,0
BSE CD.BSE_IDX,01/07/2025,10:40:34,59924.17,0,0,0,0,0,0
BSE CD.BSE_IDX,01/07/2025,10:40:42,59923.56,0,0,0,0,0,0
BSE CD.BSE_IDX,01/07/2025,10:40:50,59939.52,0,0,0,0,0,0
BSE CD.BSE_IDX,01/07/2025,10:40:58,59941.86,0,0,0,0,0,0
BSE CD.BSE_IDX,01/07/2025,10:41:06,59942.35,0,0,0,0,0,0
BSE CD.BSE_IDX,01/07/2025,10:41:14,59939.48,0,0,0,0,0,0
BSE CD.BSE_IDX,01/07/2025,10:41:22,59940.19,0,0,0,0,0,0
BSE CD.BSE_IDX,01/07/2025,10:41:30,59940.19,0,0,0,0,0,0
BSE CD.BSE_IDX,01/07/2025,10:41:38,59937.2,0,0,0,0,0,0
BSE CD.BSE_IDX,01/07/2025,10:41:46,59937.11,0,0,0,0,0,0
BSE CD.BSE_IDX,01/07/2025,10:41:54,59942.37,0,0,0,0,0,0
BSE CD.BSE_IDX,01/07/2025,10:42:02,59945.27,0,0,0,0,0,0
BSE CD.BSE_IDX,01/07/2025,10:42:10,59930.23,0,0,0,0,0,0
BSE CD.BSE_IDX,01/07/2025,10:42:18,59931.25,0,0,0,0,0,0
BSE CD.BSE_IDX,01/07/2025,10:42:26,59924.08,0,0,0,0,0,0
BSE CD.BSE_IDX,01/07/2025,10:42:34,59931.73,0,0,0,0,0,0
BSE CD.BSE_IDX,01/07/2025,10:42:42,59928.28,0,0,0,0,0,0
BSE CD.BSE_IDX,01/07/2025,10:42:50,59922.81,0,0,0,0,0,0
BSE CD.BSE_IDX,01/07/2025,10:42:58,59921.94,0,0,0,0,0,0
BSE CD.BSE_IDX,01/07/2025,10:43:06,59927.68,0,0,0,0,0,0
BSE CD.BSE_IDX,01/07/2025,10:43:14,59919.31,0,0,0,0,0,0
BSE CD.BSE_IDX,01/07/2025,10:43:22,59922.5,0,0,0,0,0,0
BSE CD.BSE_IDX,01/07/2025,10:43:30,59924.11,0,0,0,0,0,0
BSE CD.BSE_IDX,01/07/2025,10:43:38,59922.46,0,0,0,0,0,0
BSE CD.BSE_IDX,01/07/2025,10:43:46,59916.92,0,0,0,0,0,0
BSE CD.BSE_IDX,01/07/2025,10:43:54,59913.08,0,0,0,0,0,0
BSE CD.BSE_IDX,01/07/2025,10:44:02,59910.59,0,0,0,0,0,0
BSE CD.BSE_IDX,01/07/2025,10:44:10,59905.11,0,0,0,0,0,0
BSE CD.BSE_IDX,01/07/2025,10:44:18,59905.28,0,0,0,0,0,0
BSE CD.BSE_IDX,01/07/2025,10:44:26,59903.82,0,0,0,0,0,0
BSE CD.BSE_IDX,01/07/2025,10:44:34,59882.76,0,0,0,0,0,0
BSE CD.BSE_IDX,01/07/2025,10:44:42,59882.76,0,0,0,0,0,0
BSE CD.BSE_IDX,01/07/2025,10:44:50,59888.39,0,0,0,0,0,0
BSE CD.BSE_IDX,01/07/2025,10:44:58,59893.01,0,0,0,0,0,0
BSE CD.BSE_IDX,01/07/2025,10:45:07,59888.44,0,0,0,0,0,0
BSE CD.BSE_IDX,01/07/2025,10:45:14,59884.1,0,0,0,0,0,0
BSE CD.BSE_IDX,01/07/2025,10:45:22,59877.53,0,0,0,0,0,0
BSE CD.BSE_IDX,01/07/2025,10:45:30,59884.81,0,0,0,0,0,0
BSE CD.BSE_IDX,01/07/2025,10:45:38,59877.23,0,0,0,0,0,0
BSE CD.BSE_IDX,01/07/2025,10:45:46,59881.78,0,0,0,0,0,0
BSE CD.BSE_IDX,01/07/2025,10:45:54,59875.76,0,0,0,0,0,0
BSE CD.BSE_IDX,01/07/2025,10:46:02,59877.36,0,0,0,0,0,0
BSE CD.BSE_IDX,01/07/2025,10:46:10,59874.59,0,0,0,0,0,0
BSE CD.BSE_IDX,01/07/2025,10:46:18,59872.53,0,0,0,0,0,0
BSE CD.BSE_IDX,01/07/2025,10:46:26,59857.09,0,0,0,0,0,0
BSE CD.BSE_IDX,01/07/2025,10:46:34,59857.73,0,0,0,0,0,0
BSE CD.BSE_IDX,01/07/2025,10:46:42,59860.2,0,0,0,0,0,0
BSE CD.BSE_IDX,01/07/2025,10:46:50,59880.2,0,0,0,0,0,0
BSE CD.BSE_IDX,01/07/2025,10:46:58,59877.6,0,0,0,0,0,0
BSE CD.BSE_IDX,01/07/2025,10:47:06,59880.47,0,0,0,0,0,0
BSE CD.BSE_IDX,01/07/2025,10:47:14,59879.99,0,0,0,0,0,0
BSE CD.BSE_IDX,01/07/2025,10:47:22,59879.18,0,0,0,0,0,0
BSE CD.BSE_IDX,01/07/2025,10:47:30,59871.74,0,0,0,0,0,0
BSE CD.BSE_IDX,01/07/2025,10:47:38,59869.47,0,0,0,0,0,0
BSE CD.BSE_IDX,01/07/2025,10:47:46,59870.69,0,0,0,0,0,0
BSE CD.BSE_IDX,01/07/2025,10:47:54,59873.37,0,0,0,0,0,0
BSE CD.BSE_IDX,01/07/2025,10:48:02,59876.04,0,0,0,0,0,0
BSE CD.BSE_IDX,01/07/2025,10:48:10,59888.26,0,0,0,0,0,0
BSE CD.BSE_IDX,01/07/2025,10:48:18,59889.92,0,0,0,0,0,0
BSE CD.BSE_IDX,01/07/2025,10:48:26,59882,0,0,0,0,0,0
BSE CD.BSE_IDX,01/07/2025,10:48:34,59873.83,0,0,0,0,0,0
BSE CD.BSE_IDX,01/07/2025,10:48:42,59882.6,0,0,0,0,0,0
BSE CD.BSE_IDX,01/07/2025,10:48:50,59882.6,0,0,0,0,0,0
BSE CD.BSE_IDX,01/07/2025,10:48:58,59883.05,0,0,0,0,0,0
BSE CD.BSE_IDX,01/07/2025,10:49:06,59889.57,0,0,0,0,0,0
BSE CD.BSE_IDX,01/07/2025,10:49:14,59877.3,0,0,0,0,0,0
BSE CD.BSE_IDX,01/07/2025,10:49:22,59873.79,0,0,0,0,0,0
BSE CD.BSE_IDX,01/07/2025,10:49:30,59868.88,0,0,0,0,0,0
BSE CD.BSE_IDX,01/07/2025,10:49:38,59869.31,0,0,0,0,0,0
BSE CD.BSE_IDX,01/07/2025,10:49:46,59873.23,0,0,0,0,0,0
BSE CD.BSE_IDX,01/07/2025,10:49:54,59868.14,0,0,0,0,0,0
BSE CD.BSE_IDX,01/07/2025,10:50:02,59867.85,0,0,0,0,0,0
BSE CD.BSE_IDX,01/07/2025,10:50:10,59865.16,0,0,0,0,0,0
BSE CD.BSE_IDX,01/07/2025,10:50:18,59865.42,0,0,0,0,0,0
BSE CD.BSE_IDX,01/07/2025,10:50:26,59869.44,0,0,0,0,0,0
BSE CD.BSE_IDX,01/07/2025,10:50:34,59872.47,0,0,0,0,0,0
BSE CD.BSE_IDX,01/07/2025,10:50:42,59859.5,0,0,0,0,0,0
BSE CD.BSE_IDX,01/07/2025,10:50:50,59866.69,0,0,0,0,0,0
BSE CD.BSE_IDX,01/07/2025,10:50:58,59846.93,0,0,0,0,0,0
BSE CD.BSE_IDX,01/07/2025,10:51:06,59857.27,0,0,0,0,0,0
BSE CD.BSE_IDX,01/07/2025,10:51:14,59857.2,0,0,0,0,0,0
BSE CD.BSE_IDX,01/07/2025,10:51:22,59854.72,0,0,0,0,0,0
BSE CD.BSE_IDX,01/07/2025,10:51:30,59854.68,0,0,0,0,0,0
BSE CD.BSE_IDX,01/07/2025,10:51:38,59841.88,0,0,0,0,0,0
BSE CD.BSE_IDX,01/07/2025,10:51:46,59847.64,0,0,0,0,0,0
BSE CD.BSE_IDX,01/07/2025,10:51:54,59854.4,0,0,0,0,0,0
BSE CD.BSE_IDX,01/07/2025,10:52:02,59853.97,0,0,0,0,0,0
BSE CD.BSE_IDX,01/07/2025,10:52:10,59852.17,0,0,0,0,0,0
BSE CD.BSE_IDX,01/07/2025,10:52:18,59841.33,0,0,0,0,0,0
BSE CD.BSE_IDX,01/07/2025,10:52:26,59835.7,0,0,0,0,0,0
BSE CD.BSE_IDX,01/07/2025,10:52:34,59826.1,0,0,0,0,0,0
BSE CD.BSE_IDX,01/07/2025,10:52:43,59848.96,0,0,0,0,0,0
BSE CD.BSE_IDX,01/07/2025,10:52:50,59837.69,0,0,0,0,0,0
BSE CD.BSE_IDX,01/07/2025,10:52:58,59835.4,0,0,0,0,0,0
BSE CD.BSE_IDX,01/07/2025,10:53:06,59826.82,0,0,0,0,0,0
BSE CD.BSE_IDX,01/07/2025,10:53:14,59821.16,0,0,0,0,0,0
BSE CD.BSE_IDX,01/07/2025,10:53:22,59819.21,0,0,0,0,0,0
BSE CD.BSE_IDX,01/07/2025,10:53:30,59834.67,0,0,0,0,0,0
BSE CD.BSE_IDX,01/07/2025,10:53:38,59843.7,0,0,0,0,0,0
BSE CD.BSE_IDX,01/07/2025,10:53:46,59839.29,0,0,0,0,0,0
BSE CD.BSE_IDX,01/07/2025,10:53:54,59852.13,0,0,0,0,0,0
BSE CD.BSE_IDX,01/07/2025,10:54:02,59858.01,0,0,0,0,0,0
BSE CD.BSE_IDX,01/07/2025,10:54:10,59846.62,0,0,0,0,0,0
BSE CD.BSE_IDX,01/07/2025,10:54:18,59856.8,0,0,0,0,0,0
BSE CD.BSE_IDX,01/07/2025,10:54:26,59857.83,0,0,0,0,0,0
BSE CD.BSE_IDX,01/07/2025,10:54:34,59850.94,0,0,0,0,0,0
BSE CD.BSE_IDX,01/07/2025,10:54:42,59850.87,0,0,0,0,0,0
BSE CD.BSE_IDX,01/07/2025,10:54:51,59855.69,0,0,0,0,0,0
BSE CD.BSE_IDX,01/07/2025,10:54:58,59853.21,0,0,0,0,0,0
BSE CD.BSE_IDX,01/07/2025,10:55:06,59856.01,0,0,0,0,0,0
BSE CD.BSE_IDX,01/07/2025,10:55:14,59855.67,0,0,0,0,0,0
BSE CD.BSE_IDX,01/07/2025,10:55:22,59853.23,0,0,0,0,0,0
BSE CD.BSE_IDX,01/07/2025,10:55:30,59850.22,0,0,0,0,0,0
BSE CD.BSE_IDX,01/07/2025,10:55:38,59849.63,0,0,0,0,0,0
BSE CD.BSE_IDX,01/07/2025,10:55:46,59848.63,0,0,0,0,0,0
BSE CD.BSE_IDX,01/07/2025,10:55:54,59840.03,0,0,0,0,0,0
BSE CD.BSE_IDX,01/07/2025,10:56:02,59839.24,0,0,0,0,0,0
BSE CD.BSE_IDX,01/07/2025,10:56:10,59838.66,0,0,0,0,0,0
BSE CD.BSE_IDX,01/07/2025,10:56:18,59839.41,0,0,0,0,0,0
BSE CD.BSE_IDX,01/07/2025,10:56:26,59847.84,0,0,0,0,0,0
BSE CD.BSE_IDX,01/07/2025,10:56:34,59849.92,0,0,0,0,0,0
BSE CD.BSE_IDX,01/07/2025,10:56:42,59850.93,0,0,0,0,0,0
BSE CD.BSE_IDX,01/07/2025,10:56:50,59849.76,0,0,0,0,0,0
BSE CD.BSE_IDX,01/07/2025,10:56:58,59849.74,0,0,0,0,0,0
BSE CD.BSE_IDX,01/07/2025,10:57:06,59834.84,0,0,0,0,0,0
BSE CD.BSE_IDX,01/07/2025,10:57:14,59818.62,0,0,0,0,0,0
BSE CD.BSE_IDX,01/07/2025,10:57:22,59814.06,0,0,0,0,0,0
BSE CD.BSE_IDX,01/07/2025,10:57:30,59817.17,0,0,0,0,0,0
BSE CD.BSE_IDX,01/07/2025,10:57:39,59828.12,0,0,0,0,0,0
BSE CD.BSE_IDX,01/07/2025,10:57:46,59827.4,0,0,0,0,0,0
BSE CD.BSE_IDX,01/07/2025,10:57:54,59822.56,0,0,0,0,0,0
BSE CD.BSE_IDX,01/07/2025,10:58:02,59821.81,0,0,0,0,0,0
BSE CD.BSE_IDX,01/07/2025,10:58:10,59822.34,0,0,0,0,0,0
BSE CD.BSE_IDX,01/07/2025,10:58:18,59814.07,0,0,0,0,0,0
BSE CD.BSE_IDX,01/07/2025,10:58:26,59820.95,0,0,0,0,0,0
BSE CD.BSE_IDX,01/07/2025,10:58:34,59808.82,0,0,0,0,0,0
BSE CD.BSE_IDX,01/07/2025,10:58:42,59823.45,0,0,0,0,0,0
BSE CD.BSE_IDX,01/07/2025,10:58:50,59822.74,0,0,0,0,0,0
BSE CD.BSE_IDX,01/07/2025,10:58:58,59820.58,0,0,0,0,0,0
BSE CD.BSE_IDX,01/07/2025,10:59:06,59818.56,0,0,0,0,0,0
BSE CD.BSE_IDX,01/07/2025,10:59:14,59819.24,0,0,0,0,0,0
BSE CD.BSE_IDX,01/07/2025,10:59:22,59814.5,0,0,0,0,0,0
BSE CD.BSE_IDX,01/07/2025,10:59:30,59802.3,0,0,0,0,0,0
BSE CD.BSE_IDX,01/07/2025,10:59:38,59799.22,0,0,0,0,0,0
BSE CD.BSE_IDX,01/07/2025,10:59:47,59800.54,0,0,0,0,0,0
BSE CD.BSE_IDX,01/07/2025,10:59:55,59799.56,0,0,0,0,0,0
BSE CD.BSE_IDX,01/07/2025,11:00:03,59786.07,0,0,0,0,0,0
BSE CD.BSE_IDX,01/07/2025,11:00:11,59780.13,0,0,0,0,0,0
BSE CD.BSE_IDX,01/07/2025,11:00:18,59788.55,0,0,0,0,0,0
BSE CD.BSE_IDX,01/07/2025,11:00:26,59769.87,0,0,0,0,0,0
BSE CD.BSE_IDX,01/07/2025,11:00:34,59773.75,0,0,0,0,0,0
BSE CD.BSE_IDX,01/07/2025,11:00:42,59778.02,0,0,0,0,0,0
BSE CD.BSE_IDX,01/07/2025,11:00:50,59781.5,0,0,0,0,0,0
BSE CD.BSE_IDX,01/07/2025,11:00:58,59781.8,0,0,0,0,0,0
BSE CD.BSE_IDX,01/07/2025,11:01:06,59782.96,0,0,0,0,0,0
BSE CD.BSE_IDX,01/07/2025,11:01:15,59782.96,0,0,0,0,0,0
BSE CD.BSE_IDX,01/07/2025,11:01:22,59790.44,0,0,0,0,0,0
BSE CD.BSE_IDX,01/07/2025,11:01:30,59802.03,0,0,0,0,0,0
BSE CD.BSE_IDX,01/07/2025,11:01:38,59798.82,0,0,0,0,0,0
BSE CD.BSE_IDX,01/07/2025,11:01:46,59797.13,0,0,0,0,0,0
BSE CD.BSE_IDX,01/07/2025,11:01:54,59785.02,0,0,0,0,0,0
BSE CD.BSE_IDX,01/07/2025,11:02:02,59785.01,0,0,0,0,0,0
BSE CD.BSE_IDX,01/07/2025,11:02:10,59781.03,0,0,0,0,0,0
BSE CD.BSE_IDX,01/07/2025,11:02:18,59780.19,0,0,0,0,0,0
BSE CD.BSE_IDX,01/07/2025,11:02:27,59779.22,0,0,0,0,0,0
BSE CD.BSE_IDX,01/07/2025,11:02:34,59778.99,0,0,0,0,0,0
BSE CD.BSE_IDX,01/07/2025,11:02:42,59775.88,0,0,0,0,0,0
BSE CD.BSE_IDX,01/07/2025,11:02:51,59783.45,0,0,0,0,0,0
BSE CD.BSE_IDX,01/07/2025,11:02:58,59785.14,0,0,0,0,0,0
BSE CD.BSE_IDX,01/07/2025,11:03:06,59773.24,0,0,0,0,0,0
BSE CD.BSE_IDX,01/07/2025,11:03:14,59765.89,0,0,0,0,0,0
BSE CD.BSE_IDX,01/07/2025,11:03:22,59772.3,0,0,0,0,0,0
BSE CD.BSE_IDX,01/07/2025,11:03:31,59773.14,0,0,0,0,0,0
BSE CD.BSE_IDX,01/07/2025,11:03:38,59772.45,0,0,0,0,0,0
BSE CD.BSE_IDX,01/07/2025,11:03:46,59770.65,0,0,0,0,0,0
BSE CD.BSE_IDX,01/07/2025,11:03:54,59772.54,0,0,0,0,0,0
BSE CD.BSE_IDX,01/07/2025,11:04:02,59773.83,0,0,0,0,0,0
BSE CD.BSE_IDX,01/07/2025,11:04:10,59775.26,0,0,0,0,0,0
BSE CD.BSE_IDX,01/07/2025,11:04:18,59778.39,0,0,0,0,0,0
BSE CD.BSE_IDX,01/07/2025,11:04:27,59787.43,0,0,0,0,0,0
BSE CD.BSE_IDX,01/07/2025,11:04:34,59789.26,0,0,0,0,0,0
BSE CD.BSE_IDX,01/07/2025,11:04:42,59784.54,0,0,0,0,0,0
BSE CD.BSE_IDX,01/07/2025,11:04:51,59784.02,0,0,0,0,0,0
BSE CD.BSE_IDX,01/07/2025,11:04:58,59783.93,0,0,0,0,0,0
BSE CD.BSE_IDX,01/07/2025,11:05:06,59782.77,0,0,0,0,0,0
BSE CD.BSE_IDX,01/07/2025,11:05:14,59788.87,0,0,0,0,0,0
BSE CD.BSE_IDX,01/07/2025,11:05:22,59783.78,0,0,0,0,0,0
BSE CD.BSE_IDX,01/07/2025,11:05:30,59787.96,0,0,0,0,0,0
BSE CD.BSE_IDX,01/07/2025,11:05:38,59786.57,0,0,0,0,0,0
BSE CD.BSE_IDX,01/07/2025,11:05:46,59786.96,0,0,0,0,0,0
BSE CD.BSE_IDX,01/07/2025,11:05:54,59780.22,0,0,0,0,0,0
BSE CD.BSE_IDX,01/07/2025,11:06:02,59790.15,0,0,0,0,0,0
BSE CD.BSE_IDX,01/07/2025,11:06:11,59789.06,0,0,0,0,0,0
BSE CD.BSE_IDX,01/07/2025,11:06:19,59787.92,0,0,0,0,0,0
BSE CD.BSE_IDX,01/07/2025,11:06:26,59788.84,0,0,0,0,0,0
BSE CD.BSE_IDX,01/07/2025,11:06:34,59788.67,0,0,0,0,0,0
BSE CD.BSE_IDX,01/07/2025,11:06:42,59779.35,0,0,0,0,0,0
BSE CD.BSE_IDX,01/07/2025,11:06:50,59768.87,0,0,0,0,0,0
BSE CD.BSE_IDX,01/07/2025,11:06:58,59783.78,0,0,0,0,0,0
BSE CD.BSE_IDX,01/07/2025,11:07:06,59795.42,0,0,0,0,0,0
BSE CD.BSE_IDX,01/07/2025,11:07:15,59795.34,0,0,0,0,0,0
BSE CD.BSE_IDX,01/07/2025,11:07:22,59795.91,0,0,0,0,0,0
BSE CD.BSE_IDX,01/07/2025,11:07:30,59801.8,0,0,0,0,0,0
BSE CD.BSE_IDX,01/07/2025,11:07:38,59800.81,0,0,0,0,0,0
BSE CD.BSE_IDX,01/07/2025,11:07:46,59798.84,0,0,0,0,0,0
BSE CD.BSE_IDX,01/07/2025,11:07:54,59808.58,0,0,0,0,0,0
BSE CD.BSE_IDX,01/07/2025,11:08:02,59807.07,0,0,0,0,0,0
BSE CD.BSE_IDX,01/07/2025,11:08:11,59802.08,0,0,0,0,0,0
BSE CD.BSE_IDX,01/07/2025,11:08:18,59797.43,0,0,0,0,0,0
BSE CD.BSE_IDX,01/07/2025,11:08:26,59801.37,0,0,0,0,0,0
BSE CD.BSE_IDX,01/07/2025,11:08:35,59803.42,0,0,0,0,0,0
BSE CD.BSE_IDX,01/07/2025,11:08:43,59805.13,0,0,0,0,0,0
BSE CD.BSE_IDX,01/07/2025,11:08:51,59819.64,0,0,0,0,0,0
BSE CD.BSE_IDX,01/07/2025,11:08:58,59831.98,0,0,0,0,0,0
BSE CD.BSE_IDX,01/07/2025,11:09:07,59836.55,0,0,0,0,0,0
BSE CD.BSE_IDX,01/07/2025,11:09:15,59841.7,0,0,0,0,0,0
BSE CD.BSE_IDX,01/07/2025,11:09:23,59837.98,0,0,0,0,0,0
BSE CD.BSE_IDX,01/07/2025,11:09:31,59836.86,0,0,0,0,0,0
BSE CD.BSE_IDX,01/07/2025,11:09:39,59836.71,0,0,0,0,0,0
BSE CD.BSE_IDX,01/07/2025,11:09:46,59855.21,0,0,0,0,0,0
BSE CD.BSE_IDX,01/07/2025,11:09:55,59860.17,0,0,0,0,0,0
BSE CD.BSE_IDX,01/07/2025,11:10:03,59859.39,0,0,0,0,0,0
BSE CD.BSE_IDX,01/07/2025,11:10:11,59856.58,0,0,0,0,0,0
BSE CD.BSE_IDX,01/07/2025,11:10:19,59859.8,0,0,0,0,0,0
BSE CD.BSE_IDX,01/07/2025,11:10:27,59863.03,0,0,0,0,0,0
BSE CD.BSE_IDX,01/07/2025,11:10:35,59850.2,0,0,0,0,0,0
BSE CD.BSE_IDX,01/07/2025,11:10:43,59863.64,0,0,0,0,0,0
BSE CD.BSE_IDX,01/07/2025,11:10:51,59867.39,0,0,0,0,0,0
BSE CD.BSE_IDX,01/07/2025,11:10:59,59861.83,0,0,0,0,0,0
BSE CD.BSE_IDX,01/07/2025,11:11:07,59851.51,0,0,0,0,0,0
BSE CD.BSE_IDX,01/07/2025,11:11:15,59851.62,0,0,0,0,0,0
BSE CD.BSE_IDX,01/07/2025,11:11:23,59850.54,0,0,0,0,0,0
BSE CD.BSE_IDX,01/07/2025,11:11:31,59858.55,0,0,0,0,0,0
BSE CD.BSE_IDX,01/07/2025,11:11:39,59853.49,0,0,0,0,0,0
BSE CD.BSE_IDX,01/07/2025,11:11:47,59847.75,0,0,0,0,0,0
BSE CD.BSE_IDX,01/07/2025,11:11:55,59859.81,0,0,0,0,0,0
BSE CD.BSE_IDX,01/07/2025,11:12:03,59858.63,0,0,0,0,0,0
BSE CD.BSE_IDX,01/07/2025,11:12:11,59860.46,0,0,0,0,0,0
BSE CD.BSE_IDX,01/07/2025,11:12:19,59867.36,0,0,0,0,0,0
BSE CD.BSE_IDX,01/07/2025,11:12:27,59866.36,0,0,0,0,0,0
BSE CD.BSE_IDX,01/07/2025,11:12:35,59866.11,0,0,0,0,0,0
BSE CD.BSE_IDX,01/07/2025,11:12:43,59870,0,0,0,0,0,0
BSE CD.BSE_IDX,01/07/2025,11:12:51,59868.25,0,0,0,0,0,0
BSE CD.BSE_IDX,01/07/2025,11:12:59,59867.76,0,0,0,0,0,0
BSE CD.BSE_IDX,01/07/2025,11:13:07,59860.31,0,0,0,0,0,0
BSE CD.BSE_IDX,01/07/2025,11:13:16,59862.97,0,0,0,0,0,0
BSE CD.BSE_IDX,01/07/2025,11:13:23,59862.34,0,0,0,0,0,0
BSE CD.BSE_IDX,01/07/2025,11:13:31,59864.52,0,0,0,0,0,0
BSE CD.BSE_IDX,01/07/2025,11:13:39,59865.9,0,0,0,0,0,0
BSE CD.BSE_IDX,01/07/2025,11:13:47,59862.48,0,0,0,0,0,0
BSE CD.BSE_IDX,01/07/2025,11:13:55,59857.77,0,0,0,0,0,0
BSE CD.BSE_IDX,01/07/2025,11:14:03,59860.64,0,0,0,0,0,0
BSE CD.BSE_IDX,01/07/2025,11:14:11,59869.34,0,0,0,0,0,0
BSE CD.BSE_IDX,01/07/2025,11:14:19,59862.21,0,0,0,0,0,0
BSE CD.BSE_IDX,01/07/2025,11:14:27,59861.24,0,0,0,0,0,0
BSE CD.BSE_IDX,01/07/2025,11:14:35,59861.1,0,0,0,0,0,0
BSE CD.BSE_IDX,01/07/2025,11:14:43,59862.87,0,0,0,0,0,0
BSE CD.BSE_IDX,01/07/2025,11:14:51,59874.19,0,0,0,0,0,0
BSE CD.BSE_IDX,01/07/2025,11:14:59,59869.46,0,0,0,0,0,0
BSE CD.BSE_IDX,01/07/2025,11:15:07,59865.37,0,0,0,0,0,0
BSE CD.BSE_IDX,01/07/2025,11:15:15,59864.45,0,0,0,0,0,0
BSE CD.BSE_IDX,01/07/2025,11:15:23,59865.37,0,0,0,0,0,0
BSE CD.BSE_IDX,01/07/2025,11:15:31,59868.3,0,0,0,0,0,0
BSE CD.BSE_IDX,01/07/2025,11:15:39,59862.1,0,0,0,0,0,0
BSE CD.BSE_IDX,01/07/2025,11:15:47,59863.11,0,0,0,0,0,0
BSE CD.BSE_IDX,01/07/2025,11:15:56,59861.54,0,0,0,0,0,0
BSE CD.BSE_IDX,01/07/2025,11:16:03,59833.9,0,0,0,0,0,0
BSE CD.BSE_IDX,01/07/2025,11:16:11,59825.63,0,0,0,0,0,0
BSE CD.BSE_IDX,01/07/2025,11:16:19,59825.4,0,0,0,0,0,0
BSE CD.BSE_IDX,01/07/2025,11:16:27,59825.26,0,0,0,0,0,0
BSE CD.BSE_IDX,01/07/2025,11:16:35,59826.92,0,0,0,0,0,0
BSE CD.BSE_IDX,01/07/2025,11:16:43,59821.78,0,0,0,0,0,0
BSE CD.BSE_IDX,01/07/2025,11:16:51,59823.25,0,0,0,0,0,0
BSE CD.BSE_IDX,01/07/2025,11:16:59,59817.5,0,0,0,0,0,0
BSE CD.BSE_IDX,01/07/2025,11:17:07,59816.42,0,0,0,0,0,0
BSE CD.BSE_IDX,01/07/2025,11:17:15,59833.16,0,0,0,0,0,0
BSE CD.BSE_IDX,01/07/2025,11:17:23,59831.97,0,0,0,0,0,0
BSE CD.BSE_IDX,01/07/2025,11:17:31,59831.11,0,0,0,0,0,0
BSE CD.BSE_IDX,01/07/2025,11:17:39,59834.42,0,0,0,0,0,0
BSE CD.BSE_IDX,01/07/2025,11:17:47,59834.21,0,0,0,0,0,0
BSE CD.BSE_IDX,01/07/2025,11:17:57,59836.65,0,0,0,0,0,0
BSE CD.BSE_IDX,01/07/2025,11:18:03,59838.75,0,0,0,0,0,0
BSE CD.BSE_IDX,01/07/2025,11:18:11,59829.31,0,0,0,0,0,0
BSE CD.BSE_IDX,01/07/2025,11:18:19,59837.27,0,0,0,0,0,0
BSE CD.BSE_IDX,01/07/2025,11:18:27,59838.95,0,0,0,0,0,0
BSE CD.BSE_IDX,01/07/2025,11:18:35,59834.24,0,0,0,0,0,0
BSE CD.BSE_IDX,01/07/2025,11:18:44,59838.67,0,0,0,0,0,0
BSE CD.BSE_IDX,01/07/2025,11:18:51,59848.23,0,0,0,0,0,0
BSE CD.BSE_IDX,01/07/2025,11:18:59,59844.09,0,0,0,0,0,0
BSE CD.BSE_IDX,01/07/2025,11:19:08,59842.64,0,0,0,0,0,0
BSE CD.BSE_IDX,01/07/2025,11:19:15,59843.41,0,0,0,0,0,0
BSE CD.BSE_IDX,01/07/2025,11:19:23,59841.9,0,0,0,0,0,0
BSE CD.BSE_IDX,01/07/2025,11:19:31,59839.84,0,0,0,0,0,0
BSE CD.BSE_IDX,01/07/2025,11:19:39,59840.37,0,0,0,0,0,0
BSE CD.BSE_IDX,01/07/2025,11:19:47,59839.86,0,0,0,0,0,0
BSE CD.BSE_IDX,01/07/2025,11:19:55,59809.9,0,0,0,0,0,0
BSE CD.BSE_IDX,01/07/2025,11:20:03,59815.19,0,0,0,0,0,0
BSE CD.BSE_IDX,01/07/2025,11:20:11,59814.32,0,0,0,0,0,0
BSE CD.BSE_IDX,01/07/2025,11:20:19,59813.64,0,0,0,0,0,0
BSE CD.BSE_IDX,01/07/2025,11:20:27,59813.1,0,0,0,0,0,0
BSE CD.BSE_IDX,01/07/2025,11:20:35,59813.68,0,0,0,0,0,0
BSE CD.BSE_IDX,01/07/2025,11:20:43,59822.3,0,0,0,0,0,0
BSE CD.BSE_IDX,01/07/2025,11:20:51,59817.27,0,0,0,0,0,0
BSE CD.BSE_IDX,01/07/2025,11:20:59,59815.38,0,0,0,0,0,0
BSE CD.BSE_IDX,01/07/2025,11:21:07,59807.73,0,0,0,0,0,0
BSE CD.BSE_IDX,01/07/2025,11:21:15,59811.99,0,0,0,0,0,0
BSE CD.BSE_IDX,01/07/2025,11:21:24,59818.34,0,0,0,0,0,0
BSE CD.BSE_IDX,01/07/2025,11:21:31,59823.65,0,0,0,0,0,0
BSE CD.BSE_IDX,01/07/2025,11:21:39,59828.42,0,0,0,0,0,0
BSE CD.BSE_IDX,01/07/2025,11:21:47,59828.51,0,0,0,0,0,0
BSE CD.BSE_IDX,01/07/2025,11:21:56,59821.58,0,0,0,0,0,0
BSE CD.BSE_IDX,01/07/2025,11:22:03,59834.44,0,0,0,0,0,0
BSE CD.BSE_IDX,01/07/2025,11:22:11,59819.26,0,0,0,0,0,0
BSE CD.BSE_IDX,01/07/2025,11:22:19,59823.41,0,0,0,0,0,0
BSE CD.BSE_IDX,01/07/2025,11:22:28,59824.42,0,0,0,0,0,0
BSE CD.BSE_IDX,01/07/2025,11:22:35,59819.73,0,0,0,0,0,0
BSE CD.BSE_IDX,01/07/2025,11:22:43,59827.04,0,0,0,0,0,0
BSE CD.BSE_IDX,01/07/2025,11:22:51,59825.48,0,0,0,0,0,0
BSE CD.BSE_IDX,01/07/2025,11:22:59,59825.43,0,0,0,0,0,0
BSE CD.BSE_IDX,01/07/2025,11:23:07,59815.76,0,0,0,0,0,0
BSE CD.BSE_IDX,01/07/2025,11:23:15,59814.23,0,0,0,0,0,0
BSE CD.BSE_IDX,01/07/2025,11:23:23,59815.96,0,0,0,0,0,0
BSE CD.BSE_IDX,01/07/2025,11:23:31,59812.97,0,0,0,0,0,0
BSE CD.BSE_IDX,01/07/2025,11:23:39,59817.53,0,0,0,0,0,0
BSE CD.BSE_IDX,01/07/2025,11:23:47,59817.18,0,0,0,0,0,0
BSE CD.BSE_IDX,01/07/2025,11:23:55,59821.09,0,0,0,0,0,0
BSE CD.BSE_IDX,01/07/2025,11:24:04,59815.65,0,0,0,0,0,0
BSE CD.BSE_IDX,01/07/2025,11:24:11,59823.3,0,0,0,0,0,0
BSE CD.BSE_IDX,01/07/2025,11:24:19,59825.28,0,0,0,0,0,0
BSE CD.BSE_IDX,01/07/2025,11:24:27,59825.83,0,0,0,0,0,0
BSE CD.BSE_IDX,01/07/2025,11:24:35,59811.72,0,0,0,0,0,0
BSE CD.BSE_IDX,01/07/2025,11:24:43,59810.64,0,0,0,0,0,0
BSE CD.BSE_IDX,01/07/2025,11:24:52,59818.35,0,0,0,0,0,0
BSE CD.BSE_IDX,01/07/2025,11:25:00,59817.32,0,0,0,0,0,0
BSE CD.BSE_IDX,01/07/2025,11:25:07,59805.1,0,0,0,0,0,0
BSE CD.BSE_IDX,01/07/2025,11:25:15,59806.44,0,0,0,0,0,0
BSE CD.BSE_IDX,01/07/2025,11:25:23,59817.24,0,0,0,0,0,0
BSE CD.BSE_IDX,01/07/2025,11:25:31,59807.37,0,0,0,0,0,0
BSE CD.BSE_IDX,01/07/2025,11:25:41,59807.37,0,0,0,0,0,0
BSE CD.BSE_IDX,01/07/2025,11:25:47,59811.28,0,0,0,0,0,0
BSE CD.BSE_IDX,01/07/2025,11:25:55,59808.76,0,0,0,0,0,0
BSE CD.BSE_IDX,01/07/2025,11:26:03,59810.24,0,0,0,0,0,0
BSE CD.BSE_IDX,01/07/2025,11:26:11,59806.94,0,0,0,0,0,0
BSE CD.BSE_IDX,01/07/2025,11:26:19,59807.56,0,0,0,0,0,0
BSE CD.BSE_IDX,01/07/2025,11:26:27,59817.5,0,0,0,0,0,0
BSE CD.BSE_IDX,01/07/2025,11:26:35,59821.12,0,0,0,0,0,0
BSE CD.BSE_IDX,01/07/2025,11:26:43,59821.39,0,0,0,0,0,0
BSE CD.BSE_IDX,01/07/2025,11:26:51,59811.8,0,0,0,0,0,0
BSE CD.BSE_IDX,01/07/2025,11:26:59,59810.84,0,0,0,0,0,0
BSE CD.BSE_IDX,01/07/2025,11:27:07,59810.84,0,0,0,0,0,0
BSE CD.BSE_IDX,01/07/2025,11:27:15,59817.31,0,0,0,0,0,0
BSE CD.BSE_IDX,01/07/2025,11:27:23,59813.19,0,0,0,0,0,0
BSE CD.BSE_IDX,01/07/2025,11:27:31,59812.7,0,0,0,0,0,0
BSE CD.BSE_IDX,01/07/2025,11:27:39,59817.47,0,0,0,0,0,0
BSE CD.BSE_IDX,01/07/2025,11:27:47,59815.84,0,0,0,0,0,0
BSE CD.BSE_IDX,01/07/2025,11:27:55,59817.33,0,0,0,0,0,0
BSE CD.BSE_IDX,01/07/2025,11:28:03,59817.61,0,0,0,0,0,0
BSE CD.BSE_IDX,01/07/2025,11:28:11,59817.89,0,0,0,0,0,0
BSE CD.BSE_IDX,01/07/2025,11:28:19,59816.18,0,0,0,0,0,0
BSE CD.BSE_IDX,01/07/2025,11:28:27,59813.35,0,0,0,0,0,0
BSE CD.BSE_IDX,01/07/2025,11:28:36,59818.93,0,0,0,0,0,0
BSE CD.BSE_IDX,01/07/2025,11:28:43,59821.09,0,0,0,0,0,0
BSE CD.BSE_IDX,01/07/2025,11:28:51,59820.91,0,0,0,0,0,0
BSE CD.BSE_IDX,01/07/2025,11:28:59,59820.67,0,0,0,0,0,0
BSE CD.BSE_IDX,01/07/2025,11:29:07,59826.62,0,0,0,0,0,0
BSE CD.BSE_IDX,01/07/2025,11:29:16,59825.58,0,0,0,0,0,0
BSE CD.BSE_IDX,01/07/2025,11:29:24,59825.92,0,0,0,0,0,0
BSE CD.BSE_IDX,01/07/2025,11:29:31,59827.69,0,0,0,0,0,0
BSE CD.BSE_IDX,01/07/2025,11:29:39,59830.46,0,0,0,0,0,0
BSE CD.BSE_IDX,01/07/2025,11:29:47,59832.85,0,0,0,0,0,0
BSE CD.BSE_IDX,01/07/2025,11:29:55,59833.28,0,0,0,0,0,0
BSE CD.BSE_IDX,01/07/2025,11:30:03,59840.42,0,0,0,0,0,0
BSE CD.BSE_IDX,01/07/2025,11:30:11,59837.55,0,0,0,0,0,0
BSE CD.BSE_IDX,01/07/2025,11:30:19,59838.67,0,0,0,0,0,0
BSE CD.BSE_IDX,01/07/2025,11:30:27,59839.41,0,0,0,0,0,0
BSE CD.BSE_IDX,01/07/2025,11:30:35,59834.91,0,0,0,0,0,0
BSE CD.BSE_IDX,01/07/2025,11:30:43,59832.38,0,0,0,0,0,0
BSE CD.BSE_IDX,01/07/2025,11:30:51,59834.23,0,0,0,0,0,0
BSE CD.BSE_IDX,01/07/2025,11:30:59,59836.43,0,0,0,0,0,0
BSE CD.BSE_IDX,01/07/2025,11:31:07,59833.78,0,0,0,0,0,0
BSE CD.BSE_IDX,01/07/2025,11:31:15,59824.61,0,0,0,0,0,0
BSE CD.BSE_IDX,01/07/2025,11:31:23,59828.74,0,0,0,0,0,0
BSE CD.BSE_IDX,01/07/2025,11:31:31,59831.53,0,0,0,0,0,0
BSE CD.BSE_IDX,01/07/2025,11:31:39,59840.32,0,0,0,0,0,0
BSE CD.BSE_IDX,01/07/2025,11:31:47,59842.98,0,0,0,0,0,0
BSE CD.BSE_IDX,01/07/2025,11:31:55,59834.12,0,0,0,0,0,0
BSE CD.BSE_IDX,01/07/2025,11:32:04,59835.19,0,0,0,0,0,0
BSE CD.BSE_IDX,01/07/2025,11:32:11,59823.98,0,0,0,0,0,0
BSE CD.BSE_IDX,01/07/2025,11:32:19,59833.35,0,0,0,0,0,0
BSE CD.BSE_IDX,01/07/2025,11:32:27,59835.51,0,0,0,0,0,0
BSE CD.BSE_IDX,01/07/2025,11:32:35,59835.43,0,0,0,0,0,0
BSE CD.BSE_IDX,01/07/2025,11:32:43,59831.2,0,0,0,0,0,0
BSE CD.BSE_IDX,01/07/2025,11:32:51,59823.15,0,0,0,0,0,0
BSE CD.BSE_IDX,01/07/2025,11:32:59,59819.58,0,0,0,0,0,0
BSE CD.BSE_IDX,01/07/2025,11:33:07,59816.94,0,0,0,0,0,0
BSE CD.BSE_IDX,01/07/2025,11:33:15,59816.94,0,0,0,0,0,0
BSE CD.BSE_IDX,01/07/2025,11:33:23,59825.51,0,0,0,0,0,0
BSE CD.BSE_IDX,01/07/2025,11:33:31,59826.45,0,0,0,0,0,0
BSE CD.BSE_IDX,01/07/2025,11:33:39,59834.43,0,0,0,0,0,0
BSE CD.BSE_IDX,01/07/2025,11:33:47,59822.81,0,0,0,0,0,0
BSE CD.BSE_IDX,01/07/2025,11:33:55,59827.18,0,0,0,0,0,0
BSE CD.BSE_IDX,01/07/2025,11:34:03,59826.25,0,0,0,0,0,0
BSE CD.BSE_IDX,01/07/2025,11:34:12,59827.77,0,0,0,0,0,0
BSE CD.BSE_IDX,01/07/2025,11:34:19,59829.93,0,0,0,0,0,0
BSE CD.BSE_IDX,01/07/2025,11:34:27,59829.26,0,0,0,0,0,0
BSE CD.BSE_IDX,01/07/2025,11:34:35,59828.01,0,0,0,0,0,0
BSE CD.BSE_IDX,01/07/2025,11:34:43,59825.66,0,0,0,0,0,0
BSE CD.BSE_IDX,01/07/2025,11:34:51,59825.7,0,0,0,0,0,0
BSE CD.BSE_IDX,01/07/2025,11:34:59,59812.47,0,0,0,0,0,0
BSE CD.BSE_IDX,01/07/2025,11:35:07,59812.5,0,0,0,0,0,0
BSE CD.BSE_IDX,01/07/2025,11:35:16,59811.86,0,0,0,0,0,0
BSE CD.BSE_IDX,01/07/2025,11:35:23,59811.32,0,0,0,0,0,0
BSE CD.BSE_IDX,01/07/2025,11:35:32,59808.58,0,0,0,0,0,0
BSE CD.BSE_IDX,01/07/2025,11:35:39,59809.4,0,0,0,0,0,0
BSE CD.BSE_IDX,01/07/2025,11:35:47,59808.51,0,0,0,0,0,0
BSE CD.BSE_IDX,01/07/2025,11:35:55,59806.85,0,0,0,0,0,0
BSE CD.BSE_IDX,01/07/2025,11:36:04,59808.83,0,0,0,0,0,0
BSE CD.BSE_IDX,01/07/2025,11:36:11,59808.13,0,0,0,0,0,0
BSE CD.BSE_IDX,01/07/2025,11:36:19,59806.66,0,0,0,0,0,0
BSE CD.BSE_IDX,01/07/2025,11:36:28,59801.22,0,0,0,0,0,0
BSE CD.BSE_IDX,01/07/2025,11:36:35,59806.08,0,0,0,0,0,0
BSE CD.BSE_IDX,01/07/2025,11:36:43,59807.81,0,0,0,0,0,0
BSE CD.BSE_IDX,01/07/2025,11:36:54,59803.98,0,0,0,0,0,0
BSE CD.BSE_IDX,01/07/2025,11:36:59,59804.04,0,0,0,0,0,0
BSE CD.BSE_IDX,01/07/2025,11:37:07,59802.22,0,0,0,0,0,0
BSE CD.BSE_IDX,01/07/2025,11:37:15,59806.3,0,0,0,0,0,0
BSE CD.BSE_IDX,01/07/2025,11:37:23,59805.98,0,0,0,0,0,0
BSE CD.BSE_IDX,01/07/2025,11:37:31,59809.92,0,0,0,0,0,0
BSE CD.BSE_IDX,01/07/2025,11:37:41,59807.24,0,0,0,0,0,0
BSE CD.BSE_IDX,01/07/2025,11:37:47,59811.85,0,0,0,0,0,0
BSE CD.BSE_IDX,01/07/2025,11:37:55,59812.18,0,0,0,0,0,0
BSE CD.BSE_IDX,01/07/2025,11:38:03,59808.31,0,0,0,0,0,0
BSE CD.BSE_IDX,01/07/2025,11:38:11,59806.42,0,0,0,0,0,0
BSE CD.BSE_IDX,01/07/2025,11:38:20,59803.49,0,0,0,0,0,0
BSE CD.BSE_IDX,01/07/2025,11:38:27,59809,0,0,0,0,0,0
BSE CD.BSE_IDX,01/07/2025,11:38:35,59812.69,0,0,0,0,0,0
BSE CD.BSE_IDX,01/07/2025,11:38:43,59811.96,0,0,0,0,0,0
BSE CD.BSE_IDX,01/07/2025,11:38:51,59823.1,0,0,0,0,0,0
BSE CD.BSE_IDX,01/07/2025,11:38:59,59818.45,0,0,0,0,0,0
BSE CD.BSE_IDX,01/07/2025,11:39:07,59817.23,0,0,0,0,0,0
BSE CD.BSE_IDX,01/07/2025,11:39:16,59813.4,0,0,0,0,0,0
BSE CD.BSE_IDX,01/07/2025,11:39:23,59813.74,0,0,0,0,0,0
BSE CD.BSE_IDX,01/07/2025,11:39:31,59822.65,0,0,0,0,0,0
BSE CD.BSE_IDX,01/07/2025,11:39:39,59816.74,0,0,0,0,0,0
BSE CD.BSE_IDX,01/07/2025,11:39:47,59815.77,0,0,0,0,0,0
BSE CD.BSE_IDX,01/07/2025,11:39:55,59812.69,0,0,0,0,0,0
BSE CD.BSE_IDX,01/07/2025,11:40:03,59815.83,0,0,0,0,0,0
BSE CD.BSE_IDX,01/07/2025,11:40:11,59815.18,0,0,0,0,0,0
BSE CD.BSE_IDX,01/07/2025,11:40:19,59810.85,0,0,0,0,0,0
BSE CD.BSE_IDX,01/07/2025,11:40:27,59808.07,0,0,0,0,0,0
BSE CD.BSE_IDX,01/07/2025,11:40:35,59808.07,0,0,0,0,0,0
BSE CD.BSE_IDX,01/07/2025,11:40:43,59808.07,0,0,0,0,0,0
BSE CD.BSE_IDX,01/07/2025,11:40:51,59820.28,0,0,0,0,0,0
BSE CD.BSE_IDX,01/07/2025,11:41:00,59816.98,0,0,0,0,0,0
BSE CD.BSE_IDX,01/07/2025,11:41:07,59818.46,0,0,0,0,0,0
BSE CD.BSE_IDX,01/07/2025,11:41:15,59819.91,0,0,0,0,0,0
BSE CD.BSE_IDX,01/07/2025,11:41:24,59818.86,0,0,0,0,0,0
BSE CD.BSE_IDX,01/07/2025,11:41:32,59819.01,0,0,0,0,0,0
BSE CD.BSE_IDX,01/07/2025,11:41:39,59819.95,0,0,0,0,0,0
BSE CD.BSE_IDX,01/07/2025,11:41:48,59811.28,0,0,0,0,0,0
BSE CD.BSE_IDX,01/07/2025,11:41:56,59804.87,0,0,0,0,0,0
BSE CD.BSE_IDX,01/07/2025,11:42:04,59805.51,0,0,0,0,0,0
BSE CD.BSE_IDX,01/07/2025,11:42:12,59807.29,0,0,0,0,0,0
BSE CD.BSE_IDX,01/07/2025,11:42:20,59809.14,0,0,0,0,0,0
BSE CD.BSE_IDX,01/07/2025,11:42:28,59817.14,0,0,0,0,0,0
BSE CD.BSE_IDX,01/07/2025,11:42:36,59830.16,0,0,0,0,0,0
BSE CD.BSE_IDX,01/07/2025,11:42:44,59834.9,0,0,0,0,0,0
BSE CD.BSE_IDX,01/07/2025,11:42:52,59835.76,0,0,0,0,0,0
BSE CD.BSE_IDX,01/07/2025,11:43:00,59834.93,0,0,0,0,0,0
BSE CD.BSE_IDX,01/07/2025,11:43:08,59834.47,0,0,0,0,0,0
BSE CD.BSE_IDX,01/07/2025,11:43:16,59827.53,0,0,0,0,0,0
BSE CD.BSE_IDX,01/07/2025,11:43:24,59834.69,0,0,0,0,0,0
BSE CD.BSE_IDX,01/07/2025,11:43:32,59832.2,0,0,0,0,0,0
BSE CD.BSE_IDX,01/07/2025,11:43:40,59814,0,0,0,0,0,0
BSE CD.BSE_IDX,01/07/2025,11:43:48,59823.04,0,0,0,0,0,0
BSE CD.BSE_IDX,01/07/2025,11:43:56,59812.97,0,0,0,0,0,0
BSE CD.BSE_IDX,01/07/2025,11:44:04,59818.52,0,0,0,0,0,0
BSE CD.BSE_IDX,01/07/2025,11:44:12,59812.09,0,0,0,0,0,0
BSE CD.BSE_IDX,01/07/2025,11:44:20,59811.2,0,0,0,0,0,0
BSE CD.BSE_IDX,01/07/2025,11:44:28,59811.53,0,0,0,0,0,0
BSE CD.BSE_IDX,01/07/2025,11:44:36,59810.88,0,0,0,0,0,0
BSE CD.BSE_IDX,01/07/2025,11:44:44,59808.06,0,0,0,0,0,0
BSE CD.BSE_IDX,01/07/2025,11:44:52,59808.17,0,0,0,0,0,0
BSE CD.BSE_IDX,01/07/2025,11:45:00,59807.21,0,0,0,0,0,0
BSE CD.BSE_IDX,01/07/2025,11:45:08,59814.62,0,0,0,0,0,0
BSE CD.BSE_IDX,01/07/2025,11:45:16,59818.07,0,0,0,0,0,0
BSE CD.BSE_IDX,01/07/2025,11:45:24,59817.69,0,0,0,0,0,0
BSE CD.BSE_IDX,01/07/2025,11:45:32,59815.04,0,0,0,0,0,0
BSE CD.BSE_IDX,01/07/2025,11:45:40,59815.09,0,0,0,0,0,0
BSE CD.BSE_IDX,01/07/2025,11:45:48,59813.7,0,0,0,0,0,0
BSE CD.BSE_IDX,01/07/2025,11:45:56,59813.62,0,0,0,0,0,0
BSE CD.BSE_IDX,01/07/2025,11:46:04,59811.47,0,0,0,0,0,0
BSE CD.BSE_IDX,01/07/2025,11:46:12,59814.9,0,0,0,0,0,0
BSE CD.BSE_IDX,01/07/2025,11:46:20,59815.29,0,0,0,0,0,0
BSE CD.BSE_IDX,01/07/2025,11:46:28,59814.16,0,0,0,0,0,0
BSE CD.BSE_IDX,01/07/2025,11:46:36,59815.51,0,0,0,0,0,0
BSE CD.BSE_IDX,01/07/2025,11:46:44,59805.94,0,0,0,0,0,0
BSE CD.BSE_IDX,01/07/2025,11:46:52,59801.31,0,0,0,0,0,0
BSE CD.BSE_IDX,01/07/2025,11:47:00,59805.3,0,0,0,0,0,0
BSE CD.BSE_IDX,01/07/2025,11:47:08,59803.56,0,0,0,0,0,0
BSE CD.BSE_IDX,01/07/2025,11:47:16,59804.05,0,0,0,0,0,0
BSE CD.BSE_IDX,01/07/2025,11:47:24,59803.4,0,0,0,0,0,0
BSE CD.BSE_IDX,01/07/2025,11:47:32,59800.32,0,0,0,0,0,0
BSE CD.BSE_IDX,01/07/2025,11:47:40,59796.28,0,0,0,0,0,0
BSE CD.BSE_IDX,01/07/2025,11:47:48,59795.5,0,0,0,0,0,0
BSE CD.BSE_IDX,01/07/2025,11:47:56,59795.95,0,0,0,0,0,0
BSE CD.BSE_IDX,01/07/2025,11:48:04,59798.41,0,0,0,0,0,0
BSE CD.BSE_IDX,01/07/2025,11:48:12,59805.81,0,0,0,0,0,0
BSE CD.BSE_IDX,01/07/2025,11:48:20,59805.81,0,0,0,0,0,0
BSE CD.BSE_IDX,01/07/2025,11:48:28,59803.25,0,0,0,0,0,0
BSE CD.BSE_IDX,01/07/2025,11:48:36,59811.56,0,0,0,0,0,0
BSE CD.BSE_IDX,01/07/2025,11:48:44,59815.64,0,0,0,0,0,0
BSE CD.BSE_IDX,01/07/2025,11:48:52,59806.08,0,0,0,0,0,0
BSE CD.BSE_IDX,01/07/2025,11:49:01,59800.78,0,0,0,0,0,0
BSE CD.BSE_IDX,01/07/2025,11:49:09,59802.67,0,0,0,0,0,0
BSE CD.BSE_IDX,01/07/2025,11:49:16,59801.83,0,0,0,0,0,0
BSE CD.BSE_IDX,01/07/2025,11:49:24,59806.25,0,0,0,0,0,0
BSE CD.BSE_IDX,01/07/2025,11:49:32,59809.69,0,0,0,0,0,0
BSE CD.BSE_IDX,01/07/2025,11:49:40,59810.51,0,0,0,0,0,0
BSE CD.BSE_IDX,01/07/2025,11:49:49,59809.52,0,0,0,0,0,0
BSE CD.BSE_IDX,01/07/2025,11:49:56,59807.29,0,0,0,0,0,0
BSE CD.BSE_IDX,01/07/2025,11:50:04,59794.87,0,0,0,0,0,0
BSE CD.BSE_IDX,01/07/2025,11:50:12,59794.19,0,0,0,0,0,0
BSE CD.BSE_IDX,01/07/2025,11:50:20,59795.11,0,0,0,0,0,0
BSE CD.BSE_IDX,01/07/2025,11:50:28,59797.06,0,0,0,0,0,0
BSE CD.BSE_IDX,01/07/2025,11:50:36,59792.74,0,0,0,0,0,0
BSE CD.BSE_IDX,01/07/2025,11:50:44,59798.35,0,0,0,0,0,0
BSE CD.BSE_IDX,01/07/2025,11:50:52,59794.55,0,0,0,0,0,0
BSE CD.BSE_IDX,01/07/2025,11:51:00,59796.57,0,0,0,0,0,0
BSE CD.BSE_IDX,01/07/2025,11:51:08,59797.95,0,0,0,0,0,0
BSE CD.BSE_IDX,01/07/2025,11:51:16,59800.37,0,0,0,0,0,0
BSE CD.BSE_IDX,01/07/2025,11:51:24,59799.02,0,0,0,0,0,0
BSE CD.BSE_IDX,01/07/2025,11:51:32,59798.85,0,0,0,0,0,0
BSE CD.BSE_IDX,01/07/2025,11:51:40,59799.84,0,0,0,0,0,0
BSE CD.BSE_IDX,01/07/2025,11:51:48,59793.72,0,0,0,0,0,0
BSE CD.BSE_IDX,01/07/2025,11:51:56,59796.66,0,0,0,0,0,0
BSE CD.BSE_IDX,01/07/2025,11:52:04,59796.71,0,0,0,0,0,0
BSE CD.BSE_IDX,01/07/2025,11:52:12,59795.06,0,0,0,0,0,0
BSE CD.BSE_IDX,01/07/2025,11:52:20,59797.62,0,0,0,0,0,0
BSE CD.BSE_IDX,01/07/2025,11:52:28,59797.76,0,0,0,0,0,0
BSE CD.BSE_IDX,01/07/2025,11:52:36,59803.3,0,0,0,0,0,0
BSE CD.BSE_IDX,01/07/2025,11:52:44,59801.07,0,0,0,0,0,0
BSE CD.BSE_IDX,01/07/2025,11:52:52,59801.38,0,0,0,0,0,0
BSE CD.BSE_IDX,01/07/2025,11:53:00,59796.12,0,0,0,0,0,0
BSE CD.BSE_IDX,01/07/2025,11:53:08,59790.06,0,0,0,0,0,0
BSE CD.BSE_IDX,01/07/2025,11:53:16,59791.12,0,0,0,0,0,0
BSE CD.BSE_IDX,01/07/2025,11:53:24,59795.2,0,0,0,0,0,0
BSE CD.BSE_IDX,01/07/2025,11:53:32,59795.2,0,0,0,0,0,0
BSE CD.BSE_IDX,01/07/2025,11:53:40,59792.22,0,0,0,0,0,0
BSE CD.BSE_IDX,01/07/2025,11:53:48,59793.89,0,0,0,0,0,0
BSE CD.BSE_IDX,01/07/2025,11:53:56,59792.05,0,0,0,0,0,0
BSE CD.BSE_IDX,01/07/2025,11:54:04,59785.09,0,0,0,0,0,0
BSE CD.BSE_IDX,01/07/2025,11:54:12,59776.26,0,0,0,0,0,0
BSE CD.BSE_IDX,01/07/2025,11:54:20,59775.61,0,0,0,0,0,0
BSE CD.BSE_IDX,01/07/2025,11:54:28,59774.12,0,0,0,0,0,0
BSE CD.BSE_IDX,01/07/2025,11:54:36,59770.1,0,0,0,0,0,0
BSE CD.BSE_IDX,01/07/2025,11:54:44,59770.1,0,0,0,0,0,0
BSE CD.BSE_IDX,01/07/2025,11:54:52,59769.53,0,0,0,0,0,0
BSE CD.BSE_IDX,01/07/2025,11:55:00,59772.71,0,0,0,0,0,0
BSE CD.BSE_IDX,01/07/2025,11:55:08,59775.88,0,0,0,0,0,0
BSE CD.BSE_IDX,01/07/2025,11:55:17,59775.88,0,0,0,0,0,0
BSE CD.BSE_IDX,01/07/2025,11:55:24,59776.22,0,0,0,0,0,0
BSE CD.BSE_IDX,01/07/2025,11:55:32,59777.69,0,0,0,0,0,0
BSE CD.BSE_IDX,01/07/2025,11:55:40,59771.81,0,0,0,0,0,0
BSE CD.BSE_IDX,01/07/2025,11:55:48,59770.21,0,0,0,0,0,0
BSE CD.BSE_IDX,01/07/2025,11:55:56,59776.6,0,0,0,0,0,0
BSE CD.BSE_IDX,01/07/2025,11:56:05,59770.68,0,0,0,0,0,0
BSE CD.BSE_IDX,01/07/2025,11:56:12,59769.57,0,0,0,0,0,0
BSE CD.BSE_IDX,01/07/2025,11:56:20,59760.67,0,0,0,0,0,0
BSE CD.BSE_IDX,01/07/2025,11:56:28,59755.56,0,0,0,0,0,0
BSE CD.BSE_IDX,01/07/2025,11:56:36,59758.94,0,0,0,0,0,0
BSE CD.BSE_IDX,01/07/2025,11:56:44,59765.08,0,0,0,0,0,0
BSE CD.BSE_IDX,01/07/2025,11:56:52,59769.47,0,0,0,0,0,0
BSE CD.BSE_IDX,01/07/2025,11:57:00,59767.91,0,0,0,0,0,0
BSE CD.BSE_IDX,01/07/2025,11:57:08,59765.25,0,0,0,0,0,0
BSE CD.BSE_IDX,01/07/2025,11:57:16,59764.08,0,0,0,0,0,0
BSE CD.BSE_IDX,01/07/2025,11:57:24,59764.46,0,0,0,0,0,0
BSE CD.BSE_IDX,01/07/2025,11:57:32,59761.39,0,0,0,0,0,0
BSE CD.BSE_IDX,01/07/2025,11:57:40,59760.99,0,0,0,0,0,0
BSE CD.BSE_IDX,01/07/2025,11:57:48,59752.66,0,0,0,0,0,0
BSE CD.BSE_IDX,01/07/2025,11:57:56,59759.28,0,0,0,0,0,0
BSE CD.BSE_IDX,01/07/2025,11:58:04,59760.48,0,0,0,0,0,0
BSE CD.BSE_IDX,01/07/2025,11:58:12,59760.87,0,0,0,0,0,0
BSE CD.BSE_IDX,01/07/2025,11:58:20,59761.96,0,0,0,0,0,0
BSE CD.BSE_IDX,01/07/2025,11:58:28,59751.4,0,0,0,0,0,0
BSE CD.BSE_IDX,01/07/2025,11:58:36,59754.84,0,0,0,0,0,0
BSE CD.BSE_IDX,01/07/2025,11:58:44,59747.01,0,0,0,0,0,0
BSE CD.BSE_IDX,01/07/2025,11:58:52,59747.01,0,0,0,0,0,0
BSE CD.BSE_IDX,01/07/2025,11:59:00,59753.35,0,0,0,0,0,0
BSE CD.BSE_IDX,01/07/2025,11:59:08,59764.77,0,0,0,0,0,0
BSE CD.BSE_IDX,01/07/2025,11:59:16,59764.63,0,0,0,0,0,0
BSE CD.BSE_IDX,01/07/2025,11:59:24,59762.42,0,0,0,0,0,0
BSE CD.BSE_IDX,01/07/2025,11:59:32,59762.06,0,0,0,0,0,0
BSE CD.BSE_IDX,01/07/2025,11:59:40,59767.06,0,0,0,0,0,0
BSE CD.BSE_IDX,01/07/2025,11:59:48,59767.06,0,0,0,0,0,0
BSE CD.BSE_IDX,01/07/2025,11:59:56,59766.53,0,0,0,0,0,0
BSE CD.BSE_IDX,01/07/2025,12:00:05,59777.54,0,0,0,0,0,0
BSE CD.BSE_IDX,01/07/2025,12:00:12,59782.22,0,0,0,0,0,0
BSE CD.BSE_IDX,01/07/2025,12:00:20,59782.47,0,0,0,0,0,0
BSE CD.BSE_IDX,01/07/2025,12:00:28,59776.79,0,0,0,0,0,0
BSE CD.BSE_IDX,01/07/2025,12:00:37,59764.45,0,0,0,0,0,0
BSE CD.BSE_IDX,01/07/2025,12:00:44,59761.93,0,0,0,0,0,0
BSE CD.BSE_IDX,01/07/2025,12:00:52,59759.68,0,0,0,0,0,0
BSE CD.BSE_IDX,01/07/2025,12:01:00,59751.44,0,0,0,0,0,0
BSE CD.BSE_IDX,01/07/2025,12:01:08,59749.21,0,0,0,0,0,0
BSE CD.BSE_IDX,01/07/2025,12:01:16,59756.69,0,0,0,0,0,0
BSE CD.BSE_IDX,01/07/2025,12:01:24,59753.73,0,0,0,0,0,0
BSE CD.BSE_IDX,01/07/2025,12:01:32,59754.72,0,0,0,0,0,0
BSE CD.BSE_IDX,01/07/2025,12:01:40,59763.29,0,0,0,0,0,0
BSE CD.BSE_IDX,01/07/2025,12:01:48,59756.65,0,0,0,0,0,0
BSE CD.BSE_IDX,01/07/2025,12:01:57,59766.17,0,0,0,0,0,0
BSE CD.BSE_IDX,01/07/2025,12:02:04,59768.52,0,0,0,0,0,0
BSE CD.BSE_IDX,01/07/2025,12:02:12,59760.68,0,0,0,0,0,0
BSE CD.BSE_IDX,01/07/2025,12:02:20,59768.94,0,0,0,0,0,0
BSE CD.BSE_IDX,01/07/2025,12:02:28,59770.3,0,0,0,0,0,0
BSE CD.BSE_IDX,01/07/2025,12:02:36,59765.53,0,0,0,0,0,0
BSE CD.BSE_IDX,01/07/2025,12:02:44,59767.34,0,0,0,0,0,0
BSE CD.BSE_IDX,01/07/2025,12:02:52,59767.61,0,0,0,0,0,0
BSE CD.BSE_IDX,01/07/2025,12:03:00,59767.37,0,0,0,0,0,0
BSE CD.BSE_IDX,01/07/2025,12:03:08,59769.18,0,0,0,0,0,0
BSE CD.BSE_IDX,01/07/2025,12:03:17,59769.77,0,0,0,0,0,0
BSE CD.BSE_IDX,01/07/2025,12:03:24,59774.59,0,0,0,0,0,0
BSE CD.BSE_IDX,01/07/2025,12:03:32,59775.01,0,0,0,0,0,0
BSE CD.BSE_IDX,01/07/2025,12:03:40,59772.06,0,0,0,0,0,0
BSE CD.BSE_IDX,01/07/2025,12:03:48,59774.35,0,0,0,0,0,0
BSE CD.BSE_IDX,01/07/2025,12:03:56,59772.06,0,0,0,0,0,0
BSE CD.BSE_IDX,01/07/2025,12:04:04,59774.76,0,0,0,0,0,0
BSE CD.BSE_IDX,01/07/2025,12:04:12,59768.83,0,0,0,0,0,0
BSE CD.BSE_IDX,01/07/2025,12:04:20,59768.83,0,0,0,0,0,0
BSE CD.BSE_IDX,01/07/2025,12:04:28,59768.56,0,0,0,0,0,0
BSE CD.BSE_IDX,01/07/2025,12:04:36,59768.29,0,0,0,0,0,0
BSE CD.BSE_IDX,01/07/2025,12:04:44,59763.73,0,0,0,0,0,0
BSE CD.BSE_IDX,01/07/2025,12:04:52,59763.28,0,0,0,0,0,0
BSE CD.BSE_IDX,01/07/2025,12:05:01,59768.41,0,0,0,0,0,0
BSE CD.BSE_IDX,01/07/2025,12:05:08,59756.6,0,0,0,0,0,0
BSE CD.BSE_IDX,01/07/2025,12:05:16,59768.77,0,0,0,0,0,0
BSE CD.BSE_IDX,01/07/2025,12:05:24,59761.6,0,0,0,0,0,0
BSE CD.BSE_IDX,01/07/2025,12:05:32,59759.64,0,0,0,0,0,0
BSE CD.BSE_IDX,01/07/2025,12:05:40,59750.74,0,0,0,0,0,0
BSE CD.BSE_IDX,01/07/2025,12:05:48,59747.91,0,0,0,0,0,0
BSE CD.BSE_IDX,01/07/2025,12:05:56,59747.99,0,0,0,0,0,0
BSE CD.BSE_IDX,01/07/2025,12:06:04,59753.23,0,0,0,0,0,0
BSE CD.BSE_IDX,01/07/2025,12:06:12,59751.03,0,0,0,0,0,0
BSE CD.BSE_IDX,01/07/2025,12:06:20,59752.65,0,0,0,0,0,0
BSE CD.BSE_IDX,01/07/2025,12:06:28,59746.46,0,0,0,0,0,0
BSE CD.BSE_IDX,01/07/2025,12:06:36,59736.5,0,0,0,0,0,0
BSE CD.BSE_IDX,01/07/2025,12:06:44,59734.98,0,0,0,0,0,0
BSE CD.BSE_IDX,01/07/2025,12:06:53,59736.5,0,0,0,0,0,0
BSE CD.BSE_IDX,01/07/2025,12:07:00,59719.48,0,0,0,0,0,0
BSE CD.BSE_IDX,01/07/2025,12:07:08,59715.67,0,0,0,0,0,0
BSE CD.BSE_IDX,01/07/2025,12:07:16,59720.42,0,0,0,0,0,0
BSE CD.BSE_IDX,01/07/2025,12:07:24,59723.1,0,0,0,0,0,0
BSE CD.BSE_IDX,01/07/2025,12:07:32,59720.11,0,0,0,0,0,0
BSE CD.BSE_IDX,01/07/2025,12:07:40,59717.69,0,0,0,0,0,0
BSE CD.BSE_IDX,01/07/2025,12:07:48,59725.27,0,0,0,0,0,0
BSE CD.BSE_IDX,01/07/2025,12:07:56,59727.4,0,0,0,0,0,0
BSE CD.BSE_IDX,01/07/2025,12:08:04,59713.14,0,0,0,0,0,0
BSE CD.BSE_IDX,01/07/2025,12:08:12,59717.21,0,0,0,0,0,0
BSE CD.BSE_IDX,01/07/2025,12:08:20,59712.48,0,0,0,0,0,0
BSE CD.BSE_IDX,01/07/2025,12:08:28,59711.89,0,0,0,0,0,0
BSE CD.BSE_IDX,01/07/2025,12:08:36,59724.22,0,0,0,0,0,0
BSE CD.BSE_IDX,01/07/2025,12:08:44,59713.72,0,0,0,0,0,0
BSE CD.BSE_IDX,01/07/2025,12:08:52,59717.72,0,0,0,0,0,0
BSE CD.BSE_IDX,01/07/2025,12:09:00,59716.92,0,0,0,0,0,0
BSE CD.BSE_IDX,01/07/2025,12:09:08,59725.91,0,0,0,0,0,0
BSE CD.BSE_IDX,01/07/2025,12:09:16,59725.55,0,0,0,0,0,0
BSE CD.BSE_IDX,01/07/2025,12:09:25,59725.7,0,0,0,0,0,0
BSE CD.BSE_IDX,01/07/2025,12:09:32,59722.39,0,0,0,0,0,0
BSE CD.BSE_IDX,01/07/2025,12:09:40,59718.67,0,0,0,0,0,0
BSE CD.BSE_IDX,01/07/2025,12:09:48,59722.39,0,0,0,0,0,0
BSE CD.BSE_IDX,01/07/2025,12:09:57,59721.3,0,0,0,0,0,0
BSE CD.BSE_IDX,01/07/2025,12:10:05,59731.39,0,0,0,0,0,0
BSE CD.BSE_IDX,01/07/2025,12:10:13,59722.18,0,0,0,0,0,0
BSE CD.BSE_IDX,01/07/2025,12:10:22,59720.58,0,0,0,0,0,0
BSE CD.BSE_IDX,01/07/2025,12:10:28,59729.37,0,0,0,0,0,0
BSE CD.BSE_IDX,01/07/2025,12:10:36,59721.3,0,0,0,0,0,0
BSE CD.BSE_IDX,01/07/2025,12:10:45,59724.13,0,0,0,0,0,0
BSE CD.BSE_IDX,01/07/2025,12:10:52,59724.15,0,0,0,0,0,0
BSE CD.BSE_IDX,01/07/2025,12:11:00,59731.07,0,0,0,0,0,0
BSE CD.BSE_IDX,01/07/2025,12:11:08,59731.07,0,0,0,0,0,0
BSE CD.BSE_IDX,01/07/2025,12:11:17,59731.6,0,0,0,0,0,0
BSE CD.BSE_IDX,01/07/2025,12:11:24,59722.74,0,0,0,0,0,0
BSE CD.BSE_IDX,01/07/2025,12:11:32,59721.16,0,0,0,0,0,0
BSE CD.BSE_IDX,01/07/2025,12:11:40,59720.22,0,0,0,0,0,0
BSE CD.BSE_IDX,01/07/2025,12:11:49,59720.35,0,0,0,0,0,0
BSE CD.BSE_IDX,01/07/2025,12:11:57,59725.91,0,0,0,0,0,0
BSE CD.BSE_IDX,01/07/2025,12:12:05,59722.04,0,0,0,0,0,0
BSE CD.BSE_IDX,01/07/2025,12:12:13,59723.71,0,0,0,0,0,0
BSE CD.BSE_IDX,01/07/2025,12:12:21,59725.83,0,0,0,0,0,0
BSE CD.BSE_IDX,01/07/2025,12:12:29,59727.11,0,0,0,0,0,0
BSE CD.BSE_IDX,01/07/2025,12:12:37,59724.87,0,0,0,0,0,0
BSE CD.BSE_IDX,01/07/2025,12:12:45,59723.12,0,0,0,0,0,0
BSE CD.BSE_IDX,01/07/2025,12:12:53,59723.91,0,0,0,0,0,0
BSE CD.BSE_IDX,01/07/2025,12:13:01,59719.98,0,0,0,0,0,0
BSE CD.BSE_IDX,01/07/2025,12:13:09,59720.94,0,0,0,0,0,0
BSE CD.BSE_IDX,01/07/2025,12:13:17,59719.86,0,0,0,0,0,0
BSE CD.BSE_IDX,01/07/2025,12:13:25,59730.07,0,0,0,0,0,0
BSE CD.BSE_IDX,01/07/2025,12:13:33,59730.85,0,0,0,0,0,0
BSE CD.BSE_IDX,01/07/2025,12:13:41,59732.25,0,0,0,0,0,0
BSE CD.BSE_IDX,01/07/2025,12:13:49,59727.76,0,0,0,0,0,0
BSE CD.BSE_IDX,01/07/2025,12:13:57,59722.47,0,0,0,0,0,0
BSE CD.BSE_IDX,01/07/2025,12:14:05,59728.71,0,0,0,0,0,0
BSE CD.BSE_IDX,01/07/2025,12:14:13,59728.04,0,0,0,0,0,0
BSE CD.BSE_IDX,01/07/2025,12:14:21,59724.46,0,0,0,0,0,0
BSE CD.BSE_IDX,01/07/2025,12:14:29,59725.44,0,0,0,0,0,0
BSE CD.BSE_IDX,01/07/2025,12:14:37,59737.05,0,0,0,0,0,0
BSE CD.BSE_IDX,01/07/2025,12:14:46,59737.05,0,0,0,0,0,0
BSE CD.BSE_IDX,01/07/2025,12:14:54,59737.05,0,0,0,0,0,0
BSE CD.BSE_IDX,01/07/2025,12:15:01,59737.32,0,0,0,0,0,0
BSE CD.BSE_IDX,01/07/2025,12:15:09,59735.33,0,0,0,0,0,0
BSE CD.BSE_IDX,01/07/2025,12:15:17,59733.35,0,0,0,0,0,0
BSE CD.BSE_IDX,01/07/2025,12:15:25,59734.57,0,0,0,0,0,0
BSE CD.BSE_IDX,01/07/2025,12:15:33,59734.5,0,0,0,0,0,0
BSE CD.BSE_IDX,01/07/2025,12:15:41,59737.23,0,0,0,0,0,0
BSE CD.BSE_IDX,01/07/2025,12:15:49,59739.98,0,0,0,0,0,0
BSE CD.BSE_IDX,01/07/2025,12:15:57,59742.04,0,0,0,0,0,0
BSE CD.BSE_IDX,01/07/2025,12:16:05,59747.37,0,0,0,0,0,0
BSE CD.BSE_IDX,01/07/2025,12:16:13,59747.25,0,0,0,0,0,0
BSE CD.BSE_IDX,01/07/2025,12:16:21,59743.52,0,0,0,0,0,0
BSE CD.BSE_IDX,01/07/2025,12:16:29,59750.45,0,0,0,0,0,0
BSE CD.BSE_IDX,01/07/2025,12:16:37,59751.25,0,0,0,0,0,0
BSE CD.BSE_IDX,01/07/2025,12:16:45,59742.73,0,0,0,0,0,0
BSE CD.BSE_IDX,01/07/2025,12:16:53,59742.28,0,0,0,0,0,0
BSE CD.BSE_IDX,01/07/2025,12:17:01,59743.74,0,0,0,0,0,0
BSE CD.BSE_IDX,01/07/2025,12:17:09,59749.34,0,0,0,0,0,0
BSE CD.BSE_IDX,01/07/2025,12:17:17,59754.45,0,0,0,0,0,0
BSE CD.BSE_IDX,01/07/2025,12:17:25,59754.7,0,0,0,0,0,0
BSE CD.BSE_IDX,01/07/2025,12:17:33,59754.39,0,0,0,0,0,0
BSE CD.BSE_IDX,01/07/2025,12:17:41,59756.17,0,0,0,0,0,0
BSE CD.BSE_IDX,01/07/2025,12:17:49,59754.63,0,0,0,0,0,0
BSE CD.BSE_IDX,01/07/2025,12:17:57,59758.55,0,0,0,0,0,0
BSE CD.BSE_IDX,01/07/2025,12:18:05,59761.18,0,0,0,0,0,0
BSE CD.BSE_IDX,01/07/2025,12:18:13,59759.15,0,0,0,0,0,0
BSE CD.BSE_IDX,01/07/2025,12:18:21,59759.73,0,0,0,0,0,0
BSE CD.BSE_IDX,01/07/2025,12:18:29,59758.67,0,0,0,0,0,0
BSE CD.BSE_IDX,01/07/2025,12:18:37,59760.87,0,0,0,0,0,0
BSE CD.BSE_IDX,01/07/2025,12:18:45,59757.14,0,0,0,0,0,0
BSE CD.BSE_IDX,01/07/2025,12:18:53,59759.78,0,0,0,0,0,0
BSE CD.BSE_IDX,01/07/2025,12:19:01,59752.7,0,0,0,0,0,0
BSE CD.BSE_IDX,01/07/2025,12:19:09,59754.84,0,0,0,0,0,0
BSE CD.BSE_IDX,01/07/2025,12:19:17,59744.96,0,0,0,0,0,0
BSE CD.BSE_IDX,01/07/2025,12:19:25,59743.77,0,0,0,0,0,0
BSE CD.BSE_IDX,01/07/2025,12:19:33,59750.01,0,0,0,0,0,0
BSE CD.BSE_IDX,01/07/2025,12:19:41,59746.94,0,0,0,0,0,0
BSE CD.BSE_IDX,01/07/2025,12:19:49,59746.62,0,0,0,0,0,0
BSE CD.BSE_IDX,01/07/2025,12:19:57,59746.87,0,0,0,0,0,0
BSE CD.BSE_IDX,01/07/2025,12:20:05,59742,0,0,0,0,0,0
BSE CD.BSE_IDX,01/07/2025,12:20:13,59742.13,0,0,0,0,0,0
BSE CD.BSE_IDX,01/07/2025,12:20:21,59748.73,0,0,0,0,0,0
BSE CD.BSE_IDX,01/07/2025,12:20:29,59749,0,0,0,0,0,0
BSE CD.BSE_IDX,01/07/2025,12:20:37,59757.41,0,0,0,0,0,0
BSE CD.BSE_IDX,01/07/2025,12:20:45,59759.23,0,0,0,0,0,0
BSE CD.BSE_IDX,01/07/2025,12:20:53,59746.13,0,0,0,0,0,0
BSE CD.BSE_IDX,01/07/2025,12:21:01,59748.77,0,0,0,0,0,0
BSE CD.BSE_IDX,01/07/2025,12:21:09,59760.18,0,0,0,0,0,0
BSE CD.BSE_IDX,01/07/2025,12:21:17,59750.47,0,0,0,0,0,0
BSE CD.BSE_IDX,01/07/2025,12:21:25,59748.81,0,0,0,0,0,0
BSE CD.BSE_IDX,01/07/2025,12:21:33,59762.21,0,0,0,0,0,0
BSE CD.BSE_IDX,01/07/2025,12:21:41,59767.39,0,0,0,0,0,0
BSE CD.BSE_IDX,01/07/2025,12:21:49,59776.63,0,0,0,0,0,0
BSE CD.BSE_IDX,01/07/2025,12:21:57,59766.8,0,0,0,0,0,0
BSE CD.BSE_IDX,01/07/2025,12:22:05,59772.38,0,0,0,0,0,0
BSE CD.BSE_IDX,01/07/2025,12:22:13,59775.37,0,0,0,0,0,0
BSE CD.BSE_IDX,01/07/2025,12:22:21,59780.53,0,0,0,0,0,0
BSE CD.BSE_IDX,01/07/2025,12:22:29,59778.98,0,0,0,0,0,0
BSE CD.BSE_IDX,01/07/2025,12:22:37,59772.61,0,0,0,0,0,0
BSE CD.BSE_IDX,01/07/2025,12:22:45,59771.54,0,0,0,0,0,0
BSE CD.BSE_IDX,01/07/2025,12:22:53,59771.54,0,0,0,0,0,0
BSE CD.BSE_IDX,01/07/2025,12:23:02,59781.52,0,0,0,0,0,0
BSE CD.BSE_IDX,01/07/2025,12:23:09,59779.91,0,0,0,0,0,0
BSE CD.BSE_IDX,01/07/2025,12:23:17,59782.53,0,0,0,0,0,0
BSE CD.BSE_IDX,01/07/2025,12:23:25,59783.28,0,0,0,0,0,0
BSE CD.BSE_IDX,01/07/2025,12:23:33,59779.01,0,0,0,0,0,0
BSE CD.BSE_IDX,01/07/2025,12:23:41,59781.2,0,0,0,0,0,0
BSE CD.BSE_IDX,01/07/2025,12:23:49,59781.48,0,0,0,0,0,0
BSE CD.BSE_IDX,01/07/2025,12:23:57,59788.6,0,0,0,0,0,0
BSE CD.BSE_IDX,01/07/2025,12:24:05,59790.56,0,0,0,0,0,0
BSE CD.BSE_IDX,01/07/2025,12:24:13,59790.49,0,0,0,0,0,0
BSE CD.BSE_IDX,01/07/2025,12:24:21,59786.42,0,0,0,0,0,0
BSE CD.BSE_IDX,01/07/2025,12:24:29,59792.99,0,0,0,0,0,0
BSE CD.BSE_IDX,01/07/2025,12:24:37,59794.68,0,0,0,0,0,0
BSE CD.BSE_IDX,01/07/2025,12:24:45,59796.94,0,0,0,0,0,0
BSE CD.BSE_IDX,01/07/2025,12:24:53,59797.48,0,0,0,0,0,0
BSE CD.BSE_IDX,01/07/2025,12:25:01,59797.58,0,0,0,0,0,0
BSE CD.BSE_IDX,01/07/2025,12:25:09,59795.88,0,0,0,0,0,0
BSE CD.BSE_IDX,01/07/2025,12:25:17,59803.81,0,0,0,0,0,0
BSE CD.BSE_IDX,01/07/2025,12:25:25,59807.25,0,0,0,0,0,0
BSE CD.BSE_IDX,01/07/2025,12:25:33,59807.73,0,0,0,0,0,0
BSE CD.BSE_IDX,01/07/2025,12:25:41,59801.54,0,0,0,0,0,0
BSE CD.BSE_IDX,01/07/2025,12:25:49,59807.53,0,0,0,0,0,0
BSE CD.BSE_IDX,01/07/2025,12:25:57,59807.55,0,0,0,0,0,0
BSE CD.BSE_IDX,01/07/2025,12:26:05,59820.56,0,0,0,0,0,0
BSE CD.BSE_IDX,01/07/2025,12:26:13,59813.09,0,0,0,0,0,0
BSE CD.BSE_IDX,01/07/2025,12:26:21,59818.56,0,0,0,0,0,0
BSE CD.BSE_IDX,01/07/2025,12:26:31,59817.2,0,0,0,0,0,0
BSE CD.BSE_IDX,01/07/2025,12:26:37,59816.86,0,0,0,0,0,0
BSE CD.BSE_IDX,01/07/2025,12:26:45,59810.3,0,0,0,0,0,0
BSE CD.BSE_IDX,01/07/2025,12:26:53,59811.92,0,0,0,0,0,0
BSE CD.BSE_IDX,01/07/2025,12:27:01,59805.94,0,0,0,0,0,0
BSE CD.BSE_IDX,01/07/2025,12:27:09,59803.38,0,0,0,0,0,0
BSE CD.BSE_IDX,01/07/2025,12:27:17,59808.65,0,0,0,0,0,0
BSE CD.BSE_IDX,01/07/2025,12:27:25,59798.35,0,0,0,0,0,0
BSE CD.BSE_IDX,01/07/2025,12:27:33,59799.34,0,0,0,0,0,0
BSE CD.BSE_IDX,01/07/2025,12:27:41,59799.69,0,0,0,0,0,0
BSE CD.BSE_IDX,01/07/2025,12:27:49,59799.09,0,0,0,0,0,0
BSE CD.BSE_IDX,01/07/2025,12:27:57,59812.12,0,0,0,0,0,0
BSE CD.BSE_IDX,01/07/2025,12:28:05,59803.87,0,0,0,0,0,0
BSE CD.BSE_IDX,01/07/2025,12:28:13,59811.63,0,0,0,0,0,0
BSE CD.BSE_IDX,01/07/2025,12:28:21,59812.78,0,0,0,0,0,0
BSE CD.BSE_IDX,01/07/2025,12:28:29,59811.69,0,0,0,0,0,0
BSE CD.BSE_IDX,01/07/2025,12:28:37,59792.77,0,0,0,0,0,0
BSE CD.BSE_IDX,01/07/2025,12:28:45,59801.81,0,0,0,0,0,0
BSE CD.BSE_IDX,01/07/2025,12:28:53,59801.13,0,0,0,0,0,0
BSE CD.BSE_IDX,01/07/2025,12:29:01,59792.03,0,0,0,0,0,0
BSE CD.BSE_IDX,01/07/2025,12:29:10,59775.12,0,0,0,0,0,0
BSE CD.BSE_IDX,01/07/2025,12:29:18,59771.25,0,0,0,0,0,0
BSE CD.BSE_IDX,01/07/2025,12:29:25,59781.05,0,0,0,0,0,0
BSE CD.BSE_IDX,01/07/2025,12:29:33,59780.2,0,0,0,0,0,0
BSE CD.BSE_IDX,01/07/2025,12:29:41,59782.63,0,0,0,0,0,0
BSE CD.BSE_IDX,01/07/2025,12:29:49,59780.45,0,0,0,0,0,0
BSE CD.BSE_IDX,01/07/2025,12:29:57,59779.81,0,0,0,0,0,0
BSE CD.BSE_IDX,01/07/2025,12:30:05,59795.41,0,0,0,0,0,0
BSE CD.BSE_IDX,01/07/2025,12:30:13,59794.49,0,0,0,0,0,0
BSE CD.BSE_IDX,01/07/2025,12:30:22,59794.22,0,0,0,0,0,0
BSE CD.BSE_IDX,01/07/2025,12:30:29,59792.89,0,0,0,0,0,0
BSE CD.BSE_IDX,01/07/2025,12:30:37,59789.75,0,0,0,0,0,0
BSE CD.BSE_IDX,01/07/2025,12:30:45,59779.93,0,0,0,0,0,0
BSE CD.BSE_IDX,01/07/2025,12:30:53,59781.42,0,0,0,0,0,0
BSE CD.BSE_IDX,01/07/2025,12:31:01,59785.82,0,0,0,0,0,0
BSE CD.BSE_IDX,01/07/2025,12:31:09,59773.55,0,0,0,0,0,0
BSE CD.BSE_IDX,01/07/2025,12:31:17,59752.55,0,0,0,0,0,0
BSE CD.BSE_IDX,01/07/2025,12:31:25,59755.74,0,0,0,0,0,0
BSE CD.BSE_IDX,01/07/2025,12:31:34,59754.48,0,0,0,0,0,0
BSE CD.BSE_IDX,01/07/2025,12:31:41,59750.74,0,0,0,0,0,0
BSE CD.BSE_IDX,01/07/2025,12:31:49,59741.68,0,0,0,0,0,0
BSE CD.BSE_IDX,01/07/2025,12:31:57,59748.22,0,0,0,0,0,0
BSE CD.BSE_IDX,01/07/2025,12:32:05,59747.03,0,0,0,0,0,0
BSE CD.BSE_IDX,01/07/2025,12:32:13,59746.99,0,0,0,0,0,0
BSE CD.BSE_IDX,01/07/2025,12:32:21,59746.33,0,0,0,0,0,0
BSE CD.BSE_IDX,01/07/2025,12:32:29,59747.71,0,0,0,0,0,0
BSE CD.BSE_IDX,01/07/2025,12:32:37,59746.42,0,0,0,0,0,0
BSE CD.BSE_IDX,01/07/2025,12:32:45,59729.12,0,0,0,0,0,0
BSE CD.BSE_IDX,01/07/2025,12:32:53,59723.51,0,0,0,0,0,0
BSE CD.BSE_IDX,01/07/2025,12:33:01,59722.13,0,0,0,0,0,0
BSE CD.BSE_IDX,01/07/2025,12:33:09,59720.27,0,0,0,0,0,0
BSE CD.BSE_IDX,01/07/2025,12:33:17,59731.89,0,0,0,0,0,0
BSE CD.BSE_IDX,01/07/2025,12:33:26,59732.9,0,0,0,0,0,0
BSE CD.BSE_IDX,01/07/2025,12:33:33,59731.01,0,0,0,0,0,0
BSE CD.BSE_IDX,01/07/2025,12:33:41,59720.51,0,0,0,0,0,0
BSE CD.BSE_IDX,01/07/2025,12:33:49,59716.8,0,0,0,0,0,0
BSE CD.BSE_IDX,01/07/2025,12:33:57,59711.96,0,0,0,0,0,0
BSE CD.BSE_IDX,01/07/2025,12:34:05,59716.41,0,0,0,0,0,0
BSE CD.BSE_IDX,01/07/2025,12:34:13,59720.94,0,0,0,0,0,0
BSE CD.BSE_IDX,01/07/2025,12:34:21,59736.84,0,0,0,0,0,0
BSE CD.BSE_IDX,01/07/2025,12:34:29,59733.21,0,0,0,0,0,0
BSE CD.BSE_IDX,01/07/2025,12:34:37,59731.94,0,0,0,0,0,0
BSE CD.BSE_IDX,01/07/2025,12:34:45,59736.49,0,0,0,0,0,0
BSE CD.BSE_IDX,01/07/2025,12:34:53,59730.94,0,0,0,0,0,0
BSE CD.BSE_IDX,01/07/2025,12:35:01,59730.76,0,0,0,0,0,0
BSE CD.BSE_IDX,01/07/2025,12:35:09,59735.14,0,0,0,0,0,0
BSE CD.BSE_IDX,01/07/2025,12:35:17,59736.1,0,0,0,0,0,0
BSE CD.BSE_IDX,01/07/2025,12:35:25,59742.03,0,0,0,0,0,0
BSE CD.BSE_IDX,01/07/2025,12:35:33,59743.26,0,0,0,0,0,0
BSE CD.BSE_IDX,01/07/2025,12:35:41,59741.22,0,0,0,0,0,0
BSE CD.BSE_IDX,01/07/2025,12:35:49,59743.52,0,0,0,0,0,0
BSE CD.BSE_IDX,01/07/2025,12:35:57,59734.99,0,0,0,0,0,0
BSE CD.BSE_IDX,01/07/2025,12:36:05,59734.68,0,0,0,0,0,0
BSE CD.BSE_IDX,01/07/2025,12:36:13,59739.04,0,0,0,0,0,0
BSE CD.BSE_IDX,01/07/2025,12:36:21,59741.69,0,0,0,0,0,0
BSE CD.BSE_IDX,01/07/2025,12:36:29,59741.62,0,0,0,0,0,0
BSE CD.BSE_IDX,01/07/2025,12:36:37,59741.75,0,0,0,0,0,0
BSE CD.BSE_IDX,01/07/2025,12:36:45,59741.13,0,0,0,0,0,0
BSE CD.BSE_IDX,01/07/2025,12:36:53,59741.63,0,0,0,0,0,0
BSE CD.BSE_IDX,01/07/2025,12:37:01,59739.94,0,0,0,0,0,0
BSE CD.BSE_IDX,01/07/2025,12:37:09,59746.62,0,0,0,0,0,0
BSE CD.BSE_IDX,01/07/2025,12:37:17,59747.97,0,0,0,0,0,0
BSE CD.BSE_IDX,01/07/2025,12:37:25,59743.76,0,0,0,0,0,0
BSE CD.BSE_IDX,01/07/2025,12:37:33,59745.6,0,0,0,0,0,0
BSE CD.BSE_IDX,01/07/2025,12:37:41,59746.11,0,0,0,0,0,0
BSE CD.BSE_IDX,01/07/2025,12:37:49,59745.04,0,0,0,0,0,0
BSE CD.BSE_IDX,01/07/2025,12:37:57,59741.32,0,0,0,0,0,0
BSE CD.BSE_IDX,01/07/2025,12:38:05,59738.37,0,0,0,0,0,0
BSE CD.BSE_IDX,01/07/2025,12:38:13,59727.43,0,0,0,0,0,0
BSE CD.BSE_IDX,01/07/2025,12:38:22,59729.7,0,0,0,0,0,0
BSE CD.BSE_IDX,01/07/2025,12:38:29,59737.91,0,0,0,0,0,0
BSE CD.BSE_IDX,01/07/2025,12:38:39,59727.42,0,0,0,0,0,0
BSE CD.BSE_IDX,01/07/2025,12:38:45,59742.08,0,0,0,0,0,0
BSE CD.BSE_IDX,01/07/2025,12:38:53,59750.18,0,0,0,0,0,0
BSE CD.BSE_IDX,01/07/2025,12:39:01,59749.37,0,0,0,0,0,0
BSE CD.BSE_IDX,01/07/2025,12:39:10,59750.33,0,0,0,0,0,0
BSE CD.BSE_IDX,01/07/2025,12:39:17,59749.53,0,0,0,0,0,0
BSE CD.BSE_IDX,01/07/2025,12:39:25,59751.08,0,0,0,0,0,0
BSE CD.BSE_IDX,01/07/2025,12:39:34,59749.93,0,0,0,0,0,0
BSE CD.BSE_IDX,01/07/2025,12:39:42,59751.29,0,0,0,0,0,0
BSE CD.BSE_IDX,01/07/2025,12:39:49,59753.36,0,0,0,0,0,0
BSE CD.BSE_IDX,01/07/2025,12:39:57,59749.65,0,0,0,0,0,0
BSE CD.BSE_IDX,01/07/2025,12:40:05,59750.16,0,0,0,0,0,0
BSE CD.BSE_IDX,01/07/2025,12:40:14,59744.67,0,0,0,0,0,0
BSE CD.BSE_IDX,01/07/2025,12:40:21,59746.01,0,0,0,0,0,0
BSE CD.BSE_IDX,01/07/2025,12:40:29,59746.7,0,0,0,0,0,0
BSE CD.BSE_IDX,01/07/2025,12:40:37,59746.76,0,0,0,0,0,0
BSE CD.BSE_IDX,01/07/2025,12:40:45,59753.57,0,0,0,0,0,0
BSE CD.BSE_IDX,01/07/2025,12:40:54,59755.98,0,0,0,0,0,0
BSE CD.BSE_IDX,01/07/2025,12:41:01,59754.46,0,0,0,0,0,0
BSE CD.BSE_IDX,01/07/2025,12:41:09,59753.73,0,0,0,0,0,0
BSE CD.BSE_IDX,01/07/2025,12:41:17,59754.41,0,0,0,0,0,0
BSE CD.BSE_IDX,01/07/2025,12:41:25,59748.03,0,0,0,0,0,0
BSE CD.BSE_IDX,01/07/2025,12:41:33,59765.08,0,0,0,0,0,0
BSE CD.BSE_IDX,01/07/2025,12:41:41,59766.4,0,0,0,0,0,0
BSE CD.BSE_IDX,01/07/2025,12:41:49,59766.61,0,0,0,0,0,0
BSE CD.BSE_IDX,01/07/2025,12:41:57,59766.47,0,0,0,0,0,0
BSE CD.BSE_IDX,01/07/2025,12:42:05,59768.49,0,0,0,0,0,0
BSE CD.BSE_IDX,01/07/2025,12:42:13,59767.78,0,0,0,0,0,0
BSE CD.BSE_IDX,01/07/2025,12:42:21,59767.15,0,0,0,0,0,0
BSE CD.BSE_IDX,01/07/2025,12:42:29,59765.5,0,0,0,0,0,0
BSE CD.BSE_IDX,01/07/2025,12:42:37,59771.06,0,0,0,0,0,0
BSE CD.BSE_IDX,01/07/2025,12:42:45,59772.98,0,0,0,0,0,0
BSE CD.BSE_IDX,01/07/2025,12:42:53,59777.19,0,0,0,0,0,0
BSE CD.BSE_IDX,01/07/2025,12:43:01,59779.26,0,0,0,0,0,0
BSE CD.BSE_IDX,01/07/2025,12:43:10,59780.1,0,0,0,0,0,0
BSE CD.BSE_IDX,01/07/2025,12:43:17,59782.11,0,0,0,0,0,0
BSE CD.BSE_IDX,01/07/2025,12:43:26,59782.28,0,0,0,0,0,0
BSE CD.BSE_IDX,01/07/2025,12:43:33,59787.1,0,0,0,0,0,0
BSE CD.BSE_IDX,01/07/2025,12:43:41,59787.1,0,0,0,0,0,0
BSE CD.BSE_IDX,01/07/2025,12:43:49,59785.06,0,0,0,0,0,0
BSE CD.BSE_IDX,01/07/2025,12:43:58,59781.16,0,0,0,0,0,0
BSE CD.BSE_IDX,01/07/2025,12:44:05,59781.16,0,0,0,0,0,0
BSE CD.BSE_IDX,01/07/2025,12:44:14,59783.94,0,0,0,0,0,0
BSE CD.BSE_IDX,01/07/2025,12:44:21,59789.58,0,0,0,0,0,0
BSE CD.BSE_IDX,01/07/2025,12:44:29,59788.06,0,0,0,0,0,0
BSE CD.BSE_IDX,01/07/2025,12:44:38,59785.85,0,0,0,0,0,0
BSE CD.BSE_IDX,01/07/2025,12:44:45,59779.96,0,0,0,0,0,0
BSE CD.BSE_IDX,01/07/2025,12:44:53,59779.96,0,0,0,0,0,0
BSE CD.BSE_IDX,01/07/2025,12:45:01,59783.06,0,0,0,0,0,0
BSE CD.BSE_IDX,01/07/2025,12:45:11,59786.58,0,0,0,0,0,0
BSE CD.BSE_IDX,01/07/2025,12:45:17,59782.65,0,0,0,0,0,0
BSE CD.BSE_IDX,01/07/2025,12:45:25,59777.47,0,0,0,0,0,0
BSE CD.BSE_IDX,01/07/2025,12:45:34,59775.23,0,0,0,0,0,0
BSE CD.BSE_IDX,01/07/2025,12:45:42,59774.51,0,0,0,0,0,0
BSE CD.BSE_IDX,01/07/2025,12:45:50,59767.1,0,0,0,0,0,0
BSE CD.BSE_IDX,01/07/2025,12:45:58,59766.81,0,0,0,0,0,0
BSE CD.BSE_IDX,01/07/2025,12:46:06,59765.72,0,0,0,0,0,0
BSE CD.BSE_IDX,01/07/2025,12:46:14,59765.34,0,0,0,0,0,0
BSE CD.BSE_IDX,01/07/2025,12:46:22,59772.23,0,0,0,0,0,0
BSE CD.BSE_IDX,01/07/2025,12:46:30,59773.81,0,0,0,0,0,0
BSE CD.BSE_IDX,01/07/2025,12:46:38,59774.07,0,0,0,0,0,0
BSE CD.BSE_IDX,01/07/2025,12:46:46,59772.86,0,0,0,0,0,0
BSE CD.BSE_IDX,01/07/2025,12:46:54,59764.86,0,0,0,0,0,0
BSE CD.BSE_IDX,01/07/2025,12:47:02,59767.25,0,0,0,0,0,0
BSE CD.BSE_IDX,01/07/2025,12:47:10,59772.66,0,0,0,0,0,0
BSE CD.BSE_IDX,01/07/2025,12:47:18,59770.76,0,0,0,0,0,0
BSE CD.BSE_IDX,01/07/2025,12:47:26,59771.09,0,0,0,0,0,0
BSE CD.BSE_IDX,01/07/2025,12:47:34,59771.09,0,0,0,0,0,0
BSE CD.BSE_IDX,01/07/2025,12:47:42,59773.21,0,0,0,0,0,0
BSE CD.BSE_IDX,01/07/2025,12:47:50,59775.17,0,0,0,0,0,0
BSE CD.BSE_IDX,01/07/2025,12:47:58,59769.09,0,0,0,0,0,0
BSE CD.BSE_IDX,01/07/2025,12:48:06,59768.72,0,0,0,0,0,0
BSE CD.BSE_IDX,01/07/2025,12:48:14,59770.45,0,0,0,0,0,0
BSE CD.BSE_IDX,01/07/2025,12:48:22,59759.97,0,0,0,0,0,0
BSE CD.BSE_IDX,01/07/2025,12:48:30,59769.39,0,0,0,0,0,0
BSE CD.BSE_IDX,01/07/2025,12:48:38,59773.99,0,0,0,0,0,0
BSE CD.BSE_IDX,01/07/2025,12:48:46,59782.46,0,0,0,0,0,0
BSE CD.BSE_IDX,01/07/2025,12:48:54,59770.59,0,0,0,0,0,0
BSE CD.BSE_IDX,01/07/2025,12:49:02,59772.21,0,0,0,0,0,0
BSE CD.BSE_IDX,01/07/2025,12:49:10,59766.83,0,0,0,0,0,0
BSE CD.BSE_IDX,01/07/2025,12:49:18,59763.02,0,0,0,0,0,0
BSE CD.BSE_IDX,01/07/2025,12:49:26,59768.03,0,0,0,0,0,0
BSE CD.BSE_IDX,01/07/2025,12:49:34,59770.28,0,0,0,0,0,0
BSE CD.BSE_IDX,01/07/2025,12:49:42,59767.36,0,0,0,0,0,0
BSE CD.BSE_IDX,01/07/2025,12:49:50,59771.84,0,0,0,0,0,0
BSE CD.BSE_IDX,01/07/2025,12:49:58,59770.37,0,0,0,0,0,0
BSE CD.BSE_IDX,01/07/2025,12:50:06,59776.57,0,0,0,0,0,0
BSE CD.BSE_IDX,01/07/2025,12:50:14,59774.49,0,0,0,0,0,0
BSE CD.BSE_IDX,01/07/2025,12:50:22,59771.68,0,0,0,0,0,0
BSE CD.BSE_IDX,01/07/2025,12:50:30,59770.46,0,0,0,0,0,0
BSE CD.BSE_IDX,01/07/2025,12:50:38,59778.37,0,0,0,0,0,0
BSE CD.BSE_IDX,01/07/2025,12:50:47,59782.87,0,0,0,0,0,0
BSE CD.BSE_IDX,01/07/2025,12:50:54,59785.51,0,0,0,0,0,0
BSE CD.BSE_IDX,01/07/2025,12:51:02,59782.87,0,0,0,0,0,0
BSE CD.BSE_IDX,01/07/2025,12:51:10,59794.75,0,0,0,0,0,0
BSE CD.BSE_IDX,01/07/2025,12:51:19,59791.23,0,0,0,0,0,0
BSE CD.BSE_IDX,01/07/2025,12:51:26,59802.76,0,0,0,0,0,0
BSE CD.BSE_IDX,01/07/2025,12:51:34,59796.08,0,0,0,0,0,0
BSE CD.BSE_IDX,01/07/2025,12:51:42,59794.46,0,0,0,0,0,0
BSE CD.BSE_IDX,01/07/2025,12:51:50,59790.03,0,0,0,0,0,0
BSE CD.BSE_IDX,01/07/2025,12:51:58,59791.56,0,0,0,0,0,0
BSE CD.BSE_IDX,01/07/2025,12:52:06,59777.61,0,0,0,0,0,0
BSE CD.BSE_IDX,01/07/2025,12:52:14,59780.33,0,0,0,0,0,0
BSE CD.BSE_IDX,01/07/2025,12:52:22,59782.16,0,0,0,0,0,0
BSE CD.BSE_IDX,01/07/2025,12:52:30,59779.42,0,0,0,0,0,0
BSE CD.BSE_IDX,01/07/2025,12:52:38,59782.73,0,0,0,0,0,0
BSE CD.BSE_IDX,01/07/2025,12:52:46,59781.25,0,0,0,0,0,0
BSE CD.BSE_IDX,01/07/2025,12:52:54,59788.98,0,0,0,0,0,0
BSE CD.BSE_IDX,01/07/2025,12:53:02,59797.23,0,0,0,0,0,0
BSE CD.BSE_IDX,01/07/2025,12:53:10,59790.5,0,0,0,0,0,0
BSE CD.BSE_IDX,01/07/2025,12:53:18,59800.43,0,0,0,0,0,0
BSE CD.BSE_IDX,01/07/2025,12:53:26,59791.74,0,0,0,0,0,0
BSE CD.BSE_IDX,01/07/2025,12:53:34,59790.26,0,0,0,0,0,0
BSE CD.BSE_IDX,01/07/2025,12:53:42,59788.25,0,0,0,0,0,0
BSE CD.BSE_IDX,01/07/2025,12:53:50,59796.68,0,0,0,0,0,0
BSE CD.BSE_IDX,01/07/2025,12:53:58,59792.24,0,0,0,0,0,0
BSE CD.BSE_IDX,01/07/2025,12:54:06,59795.65,0,0,0,0,0,0
BSE CD.BSE_IDX,01/07/2025,12:54:14,59791.41,0,0,0,0,0,0
