Ticker,Date,Time,LTP,BuyPrice,BuyQty,SellPrice,SellQty,LTQ,OpenInterest
BSE HC.BSE_IDX,01/07/2025,09:00:07,44893.63,0,0,0,0,0,0
BSE HC.BSE_IDX,01/07/2025,09:00:15,44914.77,0,0,0,0,0,0
BSE HC.BSE_IDX,01/07/2025,09:00:23,44846.46,0,0,0,0,0,0
BSE HC.BSE_IDX,01/07/2025,09:00:31,44775.03,0,0,0,0,0,0
BSE HC.BSE_IDX,01/07/2025,09:00:39,44818.31,0,0,0,0,0,0
BSE HC.BSE_IDX,01/07/2025,09:00:47,44680.91,0,0,0,0,0,0
BSE HC.BSE_IDX,01/07/2025,09:00:55,44685.45,0,0,0,0,0,0
BSE HC.BSE_IDX,01/07/2025,09:01:03,44616.79,0,0,0,0,0,0
BSE HC.BSE_IDX,01/07/2025,09:01:11,44614.16,0,0,0,0,0,0
BSE HC.BSE_IDX,01/07/2025,09:01:19,44769.85,0,0,0,0,0,0
BSE HC.BSE_IDX,01/07/2025,09:01:27,44775.83,0,0,0,0,0,0
BSE HC.BSE_IDX,01/07/2025,09:01:35,44791.65,0,0,0,0,0,0
BSE HC.BSE_IDX,01/07/2025,09:01:43,44829.28,0,0,0,0,0,0
BSE HC.BSE_IDX,01/07/2025,09:01:51,44796.22,0,0,0,0,0,0
BSE HC.BSE_IDX,01/07/2025,09:01:59,44536.93,0,0,0,0,0,0
BSE HC.BSE_IDX,01/07/2025,09:02:07,44535.49,0,0,0,0,0,0
BSE HC.BSE_IDX,01/07/2025,09:02:15,44505.16,0,0,0,0,0,0
BSE HC.BSE_IDX,01/07/2025,09:02:23,44490.95,0,0,0,0,0,0
BSE HC.BSE_IDX,01/07/2025,09:02:31,44494.41,0,0,0,0,0,0
BSE HC.BSE_IDX,01/07/2025,09:02:39,44481.37,0,0,0,0,0,0
BSE HC.BSE_IDX,01/07/2025,09:02:47,44303.66,0,0,0,0,0,0
BSE HC.BSE_IDX,01/07/2025,09:02:55,44304.06,0,0,0,0,0,0
BSE HC.BSE_IDX,01/07/2025,09:03:03,44524.24,0,0,0,0,0,0
BSE HC.BSE_IDX,01/07/2025,09:03:11,44524.53,0,0,0,0,0,0
BSE HC.BSE_IDX,01/07/2025,09:03:19,44492.91,0,0,0,0,0,0
BSE HC.BSE_IDX,01/07/2025,09:03:27,44497.66,0,0,0,0,0,0
BSE HC.BSE_IDX,01/07/2025,09:03:35,44508.94,0,0,0,0,0,0
BSE HC.BSE_IDX,01/07/2025,09:03:43,44543.34,0,0,0,0,0,0
BSE HC.BSE_IDX,01/07/2025,09:03:51,44501.89,0,0,0,0,0,0
BSE HC.BSE_IDX,01/07/2025,09:03:59,44517.31,0,0,0,0,0,0
BSE HC.BSE_IDX,01/07/2025,09:04:07,44521.41,0,0,0,0,0,0
BSE HC.BSE_IDX,01/07/2025,09:04:15,44512.87,0,0,0,0,0,0
BSE HC.BSE_IDX,01/07/2025,09:04:23,44514.14,0,0,0,0,0,0
BSE HC.BSE_IDX,01/07/2025,09:04:31,44464.29,0,0,0,0,0,0
BSE HC.BSE_IDX,01/07/2025,09:04:39,44417.55,0,0,0,0,0,0
BSE HC.BSE_IDX,01/07/2025,09:04:47,44465.44,0,0,0,0,0,0
BSE HC.BSE_IDX,01/07/2025,09:04:55,44449.93,0,0,0,0,0,0
BSE HC.BSE_IDX,01/07/2025,09:05:03,44451.54,0,0,0,0,0,0
BSE HC.BSE_IDX,01/07/2025,09:05:11,44459.08,0,0,0,0,0,0
BSE HC.BSE_IDX,01/07/2025,09:05:19,44449.78,0,0,0,0,0,0
BSE HC.BSE_IDX,01/07/2025,09:05:27,44474.87,0,0,0,0,0,0
BSE HC.BSE_IDX,01/07/2025,09:05:35,44471.66,0,0,0,0,0,0
BSE HC.BSE_IDX,01/07/2025,09:05:43,44451,0,0,0,0,0,0
BSE HC.BSE_IDX,01/07/2025,09:05:51,44444.73,0,0,0,0,0,0
BSE HC.BSE_IDX,01/07/2025,09:05:59,44447.43,0,0,0,0,0,0
BSE HC.BSE_IDX,01/07/2025,09:06:07,44441.59,0,0,0,0,0,0
BSE HC.BSE_IDX,01/07/2025,09:06:15,44442.35,0,0,0,0,0,0
BSE HC.BSE_IDX,01/07/2025,09:06:23,44448.37,0,0,0,0,0,0
BSE HC.BSE_IDX,01/07/2025,09:06:31,44452.54,0,0,0,0,0,0
BSE HC.BSE_IDX,01/07/2025,09:06:39,44449.76,0,0,0,0,0,0
BSE HC.BSE_IDX,01/07/2025,09:06:47,44436.7,0,0,0,0,0,0
BSE HC.BSE_IDX,01/07/2025,09:06:55,44446.53,0,0,0,0,0,0
BSE HC.BSE_IDX,01/07/2025,09:07:04,44458.47,0,0,0,0,0,0
BSE HC.BSE_IDX,01/07/2025,09:07:11,44458.47,0,0,0,0,0,0
BSE HC.BSE_IDX,01/07/2025,09:07:19,44458.47,0,0,0,0,0,0
BSE HC.BSE_IDX,01/07/2025,09:07:27,44458.47,0,0,0,0,0,0
BSE HC.BSE_IDX,01/07/2025,09:07:35,44458.47,0,0,0,0,0,0
BSE HC.BSE_IDX,01/07/2025,09:07:43,44458.47,0,0,0,0,0,0
BSE HC.BSE_IDX,01/07/2025,09:07:51,44458.47,0,0,0,0,0,0
BSE HC.BSE_IDX,01/07/2025,09:07:59,44458.47,0,0,0,0,0,0
BSE HC.BSE_IDX,01/07/2025,09:08:07,44458.47,0,0,0,0,0,0
BSE HC.BSE_IDX,01/07/2025,09:08:15,44458.47,0,0,0,0,0,0
BSE HC.BSE_IDX,01/07/2025,09:08:23,44458.47,0,0,0,0,0,0
BSE HC.BSE_IDX,01/07/2025,09:08:31,44458.47,0,0,0,0,0,0
BSE HC.BSE_IDX,01/07/2025,09:08:39,44458.47,0,0,0,0,0,0
BSE HC.BSE_IDX,01/07/2025,09:08:47,44458.47,0,0,0,0,0,0
BSE HC.BSE_IDX,01/07/2025,09:08:55,44458.47,0,0,0,0,0,0
BSE HC.BSE_IDX,01/07/2025,09:09:03,44460.56,0,0,0,0,0,0
BSE HC.BSE_IDX,01/07/2025,09:09:11,44460.56,0,0,0,0,0,0
BSE HC.BSE_IDX,01/07/2025,09:09:19,44460.56,0,0,0,0,0,0
BSE HC.BSE_IDX,01/07/2025,09:09:27,44460.56,0,0,0,0,0,0
BSE HC.BSE_IDX,01/07/2025,09:09:35,44460.56,0,0,0,0,0,0
BSE HC.BSE_IDX,01/07/2025,09:09:43,44460.56,0,0,0,0,0,0
BSE HC.BSE_IDX,01/07/2025,09:09:51,44460.56,0,0,0,0,0,0
BSE HC.BSE_IDX,01/07/2025,09:09:59,44460.56,0,0,0,0,0,0
BSE HC.BSE_IDX,01/07/2025,09:10:07,44460.56,0,0,0,0,0,0
BSE HC.BSE_IDX,01/07/2025,09:10:15,44460.56,0,0,0,0,0,0
BSE HC.BSE_IDX,01/07/2025,09:10:23,44460.56,0,0,0,0,0,0
BSE HC.BSE_IDX,01/07/2025,09:10:31,44460.56,0,0,0,0,0,0
BSE HC.BSE_IDX,01/07/2025,09:10:39,44460.56,0,0,0,0,0,0
BSE HC.BSE_IDX,01/07/2025,09:10:47,44460.56,0,0,0,0,0,0
BSE HC.BSE_IDX,01/07/2025,09:10:55,44460.56,0,0,0,0,0,0
BSE HC.BSE_IDX,01/07/2025,09:11:03,44460.56,0,0,0,0,0,0
BSE HC.BSE_IDX,01/07/2025,09:11:11,44460.56,0,0,0,0,0,0
BSE HC.BSE_IDX,01/07/2025,09:11:19,44460.56,0,0,0,0,0,0
BSE HC.BSE_IDX,01/07/2025,09:11:27,44460.56,0,0,0,0,0,0
BSE HC.BSE_IDX,01/07/2025,09:11:35,44460.56,0,0,0,0,0,0
BSE HC.BSE_IDX,01/07/2025,09:11:43,44460.56,0,0,0,0,0,0
BSE HC.BSE_IDX,01/07/2025,09:11:51,44460.56,0,0,0,0,0,0
BSE HC.BSE_IDX,01/07/2025,09:11:59,44460.56,0,0,0,0,0,0
BSE HC.BSE_IDX,01/07/2025,09:12:07,44460.56,0,0,0,0,0,0
BSE HC.BSE_IDX,01/07/2025,09:12:16,44460.56,0,0,0,0,0,0
BSE HC.BSE_IDX,01/07/2025,09:12:23,44460.56,0,0,0,0,0,0
BSE HC.BSE_IDX,01/07/2025,09:12:31,44460.56,0,0,0,0,0,0
BSE HC.BSE_IDX,01/07/2025,09:12:39,44460.56,0,0,0,0,0,0
BSE HC.BSE_IDX,01/07/2025,09:12:47,44460.56,0,0,0,0,0,0
BSE HC.BSE_IDX,01/07/2025,09:12:55,44460.56,0,0,0,0,0,0
BSE HC.BSE_IDX,01/07/2025,09:13:03,44460.56,0,0,0,0,0,0
BSE HC.BSE_IDX,01/07/2025,09:13:11,44460.56,0,0,0,0,0,0
BSE HC.BSE_IDX,01/07/2025,09:13:19,44460.56,0,0,0,0,0,0
BSE HC.BSE_IDX,01/07/2025,09:13:27,44460.56,0,0,0,0,0,0
BSE HC.BSE_IDX,01/07/2025,09:13:35,44460.56,0,0,0,0,0,0
BSE HC.BSE_IDX,01/07/2025,09:13:43,44460.56,0,0,0,0,0,0
BSE HC.BSE_IDX,01/07/2025,09:13:51,44460.56,0,0,0,0,0,0
BSE HC.BSE_IDX,01/07/2025,09:13:59,44460.56,0,0,0,0,0,0
BSE HC.BSE_IDX,01/07/2025,09:14:07,44460.56,0,0,0,0,0,0
BSE HC.BSE_IDX,01/07/2025,09:14:15,44460.56,0,0,0,0,0,0
BSE HC.BSE_IDX,01/07/2025,09:14:23,44460.56,0,0,0,0,0,0
BSE HC.BSE_IDX,01/07/2025,09:14:31,44460.56,0,0,0,0,0,0
BSE HC.BSE_IDX,01/07/2025,09:14:39,44460.56,0,0,0,0,0,0
BSE HC.BSE_IDX,01/07/2025,09:14:47,44460.56,0,0,0,0,0,0
BSE HC.BSE_IDX,01/07/2025,09:14:55,44460.56,0,0,0,0,0,0
BSE HC.BSE_IDX,01/07/2025,09:15:04,44429.96,0,0,0,0,0,0
BSE HC.BSE_IDX,01/07/2025,09:15:11,44408.2,0,0,0,0,0,0
BSE HC.BSE_IDX,01/07/2025,09:15:19,44416.7,0,0,0,0,0,0
BSE HC.BSE_IDX,01/07/2025,09:15:27,44418.19,0,0,0,0,0,0
BSE HC.BSE_IDX,01/07/2025,09:15:35,44425.88,0,0,0,0,0,0
BSE HC.BSE_IDX,01/07/2025,09:15:43,44433.63,0,0,0,0,0,0
BSE HC.BSE_IDX,01/07/2025,09:15:51,44413.76,0,0,0,0,0,0
BSE HC.BSE_IDX,01/07/2025,09:15:59,44414.34,0,0,0,0,0,0
BSE HC.BSE_IDX,01/07/2025,09:16:07,44408.78,0,0,0,0,0,0
BSE HC.BSE_IDX,01/07/2025,09:16:15,44407.23,0,0,0,0,0,0
BSE HC.BSE_IDX,01/07/2025,09:16:24,44396.01,0,0,0,0,0,0
BSE HC.BSE_IDX,01/07/2025,09:16:31,44405.55,0,0,0,0,0,0
BSE HC.BSE_IDX,01/07/2025,09:16:39,44402.55,0,0,0,0,0,0
BSE HC.BSE_IDX,01/07/2025,09:16:48,44417.74,0,0,0,0,0,0
BSE HC.BSE_IDX,01/07/2025,09:16:55,44409.41,0,0,0,0,0,0
BSE HC.BSE_IDX,01/07/2025,09:17:03,44407.7,0,0,0,0,0,0
BSE HC.BSE_IDX,01/07/2025,09:17:12,44402.51,0,0,0,0,0,0
BSE HC.BSE_IDX,01/07/2025,09:17:19,44407.06,0,0,0,0,0,0
BSE HC.BSE_IDX,01/07/2025,09:17:27,44391.73,0,0,0,0,0,0
BSE HC.BSE_IDX,01/07/2025,09:17:35,44388.41,0,0,0,0,0,0
BSE HC.BSE_IDX,01/07/2025,09:17:44,44385.58,0,0,0,0,0,0
BSE HC.BSE_IDX,01/07/2025,09:17:51,44388.52,0,0,0,0,0,0
BSE HC.BSE_IDX,01/07/2025,09:17:59,44366.6,0,0,0,0,0,0
BSE HC.BSE_IDX,01/07/2025,09:18:07,44367.02,0,0,0,0,0,0
BSE HC.BSE_IDX,01/07/2025,09:18:15,44363.78,0,0,0,0,0,0
BSE HC.BSE_IDX,01/07/2025,09:18:23,44354.85,0,0,0,0,0,0
BSE HC.BSE_IDX,01/07/2025,09:18:31,44356.3,0,0,0,0,0,0
BSE HC.BSE_IDX,01/07/2025,09:18:39,44354.32,0,0,0,0,0,0
BSE HC.BSE_IDX,01/07/2025,09:18:47,44356.21,0,0,0,0,0,0
BSE HC.BSE_IDX,01/07/2025,09:18:56,44352.6,0,0,0,0,0,0
BSE HC.BSE_IDX,01/07/2025,09:19:03,44345.42,0,0,0,0,0,0
BSE HC.BSE_IDX,01/07/2025,09:19:11,44331.55,0,0,0,0,0,0
BSE HC.BSE_IDX,01/07/2025,09:19:19,44327.46,0,0,0,0,0,0
BSE HC.BSE_IDX,01/07/2025,09:19:28,44331.44,0,0,0,0,0,0
BSE HC.BSE_IDX,01/07/2025,09:19:35,44328.48,0,0,0,0,0,0
BSE HC.BSE_IDX,01/07/2025,09:19:43,44333.04,0,0,0,0,0,0
BSE HC.BSE_IDX,01/07/2025,09:19:52,44332.41,0,0,0,0,0,0
BSE HC.BSE_IDX,01/07/2025,09:19:59,44338.38,0,0,0,0,0,0
BSE HC.BSE_IDX,01/07/2025,09:20:07,44359.68,0,0,0,0,0,0
BSE HC.BSE_IDX,01/07/2025,09:20:15,44364.55,0,0,0,0,0,0
BSE HC.BSE_IDX,01/07/2025,09:20:24,44359.32,0,0,0,0,0,0
BSE HC.BSE_IDX,01/07/2025,09:20:31,44362.36,0,0,0,0,0,0
BSE HC.BSE_IDX,01/07/2025,09:20:39,44353.28,0,0,0,0,0,0
BSE HC.BSE_IDX,01/07/2025,09:20:47,44350.82,0,0,0,0,0,0
BSE HC.BSE_IDX,01/07/2025,09:20:55,44349.04,0,0,0,0,0,0
BSE HC.BSE_IDX,01/07/2025,09:21:03,44356.51,0,0,0,0,0,0
BSE HC.BSE_IDX,01/07/2025,09:21:11,44357.13,0,0,0,0,0,0
BSE HC.BSE_IDX,01/07/2025,09:21:19,44361.98,0,0,0,0,0,0
BSE HC.BSE_IDX,01/07/2025,09:21:27,44363.41,0,0,0,0,0,0
BSE HC.BSE_IDX,01/07/2025,09:21:36,44364.25,0,0,0,0,0,0
BSE HC.BSE_IDX,01/07/2025,09:21:43,44363.48,0,0,0,0,0,0
BSE HC.BSE_IDX,01/07/2025,09:21:51,44361.96,0,0,0,0,0,0
BSE HC.BSE_IDX,01/07/2025,09:21:59,44366.9,0,0,0,0,0,0
BSE HC.BSE_IDX,01/07/2025,09:22:07,44367.2,0,0,0,0,0,0
BSE HC.BSE_IDX,01/07/2025,09:22:15,44355.85,0,0,0,0,0,0
BSE HC.BSE_IDX,01/07/2025,09:22:23,44370.1,0,0,0,0,0,0
BSE HC.BSE_IDX,01/07/2025,09:22:31,44377.26,0,0,0,0,0,0
BSE HC.BSE_IDX,01/07/2025,09:22:39,44375.32,0,0,0,0,0,0
BSE HC.BSE_IDX,01/07/2025,09:22:47,44380.42,0,0,0,0,0,0
BSE HC.BSE_IDX,01/07/2025,09:22:55,44372.31,0,0,0,0,0,0
BSE HC.BSE_IDX,01/07/2025,09:23:03,44377.75,0,0,0,0,0,0
BSE HC.BSE_IDX,01/07/2025,09:23:11,44373.39,0,0,0,0,0,0
BSE HC.BSE_IDX,01/07/2025,09:23:19,44377.67,0,0,0,0,0,0
BSE HC.BSE_IDX,01/07/2025,09:23:27,44376.8,0,0,0,0,0,0
BSE HC.BSE_IDX,01/07/2025,09:23:35,44377.84,0,0,0,0,0,0
BSE HC.BSE_IDX,01/07/2025,09:23:44,44380.16,0,0,0,0,0,0
BSE HC.BSE_IDX,01/07/2025,09:23:51,44373.89,0,0,0,0,0,0
BSE HC.BSE_IDX,01/07/2025,09:23:59,44384.05,0,0,0,0,0,0
BSE HC.BSE_IDX,01/07/2025,09:24:08,44388.64,0,0,0,0,0,0
BSE HC.BSE_IDX,01/07/2025,09:24:15,44387.06,0,0,0,0,0,0
BSE HC.BSE_IDX,01/07/2025,09:24:23,44379.79,0,0,0,0,0,0
BSE HC.BSE_IDX,01/07/2025,09:24:32,44384.2,0,0,0,0,0,0
BSE HC.BSE_IDX,01/07/2025,09:24:39,44383.14,0,0,0,0,0,0
BSE HC.BSE_IDX,01/07/2025,09:24:48,44386.62,0,0,0,0,0,0
BSE HC.BSE_IDX,01/07/2025,09:24:57,44385.28,0,0,0,0,0,0
BSE HC.BSE_IDX,01/07/2025,09:25:03,44399.87,0,0,0,0,0,0
BSE HC.BSE_IDX,01/07/2025,09:25:12,44396.26,0,0,0,0,0,0
BSE HC.BSE_IDX,01/07/2025,09:25:19,44393.16,0,0,0,0,0,0
BSE HC.BSE_IDX,01/07/2025,09:25:29,44388.38,0,0,0,0,0,0
BSE HC.BSE_IDX,01/07/2025,09:25:35,44386.5,0,0,0,0,0,0
BSE HC.BSE_IDX,01/07/2025,09:25:43,44384.83,0,0,0,0,0,0
BSE HC.BSE_IDX,01/07/2025,09:25:51,44381.29,0,0,0,0,0,0
BSE HC.BSE_IDX,01/07/2025,09:25:59,44373.68,0,0,0,0,0,0
BSE HC.BSE_IDX,01/07/2025,09:26:08,44371.71,0,0,0,0,0,0
BSE HC.BSE_IDX,01/07/2025,09:26:15,44375.61,0,0,0,0,0,0
BSE HC.BSE_IDX,01/07/2025,09:26:23,44383.37,0,0,0,0,0,0
BSE HC.BSE_IDX,01/07/2025,09:26:31,44384.39,0,0,0,0,0,0
BSE HC.BSE_IDX,01/07/2025,09:26:39,44383.19,0,0,0,0,0,0
BSE HC.BSE_IDX,01/07/2025,09:26:48,44386.14,0,0,0,0,0,0
BSE HC.BSE_IDX,01/07/2025,09:26:55,44386.23,0,0,0,0,0,0
BSE HC.BSE_IDX,01/07/2025,09:27:04,44390.72,0,0,0,0,0,0
BSE HC.BSE_IDX,01/07/2025,09:27:12,44389.02,0,0,0,0,0,0
BSE HC.BSE_IDX,01/07/2025,09:27:19,44391.6,0,0,0,0,0,0
BSE HC.BSE_IDX,01/07/2025,09:27:28,44391.32,0,0,0,0,0,0
BSE HC.BSE_IDX,01/07/2025,09:27:36,44387.96,0,0,0,0,0,0
BSE HC.BSE_IDX,01/07/2025,09:27:44,44388.45,0,0,0,0,0,0
BSE HC.BSE_IDX,01/07/2025,09:27:51,44388.57,0,0,0,0,0,0
BSE HC.BSE_IDX,01/07/2025,09:28:00,44395.19,0,0,0,0,0,0
BSE HC.BSE_IDX,01/07/2025,09:28:08,44382.6,0,0,0,0,0,0
BSE HC.BSE_IDX,01/07/2025,09:28:16,44386.28,0,0,0,0,0,0
BSE HC.BSE_IDX,01/07/2025,09:28:24,44386.04,0,0,0,0,0,0
BSE HC.BSE_IDX,01/07/2025,09:28:32,44386.74,0,0,0,0,0,0
BSE HC.BSE_IDX,01/07/2025,09:28:40,44388.88,0,0,0,0,0,0
BSE HC.BSE_IDX,01/07/2025,09:28:48,44386.87,0,0,0,0,0,0
BSE HC.BSE_IDX,01/07/2025,09:28:56,44390.41,0,0,0,0,0,0
BSE HC.BSE_IDX,01/07/2025,09:29:04,44384.36,0,0,0,0,0,0
BSE HC.BSE_IDX,01/07/2025,09:29:12,44377.6,0,0,0,0,0,0
BSE HC.BSE_IDX,01/07/2025,09:29:20,44377.98,0,0,0,0,0,0
BSE HC.BSE_IDX,01/07/2025,09:29:28,44368.27,0,0,0,0,0,0
BSE HC.BSE_IDX,01/07/2025,09:29:36,44380.07,0,0,0,0,0,0
BSE HC.BSE_IDX,01/07/2025,09:29:44,44387.02,0,0,0,0,0,0
BSE HC.BSE_IDX,01/07/2025,09:29:52,44389.94,0,0,0,0,0,0
BSE HC.BSE_IDX,01/07/2025,09:30:00,44394.12,0,0,0,0,0,0
BSE HC.BSE_IDX,01/07/2025,09:30:08,44400.23,0,0,0,0,0,0
BSE HC.BSE_IDX,01/07/2025,09:30:16,44396.42,0,0,0,0,0,0
BSE HC.BSE_IDX,01/07/2025,09:30:24,44403.95,0,0,0,0,0,0
BSE HC.BSE_IDX,01/07/2025,09:30:32,44400.48,0,0,0,0,0,0
BSE HC.BSE_IDX,01/07/2025,09:30:40,44400.51,0,0,0,0,0,0
BSE HC.BSE_IDX,01/07/2025,09:30:48,44397.59,0,0,0,0,0,0
BSE HC.BSE_IDX,01/07/2025,09:30:56,44393.36,0,0,0,0,0,0
BSE HC.BSE_IDX,01/07/2025,09:31:04,44390.4,0,0,0,0,0,0
BSE HC.BSE_IDX,01/07/2025,09:31:12,44394.55,0,0,0,0,0,0
BSE HC.BSE_IDX,01/07/2025,09:31:20,44386.92,0,0,0,0,0,0
BSE HC.BSE_IDX,01/07/2025,09:31:28,44383.17,0,0,0,0,0,0
BSE HC.BSE_IDX,01/07/2025,09:31:36,44385.79,0,0,0,0,0,0
BSE HC.BSE_IDX,01/07/2025,09:31:44,44383.09,0,0,0,0,0,0
BSE HC.BSE_IDX,01/07/2025,09:31:52,44381.48,0,0,0,0,0,0
BSE HC.BSE_IDX,01/07/2025,09:32:00,44379.32,0,0,0,0,0,0
BSE HC.BSE_IDX,01/07/2025,09:32:08,44373.78,0,0,0,0,0,0
BSE HC.BSE_IDX,01/07/2025,09:32:16,44372.61,0,0,0,0,0,0
BSE HC.BSE_IDX,01/07/2025,09:32:24,44376.81,0,0,0,0,0,0
BSE HC.BSE_IDX,01/07/2025,09:32:32,44369.83,0,0,0,0,0,0
BSE HC.BSE_IDX,01/07/2025,09:32:40,44370.71,0,0,0,0,0,0
BSE HC.BSE_IDX,01/07/2025,09:32:48,44370.33,0,0,0,0,0,0
BSE HC.BSE_IDX,01/07/2025,09:32:56,44369.22,0,0,0,0,0,0
BSE HC.BSE_IDX,01/07/2025,09:33:04,44367.6,0,0,0,0,0,0
BSE HC.BSE_IDX,01/07/2025,09:33:12,44363.89,0,0,0,0,0,0
BSE HC.BSE_IDX,01/07/2025,09:33:20,44369.65,0,0,0,0,0,0
BSE HC.BSE_IDX,01/07/2025,09:33:28,44364.67,0,0,0,0,0,0
BSE HC.BSE_IDX,01/07/2025,09:33:36,44360.62,0,0,0,0,0,0
BSE HC.BSE_IDX,01/07/2025,09:33:44,44353.27,0,0,0,0,0,0
BSE HC.BSE_IDX,01/07/2025,09:33:52,44354.96,0,0,0,0,0,0
BSE HC.BSE_IDX,01/07/2025,09:34:00,44356,0,0,0,0,0,0
BSE HC.BSE_IDX,01/07/2025,09:34:08,44358.18,0,0,0,0,0,0
BSE HC.BSE_IDX,01/07/2025,09:34:16,44356.62,0,0,0,0,0,0
BSE HC.BSE_IDX,01/07/2025,09:34:24,44366.17,0,0,0,0,0,0
BSE HC.BSE_IDX,01/07/2025,09:34:32,44373.39,0,0,0,0,0,0
BSE HC.BSE_IDX,01/07/2025,09:34:40,44380.57,0,0,0,0,0,0
BSE HC.BSE_IDX,01/07/2025,09:34:48,44384.08,0,0,0,0,0,0
BSE HC.BSE_IDX,01/07/2025,09:34:56,44381.91,0,0,0,0,0,0
BSE HC.BSE_IDX,01/07/2025,09:35:05,44380.22,0,0,0,0,0,0
BSE HC.BSE_IDX,01/07/2025,09:35:12,44380.74,0,0,0,0,0,0
BSE HC.BSE_IDX,01/07/2025,09:35:20,44378.55,0,0,0,0,0,0
BSE HC.BSE_IDX,01/07/2025,09:35:28,44374.1,0,0,0,0,0,0
BSE HC.BSE_IDX,01/07/2025,09:35:36,44371.46,0,0,0,0,0,0
BSE HC.BSE_IDX,01/07/2025,09:35:44,44377.94,0,0,0,0,0,0
BSE HC.BSE_IDX,01/07/2025,09:35:52,44370.66,0,0,0,0,0,0
BSE HC.BSE_IDX,01/07/2025,09:36:00,44372.56,0,0,0,0,0,0
BSE HC.BSE_IDX,01/07/2025,09:36:08,44369.09,0,0,0,0,0,0
BSE HC.BSE_IDX,01/07/2025,09:36:16,44368.94,0,0,0,0,0,0
BSE HC.BSE_IDX,01/07/2025,09:36:24,44362.06,0,0,0,0,0,0
BSE HC.BSE_IDX,01/07/2025,09:36:33,44366.31,0,0,0,0,0,0
BSE HC.BSE_IDX,01/07/2025,09:36:40,44367.15,0,0,0,0,0,0
BSE HC.BSE_IDX,01/07/2025,09:36:48,44364.54,0,0,0,0,0,0
BSE HC.BSE_IDX,01/07/2025,09:36:56,44362.06,0,0,0,0,0,0
BSE HC.BSE_IDX,01/07/2025,09:37:04,44366.82,0,0,0,0,0,0
BSE HC.BSE_IDX,01/07/2025,09:37:12,44366.74,0,0,0,0,0,0
BSE HC.BSE_IDX,01/07/2025,09:37:20,44358.88,0,0,0,0,0,0
BSE HC.BSE_IDX,01/07/2025,09:37:28,44356.45,0,0,0,0,0,0
BSE HC.BSE_IDX,01/07/2025,09:37:36,44350.96,0,0,0,0,0,0
BSE HC.BSE_IDX,01/07/2025,09:37:44,44356.96,0,0,0,0,0,0
BSE HC.BSE_IDX,01/07/2025,09:37:52,44365.69,0,0,0,0,0,0
BSE HC.BSE_IDX,01/07/2025,09:38:00,44362.45,0,0,0,0,0,0
BSE HC.BSE_IDX,01/07/2025,09:38:08,44362.29,0,0,0,0,0,0
BSE HC.BSE_IDX,01/07/2025,09:38:16,44363,0,0,0,0,0,0
BSE HC.BSE_IDX,01/07/2025,09:38:24,44359.84,0,0,0,0,0,0
BSE HC.BSE_IDX,01/07/2025,09:38:32,44347.05,0,0,0,0,0,0
BSE HC.BSE_IDX,01/07/2025,09:38:40,44335.79,0,0,0,0,0,0
BSE HC.BSE_IDX,01/07/2025,09:38:48,44334.11,0,0,0,0,0,0
BSE HC.BSE_IDX,01/07/2025,09:38:56,44332.6,0,0,0,0,0,0
BSE HC.BSE_IDX,01/07/2025,09:39:04,44326.61,0,0,0,0,0,0
BSE HC.BSE_IDX,01/07/2025,09:39:12,44316.21,0,0,0,0,0,0
BSE HC.BSE_IDX,01/07/2025,09:39:20,44315.72,0,0,0,0,0,0
BSE HC.BSE_IDX,01/07/2025,09:39:28,44311.47,0,0,0,0,0,0
BSE HC.BSE_IDX,01/07/2025,09:39:36,44315.56,0,0,0,0,0,0
BSE HC.BSE_IDX,01/07/2025,09:39:44,44319.22,0,0,0,0,0,0
BSE HC.BSE_IDX,01/07/2025,09:39:52,44315.58,0,0,0,0,0,0
BSE HC.BSE_IDX,01/07/2025,09:40:00,44314.45,0,0,0,0,0,0
BSE HC.BSE_IDX,01/07/2025,09:40:08,44315.36,0,0,0,0,0,0
BSE HC.BSE_IDX,01/07/2025,09:40:16,44311.56,0,0,0,0,0,0
BSE HC.BSE_IDX,01/07/2025,09:40:24,44313.42,0,0,0,0,0,0
BSE HC.BSE_IDX,01/07/2025,09:40:32,44311.48,0,0,0,0,0,0
BSE HC.BSE_IDX,01/07/2025,09:40:40,44305.88,0,0,0,0,0,0
BSE HC.BSE_IDX,01/07/2025,09:40:48,44307.44,0,0,0,0,0,0
BSE HC.BSE_IDX,01/07/2025,09:40:56,44305.04,0,0,0,0,0,0
BSE HC.BSE_IDX,01/07/2025,09:41:04,44295.34,0,0,0,0,0,0
BSE HC.BSE_IDX,01/07/2025,09:41:12,44290.89,0,0,0,0,0,0
BSE HC.BSE_IDX,01/07/2025,09:41:20,44297.11,0,0,0,0,0,0
BSE HC.BSE_IDX,01/07/2025,09:41:28,44298.47,0,0,0,0,0,0
BSE HC.BSE_IDX,01/07/2025,09:41:36,44300.73,0,0,0,0,0,0
BSE HC.BSE_IDX,01/07/2025,09:41:44,44295.29,0,0,0,0,0,0
BSE HC.BSE_IDX,01/07/2025,09:41:52,44294.75,0,0,0,0,0,0
BSE HC.BSE_IDX,01/07/2025,09:42:00,44295.64,0,0,0,0,0,0
BSE HC.BSE_IDX,01/07/2025,09:42:08,44300.85,0,0,0,0,0,0
BSE HC.BSE_IDX,01/07/2025,09:42:16,44301.59,0,0,0,0,0,0
BSE HC.BSE_IDX,01/07/2025,09:42:24,44305.39,0,0,0,0,0,0
BSE HC.BSE_IDX,01/07/2025,09:42:32,44310.04,0,0,0,0,0,0
BSE HC.BSE_IDX,01/07/2025,09:42:40,44302.8,0,0,0,0,0,0
BSE HC.BSE_IDX,01/07/2025,09:42:48,44308.44,0,0,0,0,0,0
BSE HC.BSE_IDX,01/07/2025,09:42:56,44307.36,0,0,0,0,0,0
BSE HC.BSE_IDX,01/07/2025,09:43:04,44307.04,0,0,0,0,0,0
BSE HC.BSE_IDX,01/07/2025,09:43:12,44308.96,0,0,0,0,0,0
BSE HC.BSE_IDX,01/07/2025,09:43:20,44297.23,0,0,0,0,0,0
BSE HC.BSE_IDX,01/07/2025,09:43:28,44296.58,0,0,0,0,0,0
BSE HC.BSE_IDX,01/07/2025,09:43:36,44300.69,0,0,0,0,0,0
BSE HC.BSE_IDX,01/07/2025,09:43:44,44306.49,0,0,0,0,0,0
BSE HC.BSE_IDX,01/07/2025,09:43:53,44303.72,0,0,0,0,0,0
BSE HC.BSE_IDX,01/07/2025,09:44:00,44303.6,0,0,0,0,0,0
BSE HC.BSE_IDX,01/07/2025,09:44:08,44295.43,0,0,0,0,0,0
BSE HC.BSE_IDX,01/07/2025,09:44:16,44289.04,0,0,0,0,0,0
BSE HC.BSE_IDX,01/07/2025,09:44:24,44283.35,0,0,0,0,0,0
BSE HC.BSE_IDX,01/07/2025,09:44:32,44283.55,0,0,0,0,0,0
BSE HC.BSE_IDX,01/07/2025,09:44:40,44279.96,0,0,0,0,0,0
BSE HC.BSE_IDX,01/07/2025,09:44:48,44278.76,0,0,0,0,0,0
BSE HC.BSE_IDX,01/07/2025,09:44:56,44278.08,0,0,0,0,0,0
BSE HC.BSE_IDX,01/07/2025,09:45:05,44276.45,0,0,0,0,0,0
BSE HC.BSE_IDX,01/07/2025,09:45:12,44276.51,0,0,0,0,0,0
BSE HC.BSE_IDX,01/07/2025,09:45:20,44264.62,0,0,0,0,0,0
BSE HC.BSE_IDX,01/07/2025,09:45:28,44263.74,0,0,0,0,0,0
BSE HC.BSE_IDX,01/07/2025,09:45:36,44256.23,0,0,0,0,0,0
BSE HC.BSE_IDX,01/07/2025,09:45:44,44252.54,0,0,0,0,0,0
BSE HC.BSE_IDX,01/07/2025,09:45:52,44248.13,0,0,0,0,0,0
BSE HC.BSE_IDX,01/07/2025,09:46:01,44249.77,0,0,0,0,0,0
BSE HC.BSE_IDX,01/07/2025,09:46:08,44243.32,0,0,0,0,0,0
BSE HC.BSE_IDX,01/07/2025,09:46:16,44240.8,0,0,0,0,0,0
BSE HC.BSE_IDX,01/07/2025,09:46:24,44238.8,0,0,0,0,0,0
BSE HC.BSE_IDX,01/07/2025,09:46:32,44230.88,0,0,0,0,0,0
BSE HC.BSE_IDX,01/07/2025,09:46:40,44224.8,0,0,0,0,0,0
BSE HC.BSE_IDX,01/07/2025,09:46:48,44223.14,0,0,0,0,0,0
BSE HC.BSE_IDX,01/07/2025,09:46:56,44228.08,0,0,0,0,0,0
BSE HC.BSE_IDX,01/07/2025,09:47:04,44228.24,0,0,0,0,0,0
BSE HC.BSE_IDX,01/07/2025,09:47:12,44230.04,0,0,0,0,0,0
BSE HC.BSE_IDX,01/07/2025,09:47:20,44225.9,0,0,0,0,0,0
BSE HC.BSE_IDX,01/07/2025,09:47:28,44221.34,0,0,0,0,0,0
BSE HC.BSE_IDX,01/07/2025,09:47:36,44208.68,0,0,0,0,0,0
BSE HC.BSE_IDX,01/07/2025,09:47:44,44196.92,0,0,0,0,0,0
BSE HC.BSE_IDX,01/07/2025,09:47:52,44200.84,0,0,0,0,0,0
BSE HC.BSE_IDX,01/07/2025,09:48:00,44201.94,0,0,0,0,0,0
BSE HC.BSE_IDX,01/07/2025,09:48:08,44203.28,0,0,0,0,0,0
BSE HC.BSE_IDX,01/07/2025,09:48:16,44203.85,0,0,0,0,0,0
BSE HC.BSE_IDX,01/07/2025,09:48:24,44204.45,0,0,0,0,0,0
BSE HC.BSE_IDX,01/07/2025,09:48:32,44206.18,0,0,0,0,0,0
BSE HC.BSE_IDX,01/07/2025,09:48:40,44200.14,0,0,0,0,0,0
BSE HC.BSE_IDX,01/07/2025,09:48:48,44201.56,0,0,0,0,0,0
BSE HC.BSE_IDX,01/07/2025,09:48:56,44202.55,0,0,0,0,0,0
BSE HC.BSE_IDX,01/07/2025,09:49:04,44204.92,0,0,0,0,0,0
BSE HC.BSE_IDX,01/07/2025,09:49:12,44201.78,0,0,0,0,0,0
BSE HC.BSE_IDX,01/07/2025,09:49:20,44205.37,0,0,0,0,0,0
BSE HC.BSE_IDX,01/07/2025,09:49:28,44203.83,0,0,0,0,0,0
BSE HC.BSE_IDX,01/07/2025,09:49:36,44195.82,0,0,0,0,0,0
BSE HC.BSE_IDX,01/07/2025,09:49:44,44197.5,0,0,0,0,0,0
BSE HC.BSE_IDX,01/07/2025,09:49:52,44194.85,0,0,0,0,0,0
BSE HC.BSE_IDX,01/07/2025,09:50:00,44196.86,0,0,0,0,0,0
BSE HC.BSE_IDX,01/07/2025,09:50:08,44196.89,0,0,0,0,0,0
BSE HC.BSE_IDX,01/07/2025,09:50:16,44197.1,0,0,0,0,0,0
BSE HC.BSE_IDX,01/07/2025,09:50:24,44191.94,0,0,0,0,0,0
BSE HC.BSE_IDX,01/07/2025,09:50:32,44189.34,0,0,0,0,0,0
BSE HC.BSE_IDX,01/07/2025,09:50:40,44185.96,0,0,0,0,0,0
BSE HC.BSE_IDX,01/07/2025,09:50:48,44182.67,0,0,0,0,0,0
BSE HC.BSE_IDX,01/07/2025,09:50:57,44177.71,0,0,0,0,0,0
BSE HC.BSE_IDX,01/07/2025,09:51:04,44168.99,0,0,0,0,0,0
BSE HC.BSE_IDX,01/07/2025,09:51:12,44169.55,0,0,0,0,0,0
BSE HC.BSE_IDX,01/07/2025,09:51:20,44158.25,0,0,0,0,0,0
BSE HC.BSE_IDX,01/07/2025,09:51:28,44154.44,0,0,0,0,0,0
BSE HC.BSE_IDX,01/07/2025,09:51:37,44147.88,0,0,0,0,0,0
BSE HC.BSE_IDX,01/07/2025,09:51:44,44146.22,0,0,0,0,0,0
BSE HC.BSE_IDX,01/07/2025,09:51:52,44147.4,0,0,0,0,0,0
BSE HC.BSE_IDX,01/07/2025,09:52:01,44143.15,0,0,0,0,0,0
BSE HC.BSE_IDX,01/07/2025,09:52:08,44144.09,0,0,0,0,0,0
BSE HC.BSE_IDX,01/07/2025,09:52:17,44142.2,0,0,0,0,0,0
BSE HC.BSE_IDX,01/07/2025,09:52:24,44125.12,0,0,0,0,0,0
BSE HC.BSE_IDX,01/07/2025,09:52:32,44127.55,0,0,0,0,0,0
BSE HC.BSE_IDX,01/07/2025,09:52:40,44129.37,0,0,0,0,0,0
BSE HC.BSE_IDX,01/07/2025,09:52:48,44132.81,0,0,0,0,0,0
BSE HC.BSE_IDX,01/07/2025,09:52:57,44130.68,0,0,0,0,0,0
BSE HC.BSE_IDX,01/07/2025,09:53:04,44127.34,0,0,0,0,0,0
BSE HC.BSE_IDX,01/07/2025,09:53:13,44129.39,0,0,0,0,0,0
BSE HC.BSE_IDX,01/07/2025,09:53:20,44128.77,0,0,0,0,0,0
BSE HC.BSE_IDX,01/07/2025,09:53:28,44132.08,0,0,0,0,0,0
BSE HC.BSE_IDX,01/07/2025,09:53:36,44131.31,0,0,0,0,0,0
BSE HC.BSE_IDX,01/07/2025,09:53:44,44129.06,0,0,0,0,0,0
BSE HC.BSE_IDX,01/07/2025,09:53:52,44132.36,0,0,0,0,0,0
BSE HC.BSE_IDX,01/07/2025,09:54:00,44129.79,0,0,0,0,0,0
BSE HC.BSE_IDX,01/07/2025,09:54:08,44123.11,0,0,0,0,0,0
BSE HC.BSE_IDX,01/07/2025,09:54:16,44117.12,0,0,0,0,0,0
BSE HC.BSE_IDX,01/07/2025,09:54:24,44117.56,0,0,0,0,0,0
BSE HC.BSE_IDX,01/07/2025,09:54:32,44121.04,0,0,0,0,0,0
BSE HC.BSE_IDX,01/07/2025,09:54:40,44120.98,0,0,0,0,0,0
BSE HC.BSE_IDX,01/07/2025,09:54:48,44123.87,0,0,0,0,0,0
BSE HC.BSE_IDX,01/07/2025,09:54:56,44122.25,0,0,0,0,0,0
BSE HC.BSE_IDX,01/07/2025,09:55:04,44118.39,0,0,0,0,0,0
BSE HC.BSE_IDX,01/07/2025,09:55:12,44118.53,0,0,0,0,0,0
BSE HC.BSE_IDX,01/07/2025,09:55:20,44111.84,0,0,0,0,0,0
BSE HC.BSE_IDX,01/07/2025,09:55:28,44109.04,0,0,0,0,0,0
BSE HC.BSE_IDX,01/07/2025,09:55:36,44114.95,0,0,0,0,0,0
BSE HC.BSE_IDX,01/07/2025,09:55:44,44111.91,0,0,0,0,0,0
BSE HC.BSE_IDX,01/07/2025,09:55:52,44111.68,0,0,0,0,0,0
BSE HC.BSE_IDX,01/07/2025,09:56:00,44106.69,0,0,0,0,0,0
BSE HC.BSE_IDX,01/07/2025,09:56:08,44111.79,0,0,0,0,0,0
BSE HC.BSE_IDX,01/07/2025,09:56:16,44105.22,0,0,0,0,0,0
BSE HC.BSE_IDX,01/07/2025,09:56:25,44101.65,0,0,0,0,0,0
BSE HC.BSE_IDX,01/07/2025,09:56:32,44104.98,0,0,0,0,0,0
BSE HC.BSE_IDX,01/07/2025,09:56:41,44097.33,0,0,0,0,0,0
BSE HC.BSE_IDX,01/07/2025,09:56:48,44101.06,0,0,0,0,0,0
BSE HC.BSE_IDX,01/07/2025,09:56:57,44097.4,0,0,0,0,0,0
BSE HC.BSE_IDX,01/07/2025,09:57:04,44099.34,0,0,0,0,0,0
BSE HC.BSE_IDX,01/07/2025,09:57:12,44101.2,0,0,0,0,0,0
BSE HC.BSE_IDX,01/07/2025,09:57:20,44102.72,0,0,0,0,0,0
BSE HC.BSE_IDX,01/07/2025,09:57:28,44105.87,0,0,0,0,0,0
BSE HC.BSE_IDX,01/07/2025,09:57:36,44106.55,0,0,0,0,0,0
BSE HC.BSE_IDX,01/07/2025,09:57:44,44110.66,0,0,0,0,0,0
BSE HC.BSE_IDX,01/07/2025,09:57:52,44113.61,0,0,0,0,0,0
BSE HC.BSE_IDX,01/07/2025,09:58:00,44118.14,0,0,0,0,0,0
BSE HC.BSE_IDX,01/07/2025,09:58:08,44122.92,0,0,0,0,0,0
BSE HC.BSE_IDX,01/07/2025,09:58:16,44128.32,0,0,0,0,0,0
BSE HC.BSE_IDX,01/07/2025,09:58:24,44128.56,0,0,0,0,0,0
BSE HC.BSE_IDX,01/07/2025,09:58:32,44136.14,0,0,0,0,0,0
BSE HC.BSE_IDX,01/07/2025,09:58:40,44143.14,0,0,0,0,0,0
BSE HC.BSE_IDX,01/07/2025,09:58:48,44148.21,0,0,0,0,0,0
BSE HC.BSE_IDX,01/07/2025,09:58:56,44150.93,0,0,0,0,0,0
BSE HC.BSE_IDX,01/07/2025,09:59:05,44150.72,0,0,0,0,0,0
BSE HC.BSE_IDX,01/07/2025,09:59:12,44148.96,0,0,0,0,0,0
BSE HC.BSE_IDX,01/07/2025,09:59:20,44145.16,0,0,0,0,0,0
BSE HC.BSE_IDX,01/07/2025,09:59:28,44145.56,0,0,0,0,0,0
BSE HC.BSE_IDX,01/07/2025,09:59:36,44147.8,0,0,0,0,0,0
BSE HC.BSE_IDX,01/07/2025,09:59:45,44150.29,0,0,0,0,0,0
BSE HC.BSE_IDX,01/07/2025,09:59:52,44152.25,0,0,0,0,0,0
BSE HC.BSE_IDX,01/07/2025,10:00:00,44156.76,0,0,0,0,0,0
BSE HC.BSE_IDX,01/07/2025,10:00:08,44162.61,0,0,0,0,0,0
BSE HC.BSE_IDX,01/07/2025,10:00:16,44160.05,0,0,0,0,0,0
BSE HC.BSE_IDX,01/07/2025,10:00:24,44156.78,0,0,0,0,0,0
BSE HC.BSE_IDX,01/07/2025,10:00:32,44159.3,0,0,0,0,0,0
BSE HC.BSE_IDX,01/07/2025,10:00:40,44162.18,0,0,0,0,0,0
BSE HC.BSE_IDX,01/07/2025,10:00:48,44156.3,0,0,0,0,0,0
BSE HC.BSE_IDX,01/07/2025,10:00:56,44164.72,0,0,0,0,0,0
BSE HC.BSE_IDX,01/07/2025,10:01:04,44164.61,0,0,0,0,0,0
BSE HC.BSE_IDX,01/07/2025,10:01:12,44162.26,0,0,0,0,0,0
BSE HC.BSE_IDX,01/07/2025,10:01:21,44167.33,0,0,0,0,0,0
BSE HC.BSE_IDX,01/07/2025,10:01:28,44166.49,0,0,0,0,0,0
BSE HC.BSE_IDX,01/07/2025,10:01:36,44171.09,0,0,0,0,0,0
BSE HC.BSE_IDX,01/07/2025,10:01:44,44169.36,0,0,0,0,0,0
BSE HC.BSE_IDX,01/07/2025,10:01:52,44170.4,0,0,0,0,0,0
BSE HC.BSE_IDX,01/07/2025,10:02:00,44172.42,0,0,0,0,0,0
BSE HC.BSE_IDX,01/07/2025,10:02:08,44178.07,0,0,0,0,0,0
BSE HC.BSE_IDX,01/07/2025,10:02:16,44180.26,0,0,0,0,0,0
BSE HC.BSE_IDX,01/07/2025,10:02:24,44182.3,0,0,0,0,0,0
BSE HC.BSE_IDX,01/07/2025,10:02:32,44176.11,0,0,0,0,0,0
BSE HC.BSE_IDX,01/07/2025,10:02:41,44176.33,0,0,0,0,0,0
BSE HC.BSE_IDX,01/07/2025,10:02:49,44173.11,0,0,0,0,0,0
BSE HC.BSE_IDX,01/07/2025,10:02:56,44173.57,0,0,0,0,0,0
BSE HC.BSE_IDX,01/07/2025,10:03:04,44172.69,0,0,0,0,0,0
BSE HC.BSE_IDX,01/07/2025,10:03:13,44170.94,0,0,0,0,0,0
BSE HC.BSE_IDX,01/07/2025,10:03:20,44174.88,0,0,0,0,0,0
BSE HC.BSE_IDX,01/07/2025,10:03:29,44173.28,0,0,0,0,0,0
BSE HC.BSE_IDX,01/07/2025,10:03:37,44171.87,0,0,0,0,0,0
BSE HC.BSE_IDX,01/07/2025,10:03:45,44167.44,0,0,0,0,0,0
BSE HC.BSE_IDX,01/07/2025,10:03:53,44168.66,0,0,0,0,0,0
BSE HC.BSE_IDX,01/07/2025,10:04:01,44170.15,0,0,0,0,0,0
BSE HC.BSE_IDX,01/07/2025,10:04:09,44169.18,0,0,0,0,0,0
BSE HC.BSE_IDX,01/07/2025,10:04:17,44168.02,0,0,0,0,0,0
BSE HC.BSE_IDX,01/07/2025,10:04:25,44167.85,0,0,0,0,0,0
BSE HC.BSE_IDX,01/07/2025,10:04:33,44171.86,0,0,0,0,0,0
BSE HC.BSE_IDX,01/07/2025,10:04:41,44171.56,0,0,0,0,0,0
BSE HC.BSE_IDX,01/07/2025,10:04:50,44174.19,0,0,0,0,0,0
BSE HC.BSE_IDX,01/07/2025,10:04:57,44178.21,0,0,0,0,0,0
BSE HC.BSE_IDX,01/07/2025,10:05:05,44177.49,0,0,0,0,0,0
BSE HC.BSE_IDX,01/07/2025,10:05:14,44168.09,0,0,0,0,0,0
BSE HC.BSE_IDX,01/07/2025,10:05:21,44165.52,0,0,0,0,0,0
BSE HC.BSE_IDX,01/07/2025,10:05:29,44163.65,0,0,0,0,0,0
BSE HC.BSE_IDX,01/07/2025,10:05:37,44165.02,0,0,0,0,0,0
BSE HC.BSE_IDX,01/07/2025,10:05:45,44166.06,0,0,0,0,0,0
BSE HC.BSE_IDX,01/07/2025,10:05:53,44173.1,0,0,0,0,0,0
BSE HC.BSE_IDX,01/07/2025,10:06:01,44172,0,0,0,0,0,0
BSE HC.BSE_IDX,01/07/2025,10:06:09,44171.19,0,0,0,0,0,0
BSE HC.BSE_IDX,01/07/2025,10:06:17,44165.17,0,0,0,0,0,0
BSE HC.BSE_IDX,01/07/2025,10:06:25,44169.79,0,0,0,0,0,0
BSE HC.BSE_IDX,01/07/2025,10:06:33,44165.78,0,0,0,0,0,0
BSE HC.BSE_IDX,01/07/2025,10:06:41,44165.5,0,0,0,0,0,0
BSE HC.BSE_IDX,01/07/2025,10:06:49,44164.94,0,0,0,0,0,0
BSE HC.BSE_IDX,01/07/2025,10:06:57,44162.72,0,0,0,0,0,0
BSE HC.BSE_IDX,01/07/2025,10:07:05,44165.58,0,0,0,0,0,0
BSE HC.BSE_IDX,01/07/2025,10:07:13,44165.68,0,0,0,0,0,0
BSE HC.BSE_IDX,01/07/2025,10:07:21,44165.41,0,0,0,0,0,0
BSE HC.BSE_IDX,01/07/2025,10:07:29,44163.52,0,0,0,0,0,0
BSE HC.BSE_IDX,01/07/2025,10:07:37,44165.65,0,0,0,0,0,0
BSE HC.BSE_IDX,01/07/2025,10:07:45,44164.55,0,0,0,0,0,0
BSE HC.BSE_IDX,01/07/2025,10:07:53,44169.1,0,0,0,0,0,0
BSE HC.BSE_IDX,01/07/2025,10:08:01,44169.04,0,0,0,0,0,0
BSE HC.BSE_IDX,01/07/2025,10:08:09,44175.71,0,0,0,0,0,0
BSE HC.BSE_IDX,01/07/2025,10:08:17,44175.86,0,0,0,0,0,0
BSE HC.BSE_IDX,01/07/2025,10:08:25,44182.69,0,0,0,0,0,0
BSE HC.BSE_IDX,01/07/2025,10:08:33,44178.41,0,0,0,0,0,0
BSE HC.BSE_IDX,01/07/2025,10:08:41,44176.22,0,0,0,0,0,0
BSE HC.BSE_IDX,01/07/2025,10:08:49,44168.33,0,0,0,0,0,0
BSE HC.BSE_IDX,01/07/2025,10:08:57,44174.13,0,0,0,0,0,0
BSE HC.BSE_IDX,01/07/2025,10:09:05,44162.69,0,0,0,0,0,0
BSE HC.BSE_IDX,01/07/2025,10:09:13,44160.48,0,0,0,0,0,0
BSE HC.BSE_IDX,01/07/2025,10:09:21,44157.18,0,0,0,0,0,0
BSE HC.BSE_IDX,01/07/2025,10:09:29,44156.29,0,0,0,0,0,0
BSE HC.BSE_IDX,01/07/2025,10:09:37,44153.88,0,0,0,0,0,0
BSE HC.BSE_IDX,01/07/2025,10:09:45,44152.52,0,0,0,0,0,0
BSE HC.BSE_IDX,01/07/2025,10:09:53,44155.14,0,0,0,0,0,0
BSE HC.BSE_IDX,01/07/2025,10:10:01,44152.01,0,0,0,0,0,0
BSE HC.BSE_IDX,01/07/2025,10:10:09,44145.6,0,0,0,0,0,0
BSE HC.BSE_IDX,01/07/2025,10:10:17,44153.35,0,0,0,0,0,0
BSE HC.BSE_IDX,01/07/2025,10:10:25,44153.02,0,0,0,0,0,0
BSE HC.BSE_IDX,01/07/2025,10:10:33,44152.93,0,0,0,0,0,0
BSE HC.BSE_IDX,01/07/2025,10:10:41,44156.78,0,0,0,0,0,0
BSE HC.BSE_IDX,01/07/2025,10:10:49,44154.36,0,0,0,0,0,0
BSE HC.BSE_IDX,01/07/2025,10:10:57,44153.67,0,0,0,0,0,0
BSE HC.BSE_IDX,01/07/2025,10:11:05,44151.18,0,0,0,0,0,0
BSE HC.BSE_IDX,01/07/2025,10:11:13,44148.23,0,0,0,0,0,0
BSE HC.BSE_IDX,01/07/2025,10:11:22,44149.89,0,0,0,0,0,0
BSE HC.BSE_IDX,01/07/2025,10:11:29,44150.76,0,0,0,0,0,0
BSE HC.BSE_IDX,01/07/2025,10:11:37,44158.35,0,0,0,0,0,0
BSE HC.BSE_IDX,01/07/2025,10:11:45,44162.86,0,0,0,0,0,0
BSE HC.BSE_IDX,01/07/2025,10:11:53,44158.41,0,0,0,0,0,0
BSE HC.BSE_IDX,01/07/2025,10:12:01,44157.84,0,0,0,0,0,0
BSE HC.BSE_IDX,01/07/2025,10:12:09,44160.37,0,0,0,0,0,0
BSE HC.BSE_IDX,01/07/2025,10:12:17,44161.39,0,0,0,0,0,0
BSE HC.BSE_IDX,01/07/2025,10:12:25,44157.07,0,0,0,0,0,0
BSE HC.BSE_IDX,01/07/2025,10:12:33,44152.58,0,0,0,0,0,0
BSE HC.BSE_IDX,01/07/2025,10:12:41,44145.79,0,0,0,0,0,0
BSE HC.BSE_IDX,01/07/2025,10:12:49,44138.59,0,0,0,0,0,0
BSE HC.BSE_IDX,01/07/2025,10:12:57,44132.47,0,0,0,0,0,0
BSE HC.BSE_IDX,01/07/2025,10:13:05,44132.12,0,0,0,0,0,0
BSE HC.BSE_IDX,01/07/2025,10:13:13,44129.03,0,0,0,0,0,0
BSE HC.BSE_IDX,01/07/2025,10:13:21,44129.79,0,0,0,0,0,0
BSE HC.BSE_IDX,01/07/2025,10:13:29,44128.62,0,0,0,0,0,0
BSE HC.BSE_IDX,01/07/2025,10:13:37,44128.08,0,0,0,0,0,0
BSE HC.BSE_IDX,01/07/2025,10:13:45,44126.25,0,0,0,0,0,0
BSE HC.BSE_IDX,01/07/2025,10:13:53,44124.49,0,0,0,0,0,0
BSE HC.BSE_IDX,01/07/2025,10:14:01,44118.36,0,0,0,0,0,0
BSE HC.BSE_IDX,01/07/2025,10:14:09,44117.27,0,0,0,0,0,0
BSE HC.BSE_IDX,01/07/2025,10:14:17,44114.56,0,0,0,0,0,0
BSE HC.BSE_IDX,01/07/2025,10:14:25,44113.77,0,0,0,0,0,0
BSE HC.BSE_IDX,01/07/2025,10:14:33,44110.74,0,0,0,0,0,0
BSE HC.BSE_IDX,01/07/2025,10:14:41,44111.88,0,0,0,0,0,0
BSE HC.BSE_IDX,01/07/2025,10:14:49,44113.74,0,0,0,0,0,0
BSE HC.BSE_IDX,01/07/2025,10:14:57,44112.13,0,0,0,0,0,0
BSE HC.BSE_IDX,01/07/2025,10:15:05,44114.24,0,0,0,0,0,0
BSE HC.BSE_IDX,01/07/2025,10:15:13,44111.05,0,0,0,0,0,0
BSE HC.BSE_IDX,01/07/2025,10:15:21,44109.1,0,0,0,0,0,0
BSE HC.BSE_IDX,01/07/2025,10:15:29,44108,0,0,0,0,0,0
BSE HC.BSE_IDX,01/07/2025,10:15:37,44114.42,0,0,0,0,0,0
BSE HC.BSE_IDX,01/07/2025,10:15:45,44115.89,0,0,0,0,0,0
BSE HC.BSE_IDX,01/07/2025,10:15:53,44112.72,0,0,0,0,0,0
BSE HC.BSE_IDX,01/07/2025,10:16:01,44113.62,0,0,0,0,0,0
BSE HC.BSE_IDX,01/07/2025,10:16:09,44113.67,0,0,0,0,0,0
BSE HC.BSE_IDX,01/07/2025,10:16:17,44113.19,0,0,0,0,0,0
BSE HC.BSE_IDX,01/07/2025,10:16:25,44110.68,0,0,0,0,0,0
BSE HC.BSE_IDX,01/07/2025,10:16:33,44107.1,0,0,0,0,0,0
BSE HC.BSE_IDX,01/07/2025,10:16:41,44103.31,0,0,0,0,0,0
BSE HC.BSE_IDX,01/07/2025,10:16:49,44102.24,0,0,0,0,0,0
BSE HC.BSE_IDX,01/07/2025,10:16:57,44096.89,0,0,0,0,0,0
BSE HC.BSE_IDX,01/07/2025,10:17:05,44099.47,0,0,0,0,0,0
BSE HC.BSE_IDX,01/07/2025,10:17:13,44101.66,0,0,0,0,0,0
BSE HC.BSE_IDX,01/07/2025,10:17:21,44110.3,0,0,0,0,0,0
BSE HC.BSE_IDX,01/07/2025,10:17:29,44112.75,0,0,0,0,0,0
BSE HC.BSE_IDX,01/07/2025,10:17:37,44119.14,0,0,0,0,0,0
BSE HC.BSE_IDX,01/07/2025,10:17:45,44113.48,0,0,0,0,0,0
BSE HC.BSE_IDX,01/07/2025,10:17:53,44118.46,0,0,0,0,0,0
BSE HC.BSE_IDX,01/07/2025,10:18:01,44114.19,0,0,0,0,0,0
BSE HC.BSE_IDX,01/07/2025,10:18:09,44109.21,0,0,0,0,0,0
BSE HC.BSE_IDX,01/07/2025,10:18:17,44107.98,0,0,0,0,0,0
BSE HC.BSE_IDX,01/07/2025,10:18:25,44107.1,0,0,0,0,0,0
BSE HC.BSE_IDX,01/07/2025,10:18:33,44104.45,0,0,0,0,0,0
BSE HC.BSE_IDX,01/07/2025,10:18:41,44098.42,0,0,0,0,0,0
BSE HC.BSE_IDX,01/07/2025,10:18:49,44099.12,0,0,0,0,0,0
BSE HC.BSE_IDX,01/07/2025,10:18:57,44096.43,0,0,0,0,0,0
BSE HC.BSE_IDX,01/07/2025,10:19:05,44097.19,0,0,0,0,0,0
BSE HC.BSE_IDX,01/07/2025,10:19:13,44095.6,0,0,0,0,0,0
BSE HC.BSE_IDX,01/07/2025,10:19:21,44091.68,0,0,0,0,0,0
BSE HC.BSE_IDX,01/07/2025,10:19:29,44093.78,0,0,0,0,0,0
BSE HC.BSE_IDX,01/07/2025,10:19:37,44092.17,0,0,0,0,0,0
BSE HC.BSE_IDX,01/07/2025,10:19:45,44089.98,0,0,0,0,0,0
BSE HC.BSE_IDX,01/07/2025,10:19:53,44091.34,0,0,0,0,0,0
BSE HC.BSE_IDX,01/07/2025,10:20:01,44090.66,0,0,0,0,0,0
BSE HC.BSE_IDX,01/07/2025,10:20:09,44089.91,0,0,0,0,0,0
BSE HC.BSE_IDX,01/07/2025,10:20:17,44095.72,0,0,0,0,0,0
BSE HC.BSE_IDX,01/07/2025,10:20:25,44096.91,0,0,0,0,0,0
BSE HC.BSE_IDX,01/07/2025,10:20:33,44094.51,0,0,0,0,0,0
BSE HC.BSE_IDX,01/07/2025,10:20:41,44095.11,0,0,0,0,0,0
BSE HC.BSE_IDX,01/07/2025,10:20:49,44090.18,0,0,0,0,0,0
BSE HC.BSE_IDX,01/07/2025,10:20:57,44094.46,0,0,0,0,0,0
BSE HC.BSE_IDX,01/07/2025,10:21:05,44094.3,0,0,0,0,0,0
BSE HC.BSE_IDX,01/07/2025,10:21:13,44095.62,0,0,0,0,0,0
BSE HC.BSE_IDX,01/07/2025,10:21:21,44096.67,0,0,0,0,0,0
BSE HC.BSE_IDX,01/07/2025,10:21:29,44095.37,0,0,0,0,0,0
BSE HC.BSE_IDX,01/07/2025,10:21:37,44095.58,0,0,0,0,0,0
BSE HC.BSE_IDX,01/07/2025,10:21:45,44089.68,0,0,0,0,0,0
BSE HC.BSE_IDX,01/07/2025,10:21:53,44090.21,0,0,0,0,0,0
BSE HC.BSE_IDX,01/07/2025,10:22:01,44087.91,0,0,0,0,0,0
BSE HC.BSE_IDX,01/07/2025,10:22:09,44083.53,0,0,0,0,0,0
BSE HC.BSE_IDX,01/07/2025,10:22:17,44082.29,0,0,0,0,0,0
BSE HC.BSE_IDX,01/07/2025,10:22:25,44088.22,0,0,0,0,0,0
BSE HC.BSE_IDX,01/07/2025,10:22:33,44084.92,0,0,0,0,0,0
BSE HC.BSE_IDX,01/07/2025,10:22:41,44085.23,0,0,0,0,0,0
BSE HC.BSE_IDX,01/07/2025,10:22:49,44086.36,0,0,0,0,0,0
BSE HC.BSE_IDX,01/07/2025,10:22:57,44087.03,0,0,0,0,0,0
BSE HC.BSE_IDX,01/07/2025,10:23:05,44087.73,0,0,0,0,0,0
BSE HC.BSE_IDX,01/07/2025,10:23:13,44087.68,0,0,0,0,0,0
BSE HC.BSE_IDX,01/07/2025,10:23:21,44090.63,0,0,0,0,0,0
BSE HC.BSE_IDX,01/07/2025,10:23:29,44088.47,0,0,0,0,0,0
BSE HC.BSE_IDX,01/07/2025,10:23:37,44094.45,0,0,0,0,0,0
BSE HC.BSE_IDX,01/07/2025,10:23:45,44094.27,0,0,0,0,0,0
BSE HC.BSE_IDX,01/07/2025,10:23:53,44102.28,0,0,0,0,0,0
BSE HC.BSE_IDX,01/07/2025,10:24:01,44107.14,0,0,0,0,0,0
BSE HC.BSE_IDX,01/07/2025,10:24:09,44105.33,0,0,0,0,0,0
BSE HC.BSE_IDX,01/07/2025,10:24:17,44107.18,0,0,0,0,0,0
BSE HC.BSE_IDX,01/07/2025,10:24:25,44100.55,0,0,0,0,0,0
BSE HC.BSE_IDX,01/07/2025,10:24:33,44104.78,0,0,0,0,0,0
BSE HC.BSE_IDX,01/07/2025,10:24:41,44100.55,0,0,0,0,0,0
BSE HC.BSE_IDX,01/07/2025,10:24:49,44102.03,0,0,0,0,0,0
BSE HC.BSE_IDX,01/07/2025,10:24:57,44103.09,0,0,0,0,0,0
BSE HC.BSE_IDX,01/07/2025,10:25:05,44106.13,0,0,0,0,0,0
BSE HC.BSE_IDX,01/07/2025,10:25:13,44105.97,0,0,0,0,0,0
BSE HC.BSE_IDX,01/07/2025,10:25:21,44104.37,0,0,0,0,0,0
BSE HC.BSE_IDX,01/07/2025,10:25:29,44102.3,0,0,0,0,0,0
BSE HC.BSE_IDX,01/07/2025,10:25:37,44101.4,0,0,0,0,0,0
BSE HC.BSE_IDX,01/07/2025,10:25:45,44098.05,0,0,0,0,0,0
BSE HC.BSE_IDX,01/07/2025,10:25:53,44098,0,0,0,0,0,0
BSE HC.BSE_IDX,01/07/2025,10:26:01,44099.57,0,0,0,0,0,0
BSE HC.BSE_IDX,01/07/2025,10:26:09,44098.3,0,0,0,0,0,0
BSE HC.BSE_IDX,01/07/2025,10:26:17,44095.9,0,0,0,0,0,0
BSE HC.BSE_IDX,01/07/2025,10:26:25,44101.9,0,0,0,0,0,0
BSE HC.BSE_IDX,01/07/2025,10:26:33,44106.5,0,0,0,0,0,0
BSE HC.BSE_IDX,01/07/2025,10:26:41,44107.43,0,0,0,0,0,0
BSE HC.BSE_IDX,01/07/2025,10:26:49,44109.3,0,0,0,0,0,0
BSE HC.BSE_IDX,01/07/2025,10:26:57,44108.11,0,0,0,0,0,0
BSE HC.BSE_IDX,01/07/2025,10:27:05,44119.1,0,0,0,0,0,0
BSE HC.BSE_IDX,01/07/2025,10:27:13,44120.61,0,0,0,0,0,0
BSE HC.BSE_IDX,01/07/2025,10:27:21,44123.08,0,0,0,0,0,0
BSE HC.BSE_IDX,01/07/2025,10:27:29,44124.3,0,0,0,0,0,0
BSE HC.BSE_IDX,01/07/2025,10:27:37,44125.78,0,0,0,0,0,0
BSE HC.BSE_IDX,01/07/2025,10:27:45,44121.61,0,0,0,0,0,0
BSE HC.BSE_IDX,01/07/2025,10:27:53,44122.8,0,0,0,0,0,0
BSE HC.BSE_IDX,01/07/2025,10:28:01,44132.38,0,0,0,0,0,0
BSE HC.BSE_IDX,01/07/2025,10:28:09,44134.02,0,0,0,0,0,0
BSE HC.BSE_IDX,01/07/2025,10:28:17,44134.3,0,0,0,0,0,0
BSE HC.BSE_IDX,01/07/2025,10:28:25,44133.75,0,0,0,0,0,0
BSE HC.BSE_IDX,01/07/2025,10:28:33,44137.55,0,0,0,0,0,0
BSE HC.BSE_IDX,01/07/2025,10:28:41,44138.78,0,0,0,0,0,0
BSE HC.BSE_IDX,01/07/2025,10:28:49,44139.46,0,0,0,0,0,0
BSE HC.BSE_IDX,01/07/2025,10:28:57,44135.61,0,0,0,0,0,0
BSE HC.BSE_IDX,01/07/2025,10:29:05,44123.58,0,0,0,0,0,0
BSE HC.BSE_IDX,01/07/2025,10:29:13,44122.1,0,0,0,0,0,0
BSE HC.BSE_IDX,01/07/2025,10:29:21,44126.05,0,0,0,0,0,0
BSE HC.BSE_IDX,01/07/2025,10:29:29,44126.6,0,0,0,0,0,0
BSE HC.BSE_IDX,01/07/2025,10:29:37,44127.2,0,0,0,0,0,0
BSE HC.BSE_IDX,01/07/2025,10:29:46,44131.67,0,0,0,0,0,0
BSE HC.BSE_IDX,01/07/2025,10:29:54,44125.32,0,0,0,0,0,0
BSE HC.BSE_IDX,01/07/2025,10:30:01,44125.65,0,0,0,0,0,0
BSE HC.BSE_IDX,01/07/2025,10:30:09,44128.82,0,0,0,0,0,0
BSE HC.BSE_IDX,01/07/2025,10:30:17,44129.3,0,0,0,0,0,0
BSE HC.BSE_IDX,01/07/2025,10:30:25,44132.29,0,0,0,0,0,0
BSE HC.BSE_IDX,01/07/2025,10:30:33,44132.8,0,0,0,0,0,0
BSE HC.BSE_IDX,01/07/2025,10:30:41,44132.92,0,0,0,0,0,0
BSE HC.BSE_IDX,01/07/2025,10:30:49,44126.03,0,0,0,0,0,0
BSE HC.BSE_IDX,01/07/2025,10:30:57,44124.92,0,0,0,0,0,0
BSE HC.BSE_IDX,01/07/2025,10:31:05,44123.44,0,0,0,0,0,0
BSE HC.BSE_IDX,01/07/2025,10:31:13,44124.56,0,0,0,0,0,0
BSE HC.BSE_IDX,01/07/2025,10:31:21,44124.69,0,0,0,0,0,0
BSE HC.BSE_IDX,01/07/2025,10:31:29,44120.97,0,0,0,0,0,0
BSE HC.BSE_IDX,01/07/2025,10:31:37,44120.16,0,0,0,0,0,0
BSE HC.BSE_IDX,01/07/2025,10:31:45,44121.41,0,0,0,0,0,0
BSE HC.BSE_IDX,01/07/2025,10:31:53,44123.82,0,0,0,0,0,0
BSE HC.BSE_IDX,01/07/2025,10:32:01,44121.69,0,0,0,0,0,0
BSE HC.BSE_IDX,01/07/2025,10:32:09,44118.46,0,0,0,0,0,0
BSE HC.BSE_IDX,01/07/2025,10:32:17,44118.27,0,0,0,0,0,0
BSE HC.BSE_IDX,01/07/2025,10:32:25,44120.43,0,0,0,0,0,0
BSE HC.BSE_IDX,01/07/2025,10:32:33,44122.42,0,0,0,0,0,0
BSE HC.BSE_IDX,01/07/2025,10:32:41,44135.99,0,0,0,0,0,0
BSE HC.BSE_IDX,01/07/2025,10:32:49,44139.12,0,0,0,0,0,0
BSE HC.BSE_IDX,01/07/2025,10:32:57,44135.73,0,0,0,0,0,0
BSE HC.BSE_IDX,01/07/2025,10:33:05,44135.74,0,0,0,0,0,0
BSE HC.BSE_IDX,01/07/2025,10:33:13,44132.27,0,0,0,0,0,0
BSE HC.BSE_IDX,01/07/2025,10:33:21,44135.51,0,0,0,0,0,0
BSE HC.BSE_IDX,01/07/2025,10:33:29,44135.6,0,0,0,0,0,0
BSE HC.BSE_IDX,01/07/2025,10:33:37,44134.66,0,0,0,0,0,0
BSE HC.BSE_IDX,01/07/2025,10:33:45,44136.77,0,0,0,0,0,0
BSE HC.BSE_IDX,01/07/2025,10:33:53,44134.9,0,0,0,0,0,0
BSE HC.BSE_IDX,01/07/2025,10:34:01,44135.5,0,0,0,0,0,0
BSE HC.BSE_IDX,01/07/2025,10:34:09,44137.21,0,0,0,0,0,0
BSE HC.BSE_IDX,01/07/2025,10:34:17,44133.67,0,0,0,0,0,0
BSE HC.BSE_IDX,01/07/2025,10:34:25,44135.75,0,0,0,0,0,0
BSE HC.BSE_IDX,01/07/2025,10:34:33,44135.24,0,0,0,0,0,0
BSE HC.BSE_IDX,01/07/2025,10:34:41,44132.64,0,0,0,0,0,0
BSE HC.BSE_IDX,01/07/2025,10:34:49,44132.98,0,0,0,0,0,0
BSE HC.BSE_IDX,01/07/2025,10:34:58,44130.89,0,0,0,0,0,0
BSE HC.BSE_IDX,01/07/2025,10:35:06,44131.49,0,0,0,0,0,0
BSE HC.BSE_IDX,01/07/2025,10:35:14,44133.84,0,0,0,0,0,0
BSE HC.BSE_IDX,01/07/2025,10:35:21,44130.24,0,0,0,0,0,0
BSE HC.BSE_IDX,01/07/2025,10:35:29,44133.36,0,0,0,0,0,0
BSE HC.BSE_IDX,01/07/2025,10:35:37,44132.18,0,0,0,0,0,0
BSE HC.BSE_IDX,01/07/2025,10:35:45,44130.56,0,0,0,0,0,0
BSE HC.BSE_IDX,01/07/2025,10:35:54,44128.19,0,0,0,0,0,0
BSE HC.BSE_IDX,01/07/2025,10:36:02,44127.04,0,0,0,0,0,0
BSE HC.BSE_IDX,01/07/2025,10:36:10,44129.85,0,0,0,0,0,0
BSE HC.BSE_IDX,01/07/2025,10:36:17,44125.8,0,0,0,0,0,0
BSE HC.BSE_IDX,01/07/2025,10:36:25,44118.81,0,0,0,0,0,0
BSE HC.BSE_IDX,01/07/2025,10:36:34,44118.1,0,0,0,0,0,0
BSE HC.BSE_IDX,01/07/2025,10:36:42,44118.81,0,0,0,0,0,0
BSE HC.BSE_IDX,01/07/2025,10:36:49,44120.93,0,0,0,0,0,0
BSE HC.BSE_IDX,01/07/2025,10:36:58,44112.93,0,0,0,0,0,0
BSE HC.BSE_IDX,01/07/2025,10:37:05,44114.95,0,0,0,0,0,0
BSE HC.BSE_IDX,01/07/2025,10:37:14,44117.39,0,0,0,0,0,0
BSE HC.BSE_IDX,01/07/2025,10:37:21,44110.93,0,0,0,0,0,0
BSE HC.BSE_IDX,01/07/2025,10:37:30,44109.97,0,0,0,0,0,0
BSE HC.BSE_IDX,01/07/2025,10:37:38,44109.52,0,0,0,0,0,0
BSE HC.BSE_IDX,01/07/2025,10:37:46,44110.32,0,0,0,0,0,0
BSE HC.BSE_IDX,01/07/2025,10:37:54,44110.44,0,0,0,0,0,0
BSE HC.BSE_IDX,01/07/2025,10:38:02,44109.42,0,0,0,0,0,0
BSE HC.BSE_IDX,01/07/2025,10:38:10,44110.22,0,0,0,0,0,0
BSE HC.BSE_IDX,01/07/2025,10:38:18,44110.82,0,0,0,0,0,0
BSE HC.BSE_IDX,01/07/2025,10:38:26,44110.61,0,0,0,0,0,0
BSE HC.BSE_IDX,01/07/2025,10:38:34,44112.5,0,0,0,0,0,0
BSE HC.BSE_IDX,01/07/2025,10:38:42,44116.48,0,0,0,0,0,0
BSE HC.BSE_IDX,01/07/2025,10:38:50,44114.9,0,0,0,0,0,0
BSE HC.BSE_IDX,01/07/2025,10:38:58,44117.06,0,0,0,0,0,0
BSE HC.BSE_IDX,01/07/2025,10:39:06,44114.77,0,0,0,0,0,0
BSE HC.BSE_IDX,01/07/2025,10:39:14,44112.31,0,0,0,0,0,0
BSE HC.BSE_IDX,01/07/2025,10:39:22,44111.58,0,0,0,0,0,0
BSE HC.BSE_IDX,01/07/2025,10:39:30,44113.02,0,0,0,0,0,0
BSE HC.BSE_IDX,01/07/2025,10:39:38,44112.82,0,0,0,0,0,0
BSE HC.BSE_IDX,01/07/2025,10:39:46,44113.72,0,0,0,0,0,0
BSE HC.BSE_IDX,01/07/2025,10:39:54,44113.79,0,0,0,0,0,0
BSE HC.BSE_IDX,01/07/2025,10:40:02,44111.61,0,0,0,0,0,0
BSE HC.BSE_IDX,01/07/2025,10:40:10,44110.63,0,0,0,0,0,0
BSE HC.BSE_IDX,01/07/2025,10:40:18,44108.55,0,0,0,0,0,0
BSE HC.BSE_IDX,01/07/2025,10:40:26,44110.88,0,0,0,0,0,0
BSE HC.BSE_IDX,01/07/2025,10:40:34,44107.67,0,0,0,0,0,0
BSE HC.BSE_IDX,01/07/2025,10:40:42,44107.43,0,0,0,0,0,0
BSE HC.BSE_IDX,01/07/2025,10:40:50,44106.78,0,0,0,0,0,0
BSE HC.BSE_IDX,01/07/2025,10:40:58,44106.76,0,0,0,0,0,0
BSE HC.BSE_IDX,01/07/2025,10:41:06,44103.71,0,0,0,0,0,0
BSE HC.BSE_IDX,01/07/2025,10:41:14,44104.06,0,0,0,0,0,0
BSE HC.BSE_IDX,01/07/2025,10:41:22,44102.85,0,0,0,0,0,0
BSE HC.BSE_IDX,01/07/2025,10:41:30,44100,0,0,0,0,0,0
BSE HC.BSE_IDX,01/07/2025,10:41:38,44101.31,0,0,0,0,0,0
BSE HC.BSE_IDX,01/07/2025,10:41:46,44104.19,0,0,0,0,0,0
BSE HC.BSE_IDX,01/07/2025,10:41:54,44107.61,0,0,0,0,0,0
BSE HC.BSE_IDX,01/07/2025,10:42:02,44104.47,0,0,0,0,0,0
BSE HC.BSE_IDX,01/07/2025,10:42:10,44101.86,0,0,0,0,0,0
BSE HC.BSE_IDX,01/07/2025,10:42:18,44102.84,0,0,0,0,0,0
BSE HC.BSE_IDX,01/07/2025,10:42:26,44101.14,0,0,0,0,0,0
BSE HC.BSE_IDX,01/07/2025,10:42:34,44101.44,0,0,0,0,0,0
BSE HC.BSE_IDX,01/07/2025,10:42:42,44099.77,0,0,0,0,0,0
BSE HC.BSE_IDX,01/07/2025,10:42:50,44098.41,0,0,0,0,0,0
BSE HC.BSE_IDX,01/07/2025,10:42:58,44100.5,0,0,0,0,0,0
BSE HC.BSE_IDX,01/07/2025,10:43:06,44100.8,0,0,0,0,0,0
BSE HC.BSE_IDX,01/07/2025,10:43:14,44103.35,0,0,0,0,0,0
BSE HC.BSE_IDX,01/07/2025,10:43:22,44104.86,0,0,0,0,0,0
BSE HC.BSE_IDX,01/07/2025,10:43:30,44104.69,0,0,0,0,0,0
BSE HC.BSE_IDX,01/07/2025,10:43:38,44106.72,0,0,0,0,0,0
BSE HC.BSE_IDX,01/07/2025,10:43:46,44101.97,0,0,0,0,0,0
BSE HC.BSE_IDX,01/07/2025,10:43:54,44101.11,0,0,0,0,0,0
BSE HC.BSE_IDX,01/07/2025,10:44:02,44102.45,0,0,0,0,0,0
BSE HC.BSE_IDX,01/07/2025,10:44:10,44101.62,0,0,0,0,0,0
BSE HC.BSE_IDX,01/07/2025,10:44:18,44101.47,0,0,0,0,0,0
BSE HC.BSE_IDX,01/07/2025,10:44:26,44103.03,0,0,0,0,0,0
BSE HC.BSE_IDX,01/07/2025,10:44:34,44102.04,0,0,0,0,0,0
BSE HC.BSE_IDX,01/07/2025,10:44:42,44101.15,0,0,0,0,0,0
BSE HC.BSE_IDX,01/07/2025,10:44:50,44096.83,0,0,0,0,0,0
BSE HC.BSE_IDX,01/07/2025,10:44:58,44096.77,0,0,0,0,0,0
BSE HC.BSE_IDX,01/07/2025,10:45:07,44093.63,0,0,0,0,0,0
BSE HC.BSE_IDX,01/07/2025,10:45:14,44092.27,0,0,0,0,0,0
BSE HC.BSE_IDX,01/07/2025,10:45:22,44091.29,0,0,0,0,0,0
BSE HC.BSE_IDX,01/07/2025,10:45:30,44091.95,0,0,0,0,0,0
BSE HC.BSE_IDX,01/07/2025,10:45:38,44089.33,0,0,0,0,0,0
BSE HC.BSE_IDX,01/07/2025,10:45:46,44088.98,0,0,0,0,0,0
BSE HC.BSE_IDX,01/07/2025,10:45:54,44087.34,0,0,0,0,0,0
BSE HC.BSE_IDX,01/07/2025,10:46:02,44086.27,0,0,0,0,0,0
BSE HC.BSE_IDX,01/07/2025,10:46:10,44083.29,0,0,0,0,0,0
BSE HC.BSE_IDX,01/07/2025,10:46:18,44079.62,0,0,0,0,0,0
BSE HC.BSE_IDX,01/07/2025,10:46:26,44081.4,0,0,0,0,0,0
BSE HC.BSE_IDX,01/07/2025,10:46:34,44083.28,0,0,0,0,0,0
BSE HC.BSE_IDX,01/07/2025,10:46:42,44080.73,0,0,0,0,0,0
BSE HC.BSE_IDX,01/07/2025,10:46:50,44080.25,0,0,0,0,0,0
BSE HC.BSE_IDX,01/07/2025,10:46:58,44081.69,0,0,0,0,0,0
BSE HC.BSE_IDX,01/07/2025,10:47:06,44080.73,0,0,0,0,0,0
BSE HC.BSE_IDX,01/07/2025,10:47:14,44079.78,0,0,0,0,0,0
BSE HC.BSE_IDX,01/07/2025,10:47:22,44077.78,0,0,0,0,0,0
BSE HC.BSE_IDX,01/07/2025,10:47:30,44074.54,0,0,0,0,0,0
BSE HC.BSE_IDX,01/07/2025,10:47:38,44070.25,0,0,0,0,0,0
BSE HC.BSE_IDX,01/07/2025,10:47:46,44068.95,0,0,0,0,0,0
BSE HC.BSE_IDX,01/07/2025,10:47:54,44069.01,0,0,0,0,0,0
BSE HC.BSE_IDX,01/07/2025,10:48:02,44067.11,0,0,0,0,0,0
BSE HC.BSE_IDX,01/07/2025,10:48:10,44066.46,0,0,0,0,0,0
BSE HC.BSE_IDX,01/07/2025,10:48:18,44070.67,0,0,0,0,0,0
BSE HC.BSE_IDX,01/07/2025,10:48:26,44070.64,0,0,0,0,0,0
BSE HC.BSE_IDX,01/07/2025,10:48:34,44076.25,0,0,0,0,0,0
BSE HC.BSE_IDX,01/07/2025,10:48:42,44074.33,0,0,0,0,0,0
BSE HC.BSE_IDX,01/07/2025,10:48:50,44076.12,0,0,0,0,0,0
BSE HC.BSE_IDX,01/07/2025,10:48:58,44075.88,0,0,0,0,0,0
BSE HC.BSE_IDX,01/07/2025,10:49:06,44072.07,0,0,0,0,0,0
BSE HC.BSE_IDX,01/07/2025,10:49:14,44069.66,0,0,0,0,0,0
BSE HC.BSE_IDX,01/07/2025,10:49:22,44069.85,0,0,0,0,0,0
BSE HC.BSE_IDX,01/07/2025,10:49:30,44066.56,0,0,0,0,0,0
BSE HC.BSE_IDX,01/07/2025,10:49:38,44067.64,0,0,0,0,0,0
BSE HC.BSE_IDX,01/07/2025,10:49:46,44066.9,0,0,0,0,0,0
BSE HC.BSE_IDX,01/07/2025,10:49:54,44068.39,0,0,0,0,0,0
BSE HC.BSE_IDX,01/07/2025,10:50:02,44067.26,0,0,0,0,0,0
BSE HC.BSE_IDX,01/07/2025,10:50:10,44066.33,0,0,0,0,0,0
BSE HC.BSE_IDX,01/07/2025,10:50:18,44065.88,0,0,0,0,0,0
BSE HC.BSE_IDX,01/07/2025,10:50:26,44061.53,0,0,0,0,0,0
BSE HC.BSE_IDX,01/07/2025,10:50:34,44060.28,0,0,0,0,0,0
BSE HC.BSE_IDX,01/07/2025,10:50:42,44064.99,0,0,0,0,0,0
BSE HC.BSE_IDX,01/07/2025,10:50:50,44064.59,0,0,0,0,0,0
BSE HC.BSE_IDX,01/07/2025,10:50:58,44064.67,0,0,0,0,0,0
BSE HC.BSE_IDX,01/07/2025,10:51:06,44066.42,0,0,0,0,0,0
BSE HC.BSE_IDX,01/07/2025,10:51:14,44058.85,0,0,0,0,0,0
BSE HC.BSE_IDX,01/07/2025,10:51:22,44058.81,0,0,0,0,0,0
BSE HC.BSE_IDX,01/07/2025,10:51:30,44055.33,0,0,0,0,0,0
BSE HC.BSE_IDX,01/07/2025,10:51:38,44054.64,0,0,0,0,0,0
BSE HC.BSE_IDX,01/07/2025,10:51:46,44054.98,0,0,0,0,0,0
BSE HC.BSE_IDX,01/07/2025,10:51:54,44054.36,0,0,0,0,0,0
BSE HC.BSE_IDX,01/07/2025,10:52:02,44051.34,0,0,0,0,0,0
BSE HC.BSE_IDX,01/07/2025,10:52:10,44048.19,0,0,0,0,0,0
BSE HC.BSE_IDX,01/07/2025,10:52:18,44049.34,0,0,0,0,0,0
BSE HC.BSE_IDX,01/07/2025,10:52:26,44048.77,0,0,0,0,0,0
BSE HC.BSE_IDX,01/07/2025,10:52:34,44046.36,0,0,0,0,0,0
BSE HC.BSE_IDX,01/07/2025,10:52:43,44042.35,0,0,0,0,0,0
BSE HC.BSE_IDX,01/07/2025,10:52:50,44044.48,0,0,0,0,0,0
BSE HC.BSE_IDX,01/07/2025,10:52:58,44043.73,0,0,0,0,0,0
BSE HC.BSE_IDX,01/07/2025,10:53:06,44044.11,0,0,0,0,0,0
BSE HC.BSE_IDX,01/07/2025,10:53:14,44039.9,0,0,0,0,0,0
BSE HC.BSE_IDX,01/07/2025,10:53:22,44039.24,0,0,0,0,0,0
BSE HC.BSE_IDX,01/07/2025,10:53:30,44042.35,0,0,0,0,0,0
BSE HC.BSE_IDX,01/07/2025,10:53:38,44043.41,0,0,0,0,0,0
BSE HC.BSE_IDX,01/07/2025,10:53:46,44039.66,0,0,0,0,0,0
BSE HC.BSE_IDX,01/07/2025,10:53:54,44040.37,0,0,0,0,0,0
BSE HC.BSE_IDX,01/07/2025,10:54:02,44046.87,0,0,0,0,0,0
BSE HC.BSE_IDX,01/07/2025,10:54:10,44051.8,0,0,0,0,0,0
BSE HC.BSE_IDX,01/07/2025,10:54:18,44050.39,0,0,0,0,0,0
BSE HC.BSE_IDX,01/07/2025,10:54:26,44051.95,0,0,0,0,0,0
BSE HC.BSE_IDX,01/07/2025,10:54:34,44052.73,0,0,0,0,0,0
BSE HC.BSE_IDX,01/07/2025,10:54:42,44052,0,0,0,0,0,0
BSE HC.BSE_IDX,01/07/2025,10:54:51,44050.31,0,0,0,0,0,0
BSE HC.BSE_IDX,01/07/2025,10:54:58,44050.75,0,0,0,0,0,0
BSE HC.BSE_IDX,01/07/2025,10:55:06,44049.88,0,0,0,0,0,0
BSE HC.BSE_IDX,01/07/2025,10:55:14,44055.99,0,0,0,0,0,0
BSE HC.BSE_IDX,01/07/2025,10:55:22,44054.23,0,0,0,0,0,0
BSE HC.BSE_IDX,01/07/2025,10:55:30,44055.22,0,0,0,0,0,0
BSE HC.BSE_IDX,01/07/2025,10:55:38,44054.78,0,0,0,0,0,0
BSE HC.BSE_IDX,01/07/2025,10:55:46,44051.82,0,0,0,0,0,0
BSE HC.BSE_IDX,01/07/2025,10:55:54,44049.86,0,0,0,0,0,0
BSE HC.BSE_IDX,01/07/2025,10:56:02,44049.32,0,0,0,0,0,0
BSE HC.BSE_IDX,01/07/2025,10:56:10,44046.55,0,0,0,0,0,0
BSE HC.BSE_IDX,01/07/2025,10:56:18,44042.76,0,0,0,0,0,0
BSE HC.BSE_IDX,01/07/2025,10:56:26,44042.11,0,0,0,0,0,0
BSE HC.BSE_IDX,01/07/2025,10:56:34,44042.35,0,0,0,0,0,0
BSE HC.BSE_IDX,01/07/2025,10:56:42,44042.05,0,0,0,0,0,0
BSE HC.BSE_IDX,01/07/2025,10:56:50,44044.56,0,0,0,0,0,0
BSE HC.BSE_IDX,01/07/2025,10:56:58,44041.95,0,0,0,0,0,0
BSE HC.BSE_IDX,01/07/2025,10:57:06,44039.63,0,0,0,0,0,0
BSE HC.BSE_IDX,01/07/2025,10:57:14,44039.23,0,0,0,0,0,0
BSE HC.BSE_IDX,01/07/2025,10:57:22,44038.75,0,0,0,0,0,0
BSE HC.BSE_IDX,01/07/2025,10:57:30,44040.69,0,0,0,0,0,0
BSE HC.BSE_IDX,01/07/2025,10:57:39,44045.7,0,0,0,0,0,0
BSE HC.BSE_IDX,01/07/2025,10:57:46,44041.96,0,0,0,0,0,0
BSE HC.BSE_IDX,01/07/2025,10:57:54,44038.67,0,0,0,0,0,0
BSE HC.BSE_IDX,01/07/2025,10:58:02,44037.11,0,0,0,0,0,0
BSE HC.BSE_IDX,01/07/2025,10:58:10,44034.97,0,0,0,0,0,0
BSE HC.BSE_IDX,01/07/2025,10:58:18,44033.72,0,0,0,0,0,0
BSE HC.BSE_IDX,01/07/2025,10:58:26,44031.48,0,0,0,0,0,0
BSE HC.BSE_IDX,01/07/2025,10:58:34,44028.46,0,0,0,0,0,0
BSE HC.BSE_IDX,01/07/2025,10:58:42,44028.69,0,0,0,0,0,0
BSE HC.BSE_IDX,01/07/2025,10:58:50,44028.71,0,0,0,0,0,0
BSE HC.BSE_IDX,01/07/2025,10:58:58,44030.33,0,0,0,0,0,0
BSE HC.BSE_IDX,01/07/2025,10:59:06,44031.56,0,0,0,0,0,0
BSE HC.BSE_IDX,01/07/2025,10:59:14,44031.44,0,0,0,0,0,0
BSE HC.BSE_IDX,01/07/2025,10:59:22,44031.58,0,0,0,0,0,0
BSE HC.BSE_IDX,01/07/2025,10:59:30,44027.32,0,0,0,0,0,0
BSE HC.BSE_IDX,01/07/2025,10:59:38,44025.65,0,0,0,0,0,0
BSE HC.BSE_IDX,01/07/2025,10:59:47,44023.37,0,0,0,0,0,0
BSE HC.BSE_IDX,01/07/2025,10:59:55,44027.42,0,0,0,0,0,0
BSE HC.BSE_IDX,01/07/2025,11:00:03,44027.13,0,0,0,0,0,0
BSE HC.BSE_IDX,01/07/2025,11:00:11,44026.51,0,0,0,0,0,0
BSE HC.BSE_IDX,01/07/2025,11:00:18,44027.19,0,0,0,0,0,0
BSE HC.BSE_IDX,01/07/2025,11:00:26,44029.82,0,0,0,0,0,0
BSE HC.BSE_IDX,01/07/2025,11:00:34,44028.31,0,0,0,0,0,0
BSE HC.BSE_IDX,01/07/2025,11:00:42,44027.64,0,0,0,0,0,0
BSE HC.BSE_IDX,01/07/2025,11:00:50,44023.42,0,0,0,0,0,0
BSE HC.BSE_IDX,01/07/2025,11:00:58,44017.83,0,0,0,0,0,0
BSE HC.BSE_IDX,01/07/2025,11:01:06,44020.72,0,0,0,0,0,0
BSE HC.BSE_IDX,01/07/2025,11:01:15,44021.32,0,0,0,0,0,0
BSE HC.BSE_IDX,01/07/2025,11:01:22,44021.64,0,0,0,0,0,0
BSE HC.BSE_IDX,01/07/2025,11:01:30,44018.99,0,0,0,0,0,0
BSE HC.BSE_IDX,01/07/2025,11:01:38,44014.96,0,0,0,0,0,0
BSE HC.BSE_IDX,01/07/2025,11:01:46,44013.29,0,0,0,0,0,0
BSE HC.BSE_IDX,01/07/2025,11:01:54,44012.19,0,0,0,0,0,0
BSE HC.BSE_IDX,01/07/2025,11:02:02,44016.22,0,0,0,0,0,0
BSE HC.BSE_IDX,01/07/2025,11:02:10,44014.58,0,0,0,0,0,0
BSE HC.BSE_IDX,01/07/2025,11:02:18,44013.55,0,0,0,0,0,0
BSE HC.BSE_IDX,01/07/2025,11:02:27,44012.25,0,0,0,0,0,0
BSE HC.BSE_IDX,01/07/2025,11:02:34,44008.09,0,0,0,0,0,0
BSE HC.BSE_IDX,01/07/2025,11:02:42,44004.01,0,0,0,0,0,0
BSE HC.BSE_IDX,01/07/2025,11:02:51,44005.87,0,0,0,0,0,0
BSE HC.BSE_IDX,01/07/2025,11:02:58,44006.22,0,0,0,0,0,0
BSE HC.BSE_IDX,01/07/2025,11:03:06,44006.86,0,0,0,0,0,0
BSE HC.BSE_IDX,01/07/2025,11:03:14,44003.33,0,0,0,0,0,0
BSE HC.BSE_IDX,01/07/2025,11:03:22,44002.95,0,0,0,0,0,0
BSE HC.BSE_IDX,01/07/2025,11:03:31,44002.63,0,0,0,0,0,0
BSE HC.BSE_IDX,01/07/2025,11:03:38,44001.52,0,0,0,0,0,0
BSE HC.BSE_IDX,01/07/2025,11:03:46,44001.56,0,0,0,0,0,0
BSE HC.BSE_IDX,01/07/2025,11:03:54,44001.31,0,0,0,0,0,0
BSE HC.BSE_IDX,01/07/2025,11:04:02,44004.79,0,0,0,0,0,0
BSE HC.BSE_IDX,01/07/2025,11:04:10,44000.59,0,0,0,0,0,0
BSE HC.BSE_IDX,01/07/2025,11:04:18,43993.58,0,0,0,0,0,0
BSE HC.BSE_IDX,01/07/2025,11:04:27,43991.4,0,0,0,0,0,0
BSE HC.BSE_IDX,01/07/2025,11:04:34,43994.24,0,0,0,0,0,0
BSE HC.BSE_IDX,01/07/2025,11:04:42,43996.22,0,0,0,0,0,0
BSE HC.BSE_IDX,01/07/2025,11:04:51,44002.84,0,0,0,0,0,0
BSE HC.BSE_IDX,01/07/2025,11:04:58,44002.15,0,0,0,0,0,0
BSE HC.BSE_IDX,01/07/2025,11:05:06,44003.74,0,0,0,0,0,0
BSE HC.BSE_IDX,01/07/2025,11:05:14,44006.49,0,0,0,0,0,0
BSE HC.BSE_IDX,01/07/2025,11:05:22,44008.61,0,0,0,0,0,0
BSE HC.BSE_IDX,01/07/2025,11:05:30,44009.56,0,0,0,0,0,0
BSE HC.BSE_IDX,01/07/2025,11:05:38,44011.05,0,0,0,0,0,0
BSE HC.BSE_IDX,01/07/2025,11:05:46,44013.89,0,0,0,0,0,0
BSE HC.BSE_IDX,01/07/2025,11:05:54,44015.43,0,0,0,0,0,0
BSE HC.BSE_IDX,01/07/2025,11:06:02,44015.78,0,0,0,0,0,0
BSE HC.BSE_IDX,01/07/2025,11:06:11,44011.57,0,0,0,0,0,0
BSE HC.BSE_IDX,01/07/2025,11:06:19,44015.16,0,0,0,0,0,0
BSE HC.BSE_IDX,01/07/2025,11:06:26,44016.27,0,0,0,0,0,0
BSE HC.BSE_IDX,01/07/2025,11:06:34,44022.3,0,0,0,0,0,0
BSE HC.BSE_IDX,01/07/2025,11:06:42,44022.73,0,0,0,0,0,0
BSE HC.BSE_IDX,01/07/2025,11:06:50,44023.63,0,0,0,0,0,0
BSE HC.BSE_IDX,01/07/2025,11:06:58,44025.52,0,0,0,0,0,0
BSE HC.BSE_IDX,01/07/2025,11:07:06,44027.07,0,0,0,0,0,0
BSE HC.BSE_IDX,01/07/2025,11:07:15,44028.02,0,0,0,0,0,0
BSE HC.BSE_IDX,01/07/2025,11:07:22,44030.7,0,0,0,0,0,0
BSE HC.BSE_IDX,01/07/2025,11:07:30,44034.61,0,0,0,0,0,0
BSE HC.BSE_IDX,01/07/2025,11:07:38,44036.93,0,0,0,0,0,0
BSE HC.BSE_IDX,01/07/2025,11:07:46,44041.82,0,0,0,0,0,0
BSE HC.BSE_IDX,01/07/2025,11:07:54,44038.06,0,0,0,0,0,0
BSE HC.BSE_IDX,01/07/2025,11:08:02,44037.48,0,0,0,0,0,0
BSE HC.BSE_IDX,01/07/2025,11:08:11,44037.02,0,0,0,0,0,0
BSE HC.BSE_IDX,01/07/2025,11:08:18,44039.32,0,0,0,0,0,0
BSE HC.BSE_IDX,01/07/2025,11:08:26,44039.96,0,0,0,0,0,0
BSE HC.BSE_IDX,01/07/2025,11:08:35,44038.26,0,0,0,0,0,0
BSE HC.BSE_IDX,01/07/2025,11:08:43,44039.22,0,0,0,0,0,0
BSE HC.BSE_IDX,01/07/2025,11:08:51,44040.25,0,0,0,0,0,0
BSE HC.BSE_IDX,01/07/2025,11:08:58,44039.89,0,0,0,0,0,0
BSE HC.BSE_IDX,01/07/2025,11:09:07,44040.32,0,0,0,0,0,0
BSE HC.BSE_IDX,01/07/2025,11:09:15,44041.54,0,0,0,0,0,0
BSE HC.BSE_IDX,01/07/2025,11:09:23,44038.91,0,0,0,0,0,0
BSE HC.BSE_IDX,01/07/2025,11:09:31,44040.25,0,0,0,0,0,0
BSE HC.BSE_IDX,01/07/2025,11:09:39,44039.75,0,0,0,0,0,0
BSE HC.BSE_IDX,01/07/2025,11:09:46,44039.22,0,0,0,0,0,0
BSE HC.BSE_IDX,01/07/2025,11:09:55,44036.75,0,0,0,0,0,0
BSE HC.BSE_IDX,01/07/2025,11:10:03,44035.41,0,0,0,0,0,0
BSE HC.BSE_IDX,01/07/2025,11:10:11,44037.45,0,0,0,0,0,0
BSE HC.BSE_IDX,01/07/2025,11:10:19,44039.58,0,0,0,0,0,0
BSE HC.BSE_IDX,01/07/2025,11:10:27,44040.62,0,0,0,0,0,0
BSE HC.BSE_IDX,01/07/2025,11:10:35,44038.84,0,0,0,0,0,0
BSE HC.BSE_IDX,01/07/2025,11:10:43,44038.98,0,0,0,0,0,0
BSE HC.BSE_IDX,01/07/2025,11:10:51,44040.3,0,0,0,0,0,0
BSE HC.BSE_IDX,01/07/2025,11:10:59,44040.18,0,0,0,0,0,0
BSE HC.BSE_IDX,01/07/2025,11:11:07,44040.15,0,0,0,0,0,0
BSE HC.BSE_IDX,01/07/2025,11:11:15,44040.4,0,0,0,0,0,0
BSE HC.BSE_IDX,01/07/2025,11:11:23,44042.04,0,0,0,0,0,0
BSE HC.BSE_IDX,01/07/2025,11:11:31,44036.33,0,0,0,0,0,0
BSE HC.BSE_IDX,01/07/2025,11:11:39,44036.63,0,0,0,0,0,0
BSE HC.BSE_IDX,01/07/2025,11:11:47,44037.28,0,0,0,0,0,0
BSE HC.BSE_IDX,01/07/2025,11:11:55,44036.12,0,0,0,0,0,0
BSE HC.BSE_IDX,01/07/2025,11:12:03,44035.79,0,0,0,0,0,0
BSE HC.BSE_IDX,01/07/2025,11:12:11,44036.05,0,0,0,0,0,0
BSE HC.BSE_IDX,01/07/2025,11:12:19,44037.15,0,0,0,0,0,0
BSE HC.BSE_IDX,01/07/2025,11:12:27,44035.95,0,0,0,0,0,0
BSE HC.BSE_IDX,01/07/2025,11:12:35,44035.99,0,0,0,0,0,0
BSE HC.BSE_IDX,01/07/2025,11:12:43,44038.1,0,0,0,0,0,0
BSE HC.BSE_IDX,01/07/2025,11:12:51,44039.85,0,0,0,0,0,0
BSE HC.BSE_IDX,01/07/2025,11:12:59,44036.73,0,0,0,0,0,0
BSE HC.BSE_IDX,01/07/2025,11:13:07,44038.88,0,0,0,0,0,0
BSE HC.BSE_IDX,01/07/2025,11:13:16,44037.64,0,0,0,0,0,0
BSE HC.BSE_IDX,01/07/2025,11:13:23,44036.91,0,0,0,0,0,0
BSE HC.BSE_IDX,01/07/2025,11:13:31,44037.82,0,0,0,0,0,0
BSE HC.BSE_IDX,01/07/2025,11:13:39,44039.37,0,0,0,0,0,0
BSE HC.BSE_IDX,01/07/2025,11:13:47,44039.12,0,0,0,0,0,0
BSE HC.BSE_IDX,01/07/2025,11:13:55,44037.8,0,0,0,0,0,0
BSE HC.BSE_IDX,01/07/2025,11:14:03,44037.64,0,0,0,0,0,0
BSE HC.BSE_IDX,01/07/2025,11:14:11,44038.11,0,0,0,0,0,0
BSE HC.BSE_IDX,01/07/2025,11:14:19,44039.24,0,0,0,0,0,0
BSE HC.BSE_IDX,01/07/2025,11:14:27,44038.12,0,0,0,0,0,0
BSE HC.BSE_IDX,01/07/2025,11:14:35,44034.34,0,0,0,0,0,0
BSE HC.BSE_IDX,01/07/2025,11:14:43,44033.65,0,0,0,0,0,0
BSE HC.BSE_IDX,01/07/2025,11:14:51,44030.73,0,0,0,0,0,0
BSE HC.BSE_IDX,01/07/2025,11:14:59,44038.36,0,0,0,0,0,0
BSE HC.BSE_IDX,01/07/2025,11:15:07,44038.35,0,0,0,0,0,0
BSE HC.BSE_IDX,01/07/2025,11:15:15,44032.64,0,0,0,0,0,0
BSE HC.BSE_IDX,01/07/2025,11:15:23,44033.83,0,0,0,0,0,0
BSE HC.BSE_IDX,01/07/2025,11:15:31,44031.48,0,0,0,0,0,0
BSE HC.BSE_IDX,01/07/2025,11:15:39,44029.34,0,0,0,0,0,0
BSE HC.BSE_IDX,01/07/2025,11:15:47,44029.94,0,0,0,0,0,0
BSE HC.BSE_IDX,01/07/2025,11:15:56,44027.75,0,0,0,0,0,0
BSE HC.BSE_IDX,01/07/2025,11:16:03,44028.68,0,0,0,0,0,0
BSE HC.BSE_IDX,01/07/2025,11:16:11,44031.6,0,0,0,0,0,0
BSE HC.BSE_IDX,01/07/2025,11:16:19,44032.01,0,0,0,0,0,0
BSE HC.BSE_IDX,01/07/2025,11:16:27,44033.01,0,0,0,0,0,0
BSE HC.BSE_IDX,01/07/2025,11:16:35,44032.04,0,0,0,0,0,0
BSE HC.BSE_IDX,01/07/2025,11:16:43,44031.8,0,0,0,0,0,0
BSE HC.BSE_IDX,01/07/2025,11:16:51,44032.99,0,0,0,0,0,0
BSE HC.BSE_IDX,01/07/2025,11:16:59,44029.38,0,0,0,0,0,0
BSE HC.BSE_IDX,01/07/2025,11:17:07,44027.53,0,0,0,0,0,0
BSE HC.BSE_IDX,01/07/2025,11:17:15,44030.8,0,0,0,0,0,0
BSE HC.BSE_IDX,01/07/2025,11:17:23,44027.48,0,0,0,0,0,0
BSE HC.BSE_IDX,01/07/2025,11:17:31,44028.01,0,0,0,0,0,0
BSE HC.BSE_IDX,01/07/2025,11:17:39,44025.91,0,0,0,0,0,0
BSE HC.BSE_IDX,01/07/2025,11:17:47,44025.58,0,0,0,0,0,0
BSE HC.BSE_IDX,01/07/2025,11:17:57,44028.25,0,0,0,0,0,0
BSE HC.BSE_IDX,01/07/2025,11:18:03,44030.85,0,0,0,0,0,0
BSE HC.BSE_IDX,01/07/2025,11:18:11,44030.25,0,0,0,0,0,0
BSE HC.BSE_IDX,01/07/2025,11:18:19,44030.65,0,0,0,0,0,0
BSE HC.BSE_IDX,01/07/2025,11:18:27,44027.66,0,0,0,0,0,0
BSE HC.BSE_IDX,01/07/2025,11:18:35,44027.07,0,0,0,0,0,0
BSE HC.BSE_IDX,01/07/2025,11:18:44,44027.01,0,0,0,0,0,0
BSE HC.BSE_IDX,01/07/2025,11:18:51,44028.66,0,0,0,0,0,0
BSE HC.BSE_IDX,01/07/2025,11:18:59,44029.03,0,0,0,0,0,0
BSE HC.BSE_IDX,01/07/2025,11:19:08,44026.17,0,0,0,0,0,0
BSE HC.BSE_IDX,01/07/2025,11:19:15,44025.25,0,0,0,0,0,0
BSE HC.BSE_IDX,01/07/2025,11:19:23,44024.05,0,0,0,0,0,0
BSE HC.BSE_IDX,01/07/2025,11:19:31,44018.31,0,0,0,0,0,0
BSE HC.BSE_IDX,01/07/2025,11:19:39,44019.09,0,0,0,0,0,0
BSE HC.BSE_IDX,01/07/2025,11:19:47,44018.42,0,0,0,0,0,0
BSE HC.BSE_IDX,01/07/2025,11:19:55,44017.89,0,0,0,0,0,0
BSE HC.BSE_IDX,01/07/2025,11:20:03,44015.31,0,0,0,0,0,0
BSE HC.BSE_IDX,01/07/2025,11:20:11,44017.67,0,0,0,0,0,0
BSE HC.BSE_IDX,01/07/2025,11:20:19,44014.91,0,0,0,0,0,0
BSE HC.BSE_IDX,01/07/2025,11:20:27,44016.83,0,0,0,0,0,0
BSE HC.BSE_IDX,01/07/2025,11:20:35,44017.14,0,0,0,0,0,0
BSE HC.BSE_IDX,01/07/2025,11:20:43,44016.08,0,0,0,0,0,0
BSE HC.BSE_IDX,01/07/2025,11:20:51,44010.62,0,0,0,0,0,0
BSE HC.BSE_IDX,01/07/2025,11:20:59,44005.77,0,0,0,0,0,0
BSE HC.BSE_IDX,01/07/2025,11:21:07,44002.04,0,0,0,0,0,0
BSE HC.BSE_IDX,01/07/2025,11:21:15,44003.01,0,0,0,0,0,0
BSE HC.BSE_IDX,01/07/2025,11:21:24,44002.91,0,0,0,0,0,0
BSE HC.BSE_IDX,01/07/2025,11:21:31,44003.64,0,0,0,0,0,0
BSE HC.BSE_IDX,01/07/2025,11:21:39,44007.75,0,0,0,0,0,0
BSE HC.BSE_IDX,01/07/2025,11:21:47,44005.62,0,0,0,0,0,0
BSE HC.BSE_IDX,01/07/2025,11:21:56,44005.52,0,0,0,0,0,0
BSE HC.BSE_IDX,01/07/2025,11:22:03,44007.04,0,0,0,0,0,0
BSE HC.BSE_IDX,01/07/2025,11:22:11,44012.96,0,0,0,0,0,0
BSE HC.BSE_IDX,01/07/2025,11:22:19,44012.48,0,0,0,0,0,0
BSE HC.BSE_IDX,01/07/2025,11:22:28,44011.41,0,0,0,0,0,0
BSE HC.BSE_IDX,01/07/2025,11:22:35,44011.74,0,0,0,0,0,0
BSE HC.BSE_IDX,01/07/2025,11:22:43,44009.45,0,0,0,0,0,0
BSE HC.BSE_IDX,01/07/2025,11:22:51,44008.66,0,0,0,0,0,0
BSE HC.BSE_IDX,01/07/2025,11:22:59,44010.55,0,0,0,0,0,0
BSE HC.BSE_IDX,01/07/2025,11:23:07,44011.68,0,0,0,0,0,0
BSE HC.BSE_IDX,01/07/2025,11:23:15,44013.85,0,0,0,0,0,0
BSE HC.BSE_IDX,01/07/2025,11:23:23,44011.59,0,0,0,0,0,0
BSE HC.BSE_IDX,01/07/2025,11:23:31,44010.8,0,0,0,0,0,0
BSE HC.BSE_IDX,01/07/2025,11:23:39,44010.11,0,0,0,0,0,0
BSE HC.BSE_IDX,01/07/2025,11:23:47,44008.75,0,0,0,0,0,0
BSE HC.BSE_IDX,01/07/2025,11:23:55,44008.19,0,0,0,0,0,0
BSE HC.BSE_IDX,01/07/2025,11:24:04,44002.19,0,0,0,0,0,0
BSE HC.BSE_IDX,01/07/2025,11:24:11,44003.86,0,0,0,0,0,0
BSE HC.BSE_IDX,01/07/2025,11:24:19,44003.43,0,0,0,0,0,0
BSE HC.BSE_IDX,01/07/2025,11:24:27,44003.34,0,0,0,0,0,0
BSE HC.BSE_IDX,01/07/2025,11:24:35,44003.47,0,0,0,0,0,0
BSE HC.BSE_IDX,01/07/2025,11:24:43,44007.4,0,0,0,0,0,0
BSE HC.BSE_IDX,01/07/2025,11:24:52,44006.99,0,0,0,0,0,0
BSE HC.BSE_IDX,01/07/2025,11:25:00,44006.8,0,0,0,0,0,0
BSE HC.BSE_IDX,01/07/2025,11:25:07,44006.91,0,0,0,0,0,0
BSE HC.BSE_IDX,01/07/2025,11:25:15,44007.89,0,0,0,0,0,0
BSE HC.BSE_IDX,01/07/2025,11:25:23,44005.59,0,0,0,0,0,0
BSE HC.BSE_IDX,01/07/2025,11:25:31,44005.99,0,0,0,0,0,0
BSE HC.BSE_IDX,01/07/2025,11:25:41,44003.92,0,0,0,0,0,0
BSE HC.BSE_IDX,01/07/2025,11:25:47,44006.02,0,0,0,0,0,0
BSE HC.BSE_IDX,01/07/2025,11:25:55,44006.99,0,0,0,0,0,0
BSE HC.BSE_IDX,01/07/2025,11:26:03,44007.11,0,0,0,0,0,0
BSE HC.BSE_IDX,01/07/2025,11:26:11,44008.74,0,0,0,0,0,0
BSE HC.BSE_IDX,01/07/2025,11:26:19,44010.2,0,0,0,0,0,0
BSE HC.BSE_IDX,01/07/2025,11:26:27,44010.18,0,0,0,0,0,0
BSE HC.BSE_IDX,01/07/2025,11:26:35,44011.72,0,0,0,0,0,0
BSE HC.BSE_IDX,01/07/2025,11:26:43,44012.5,0,0,0,0,0,0
BSE HC.BSE_IDX,01/07/2025,11:26:51,44015.2,0,0,0,0,0,0
BSE HC.BSE_IDX,01/07/2025,11:26:59,44015.04,0,0,0,0,0,0
BSE HC.BSE_IDX,01/07/2025,11:27:07,44016.48,0,0,0,0,0,0
BSE HC.BSE_IDX,01/07/2025,11:27:15,44012.18,0,0,0,0,0,0
BSE HC.BSE_IDX,01/07/2025,11:27:23,44010.95,0,0,0,0,0,0
BSE HC.BSE_IDX,01/07/2025,11:27:31,44010.6,0,0,0,0,0,0
BSE HC.BSE_IDX,01/07/2025,11:27:39,44010.38,0,0,0,0,0,0
BSE HC.BSE_IDX,01/07/2025,11:27:47,44007.72,0,0,0,0,0,0
BSE HC.BSE_IDX,01/07/2025,11:27:55,44008.1,0,0,0,0,0,0
BSE HC.BSE_IDX,01/07/2025,11:28:03,44009.39,0,0,0,0,0,0
BSE HC.BSE_IDX,01/07/2025,11:28:11,44007.72,0,0,0,0,0,0
BSE HC.BSE_IDX,01/07/2025,11:28:19,44010.44,0,0,0,0,0,0
BSE HC.BSE_IDX,01/07/2025,11:28:27,44007.11,0,0,0,0,0,0
BSE HC.BSE_IDX,01/07/2025,11:28:36,44016.63,0,0,0,0,0,0
BSE HC.BSE_IDX,01/07/2025,11:28:43,44011.98,0,0,0,0,0,0
BSE HC.BSE_IDX,01/07/2025,11:28:51,44012.52,0,0,0,0,0,0
BSE HC.BSE_IDX,01/07/2025,11:28:59,44013.21,0,0,0,0,0,0
BSE HC.BSE_IDX,01/07/2025,11:29:07,44017.7,0,0,0,0,0,0
BSE HC.BSE_IDX,01/07/2025,11:29:16,44016.48,0,0,0,0,0,0
BSE HC.BSE_IDX,01/07/2025,11:29:24,44019.99,0,0,0,0,0,0
BSE HC.BSE_IDX,01/07/2025,11:29:31,44019.4,0,0,0,0,0,0
BSE HC.BSE_IDX,01/07/2025,11:29:39,44026.77,0,0,0,0,0,0
BSE HC.BSE_IDX,01/07/2025,11:29:47,44030.04,0,0,0,0,0,0
BSE HC.BSE_IDX,01/07/2025,11:29:55,44029.85,0,0,0,0,0,0
BSE HC.BSE_IDX,01/07/2025,11:30:03,44030.04,0,0,0,0,0,0
BSE HC.BSE_IDX,01/07/2025,11:30:11,44030.72,0,0,0,0,0,0
BSE HC.BSE_IDX,01/07/2025,11:30:19,44036.51,0,0,0,0,0,0
BSE HC.BSE_IDX,01/07/2025,11:30:27,44035.83,0,0,0,0,0,0
BSE HC.BSE_IDX,01/07/2025,11:30:35,44038.05,0,0,0,0,0,0
BSE HC.BSE_IDX,01/07/2025,11:30:43,44037.82,0,0,0,0,0,0
BSE HC.BSE_IDX,01/07/2025,11:30:51,44034.03,0,0,0,0,0,0
BSE HC.BSE_IDX,01/07/2025,11:30:59,44032.44,0,0,0,0,0,0
BSE HC.BSE_IDX,01/07/2025,11:31:07,44035.68,0,0,0,0,0,0
BSE HC.BSE_IDX,01/07/2025,11:31:15,44031.7,0,0,0,0,0,0
BSE HC.BSE_IDX,01/07/2025,11:31:23,44034.47,0,0,0,0,0,0
BSE HC.BSE_IDX,01/07/2025,11:31:31,44035.86,0,0,0,0,0,0
BSE HC.BSE_IDX,01/07/2025,11:31:39,44035.08,0,0,0,0,0,0
BSE HC.BSE_IDX,01/07/2025,11:31:47,44037.44,0,0,0,0,0,0
BSE HC.BSE_IDX,01/07/2025,11:31:55,44038.17,0,0,0,0,0,0
BSE HC.BSE_IDX,01/07/2025,11:32:04,44037.04,0,0,0,0,0,0
BSE HC.BSE_IDX,01/07/2025,11:32:11,44037.03,0,0,0,0,0,0
BSE HC.BSE_IDX,01/07/2025,11:32:19,44036.46,0,0,0,0,0,0
BSE HC.BSE_IDX,01/07/2025,11:32:27,44037.17,0,0,0,0,0,0
BSE HC.BSE_IDX,01/07/2025,11:32:35,44034.61,0,0,0,0,0,0
BSE HC.BSE_IDX,01/07/2025,11:32:43,44034.75,0,0,0,0,0,0
BSE HC.BSE_IDX,01/07/2025,11:32:51,44032.19,0,0,0,0,0,0
BSE HC.BSE_IDX,01/07/2025,11:32:59,44026.11,0,0,0,0,0,0
BSE HC.BSE_IDX,01/07/2025,11:33:07,44023.45,0,0,0,0,0,0
BSE HC.BSE_IDX,01/07/2025,11:33:15,44020.06,0,0,0,0,0,0
BSE HC.BSE_IDX,01/07/2025,11:33:23,44019.82,0,0,0,0,0,0
BSE HC.BSE_IDX,01/07/2025,11:33:31,44016.85,0,0,0,0,0,0
BSE HC.BSE_IDX,01/07/2025,11:33:39,44019.24,0,0,0,0,0,0
BSE HC.BSE_IDX,01/07/2025,11:33:47,44017.1,0,0,0,0,0,0
BSE HC.BSE_IDX,01/07/2025,11:33:55,44015.95,0,0,0,0,0,0
BSE HC.BSE_IDX,01/07/2025,11:34:03,44017.07,0,0,0,0,0,0
BSE HC.BSE_IDX,01/07/2025,11:34:12,44021.51,0,0,0,0,0,0
BSE HC.BSE_IDX,01/07/2025,11:34:19,44023.01,0,0,0,0,0,0
BSE HC.BSE_IDX,01/07/2025,11:34:27,44025.06,0,0,0,0,0,0
BSE HC.BSE_IDX,01/07/2025,11:34:35,44025.76,0,0,0,0,0,0
BSE HC.BSE_IDX,01/07/2025,11:34:43,44024.36,0,0,0,0,0,0
BSE HC.BSE_IDX,01/07/2025,11:34:51,44022.22,0,0,0,0,0,0
BSE HC.BSE_IDX,01/07/2025,11:34:59,44021.62,0,0,0,0,0,0
BSE HC.BSE_IDX,01/07/2025,11:35:07,44016.7,0,0,0,0,0,0
BSE HC.BSE_IDX,01/07/2025,11:35:16,44016.06,0,0,0,0,0,0
BSE HC.BSE_IDX,01/07/2025,11:35:23,44016.67,0,0,0,0,0,0
BSE HC.BSE_IDX,01/07/2025,11:35:32,44013.94,0,0,0,0,0,0
BSE HC.BSE_IDX,01/07/2025,11:35:39,44012.59,0,0,0,0,0,0
BSE HC.BSE_IDX,01/07/2025,11:35:47,44015.64,0,0,0,0,0,0
BSE HC.BSE_IDX,01/07/2025,11:35:55,44016.21,0,0,0,0,0,0
BSE HC.BSE_IDX,01/07/2025,11:36:04,44017.62,0,0,0,0,0,0
BSE HC.BSE_IDX,01/07/2025,11:36:11,44017.94,0,0,0,0,0,0
BSE HC.BSE_IDX,01/07/2025,11:36:19,44016.26,0,0,0,0,0,0
BSE HC.BSE_IDX,01/07/2025,11:36:28,44023.65,0,0,0,0,0,0
BSE HC.BSE_IDX,01/07/2025,11:36:35,44028.88,0,0,0,0,0,0
BSE HC.BSE_IDX,01/07/2025,11:36:43,44029.79,0,0,0,0,0,0
BSE HC.BSE_IDX,01/07/2025,11:36:54,44029.6,0,0,0,0,0,0
BSE HC.BSE_IDX,01/07/2025,11:36:59,44030.34,0,0,0,0,0,0
BSE HC.BSE_IDX,01/07/2025,11:37:07,44032.16,0,0,0,0,0,0
BSE HC.BSE_IDX,01/07/2025,11:37:15,44035.62,0,0,0,0,0,0
BSE HC.BSE_IDX,01/07/2025,11:37:23,44036.49,0,0,0,0,0,0
BSE HC.BSE_IDX,01/07/2025,11:37:31,44036.56,0,0,0,0,0,0
BSE HC.BSE_IDX,01/07/2025,11:37:41,44037.6,0,0,0,0,0,0
BSE HC.BSE_IDX,01/07/2025,11:37:47,44037.13,0,0,0,0,0,0
BSE HC.BSE_IDX,01/07/2025,11:37:55,44035.76,0,0,0,0,0,0
BSE HC.BSE_IDX,01/07/2025,11:38:03,44034.95,0,0,0,0,0,0
BSE HC.BSE_IDX,01/07/2025,11:38:11,44032.92,0,0,0,0,0,0
BSE HC.BSE_IDX,01/07/2025,11:38:20,44032.38,0,0,0,0,0,0
BSE HC.BSE_IDX,01/07/2025,11:38:27,44030.11,0,0,0,0,0,0
BSE HC.BSE_IDX,01/07/2025,11:38:35,44032.72,0,0,0,0,0,0
BSE HC.BSE_IDX,01/07/2025,11:38:43,44030.66,0,0,0,0,0,0
BSE HC.BSE_IDX,01/07/2025,11:38:51,44030.14,0,0,0,0,0,0
BSE HC.BSE_IDX,01/07/2025,11:38:59,44029.61,0,0,0,0,0,0
BSE HC.BSE_IDX,01/07/2025,11:39:07,44027.08,0,0,0,0,0,0
BSE HC.BSE_IDX,01/07/2025,11:39:16,44026.97,0,0,0,0,0,0
BSE HC.BSE_IDX,01/07/2025,11:39:23,44024.5,0,0,0,0,0,0
BSE HC.BSE_IDX,01/07/2025,11:39:31,44024.66,0,0,0,0,0,0
BSE HC.BSE_IDX,01/07/2025,11:39:39,44023.68,0,0,0,0,0,0
BSE HC.BSE_IDX,01/07/2025,11:39:47,44022.32,0,0,0,0,0,0
BSE HC.BSE_IDX,01/07/2025,11:39:55,44022.81,0,0,0,0,0,0
BSE HC.BSE_IDX,01/07/2025,11:40:03,44023.97,0,0,0,0,0,0
BSE HC.BSE_IDX,01/07/2025,11:40:11,44030.27,0,0,0,0,0,0
BSE HC.BSE_IDX,01/07/2025,11:40:19,44033.44,0,0,0,0,0,0
BSE HC.BSE_IDX,01/07/2025,11:40:27,44034.51,0,0,0,0,0,0
BSE HC.BSE_IDX,01/07/2025,11:40:35,44035.17,0,0,0,0,0,0
BSE HC.BSE_IDX,01/07/2025,11:40:43,44036.6,0,0,0,0,0,0
BSE HC.BSE_IDX,01/07/2025,11:40:51,44035.43,0,0,0,0,0,0
BSE HC.BSE_IDX,01/07/2025,11:41:00,44034.69,0,0,0,0,0,0
BSE HC.BSE_IDX,01/07/2025,11:41:07,44034.18,0,0,0,0,0,0
BSE HC.BSE_IDX,01/07/2025,11:41:15,44031.53,0,0,0,0,0,0
BSE HC.BSE_IDX,01/07/2025,11:41:24,44039.09,0,0,0,0,0,0
BSE HC.BSE_IDX,01/07/2025,11:41:32,44038.16,0,0,0,0,0,0
BSE HC.BSE_IDX,01/07/2025,11:41:39,44040.72,0,0,0,0,0,0
BSE HC.BSE_IDX,01/07/2025,11:41:48,44041.28,0,0,0,0,0,0
BSE HC.BSE_IDX,01/07/2025,11:41:56,44039.24,0,0,0,0,0,0
BSE HC.BSE_IDX,01/07/2025,11:42:04,44039.73,0,0,0,0,0,0
BSE HC.BSE_IDX,01/07/2025,11:42:12,44041.1,0,0,0,0,0,0
BSE HC.BSE_IDX,01/07/2025,11:42:20,44042.51,0,0,0,0,0,0
BSE HC.BSE_IDX,01/07/2025,11:42:28,44039.84,0,0,0,0,0,0
BSE HC.BSE_IDX,01/07/2025,11:42:36,44042.12,0,0,0,0,0,0
BSE HC.BSE_IDX,01/07/2025,11:42:44,44041.47,0,0,0,0,0,0
BSE HC.BSE_IDX,01/07/2025,11:42:52,44046.95,0,0,0,0,0,0
BSE HC.BSE_IDX,01/07/2025,11:43:00,44047.58,0,0,0,0,0,0
BSE HC.BSE_IDX,01/07/2025,11:43:08,44046.69,0,0,0,0,0,0
BSE HC.BSE_IDX,01/07/2025,11:43:16,44043.64,0,0,0,0,0,0
BSE HC.BSE_IDX,01/07/2025,11:43:24,44043.77,0,0,0,0,0,0
BSE HC.BSE_IDX,01/07/2025,11:43:32,44044.83,0,0,0,0,0,0
BSE HC.BSE_IDX,01/07/2025,11:43:40,44042.85,0,0,0,0,0,0
BSE HC.BSE_IDX,01/07/2025,11:43:48,44044.29,0,0,0,0,0,0
BSE HC.BSE_IDX,01/07/2025,11:43:56,44042.29,0,0,0,0,0,0
BSE HC.BSE_IDX,01/07/2025,11:44:04,44037.5,0,0,0,0,0,0
BSE HC.BSE_IDX,01/07/2025,11:44:12,44037.56,0,0,0,0,0,0
BSE HC.BSE_IDX,01/07/2025,11:44:20,44040.33,0,0,0,0,0,0
BSE HC.BSE_IDX,01/07/2025,11:44:28,44039.96,0,0,0,0,0,0
BSE HC.BSE_IDX,01/07/2025,11:44:36,44045.23,0,0,0,0,0,0
BSE HC.BSE_IDX,01/07/2025,11:44:44,44049.13,0,0,0,0,0,0
BSE HC.BSE_IDX,01/07/2025,11:44:52,44044.13,0,0,0,0,0,0
BSE HC.BSE_IDX,01/07/2025,11:45:00,44043.08,0,0,0,0,0,0
BSE HC.BSE_IDX,01/07/2025,11:45:08,44043.98,0,0,0,0,0,0
BSE HC.BSE_IDX,01/07/2025,11:45:16,44046.41,0,0,0,0,0,0
BSE HC.BSE_IDX,01/07/2025,11:45:24,44045.47,0,0,0,0,0,0
BSE HC.BSE_IDX,01/07/2025,11:45:32,44043.94,0,0,0,0,0,0
BSE HC.BSE_IDX,01/07/2025,11:45:40,44041.74,0,0,0,0,0,0
BSE HC.BSE_IDX,01/07/2025,11:45:48,44041.48,0,0,0,0,0,0
BSE HC.BSE_IDX,01/07/2025,11:45:56,44040.88,0,0,0,0,0,0
BSE HC.BSE_IDX,01/07/2025,11:46:04,44045.55,0,0,0,0,0,0
BSE HC.BSE_IDX,01/07/2025,11:46:12,44045.15,0,0,0,0,0,0
BSE HC.BSE_IDX,01/07/2025,11:46:20,44043.51,0,0,0,0,0,0
BSE HC.BSE_IDX,01/07/2025,11:46:28,44048.76,0,0,0,0,0,0
BSE HC.BSE_IDX,01/07/2025,11:46:36,44049.55,0,0,0,0,0,0
BSE HC.BSE_IDX,01/07/2025,11:46:44,44044.13,0,0,0,0,0,0
BSE HC.BSE_IDX,01/07/2025,11:46:52,44046.56,0,0,0,0,0,0
BSE HC.BSE_IDX,01/07/2025,11:47:00,44047.16,0,0,0,0,0,0
BSE HC.BSE_IDX,01/07/2025,11:47:08,44047.74,0,0,0,0,0,0
BSE HC.BSE_IDX,01/07/2025,11:47:16,44039.6,0,0,0,0,0,0
BSE HC.BSE_IDX,01/07/2025,11:47:24,44040.51,0,0,0,0,0,0
BSE HC.BSE_IDX,01/07/2025,11:47:32,44043.98,0,0,0,0,0,0
BSE HC.BSE_IDX,01/07/2025,11:47:40,44044.05,0,0,0,0,0,0
BSE HC.BSE_IDX,01/07/2025,11:47:48,44041.89,0,0,0,0,0,0
BSE HC.BSE_IDX,01/07/2025,11:47:56,44042.14,0,0,0,0,0,0
BSE HC.BSE_IDX,01/07/2025,11:48:04,44049.39,0,0,0,0,0,0
BSE HC.BSE_IDX,01/07/2025,11:48:12,44049.51,0,0,0,0,0,0
BSE HC.BSE_IDX,01/07/2025,11:48:20,44049.04,0,0,0,0,0,0
BSE HC.BSE_IDX,01/07/2025,11:48:28,44049.45,0,0,0,0,0,0
BSE HC.BSE_IDX,01/07/2025,11:48:36,44051.79,0,0,0,0,0,0
BSE HC.BSE_IDX,01/07/2025,11:48:44,44055.07,0,0,0,0,0,0
BSE HC.BSE_IDX,01/07/2025,11:48:52,44056.96,0,0,0,0,0,0
BSE HC.BSE_IDX,01/07/2025,11:49:01,44057.63,0,0,0,0,0,0
BSE HC.BSE_IDX,01/07/2025,11:49:09,44055.97,0,0,0,0,0,0
BSE HC.BSE_IDX,01/07/2025,11:49:16,44057.39,0,0,0,0,0,0
BSE HC.BSE_IDX,01/07/2025,11:49:24,44057.86,0,0,0,0,0,0
BSE HC.BSE_IDX,01/07/2025,11:49:32,44060.48,0,0,0,0,0,0
BSE HC.BSE_IDX,01/07/2025,11:49:40,44059.23,0,0,0,0,0,0
BSE HC.BSE_IDX,01/07/2025,11:49:49,44057.27,0,0,0,0,0,0
BSE HC.BSE_IDX,01/07/2025,11:49:56,44057.21,0,0,0,0,0,0
BSE HC.BSE_IDX,01/07/2025,11:50:04,44055.93,0,0,0,0,0,0
BSE HC.BSE_IDX,01/07/2025,11:50:12,44057.21,0,0,0,0,0,0
BSE HC.BSE_IDX,01/07/2025,11:50:20,44058.22,0,0,0,0,0,0
BSE HC.BSE_IDX,01/07/2025,11:50:28,44060.19,0,0,0,0,0,0
BSE HC.BSE_IDX,01/07/2025,11:50:36,44056.82,0,0,0,0,0,0
BSE HC.BSE_IDX,01/07/2025,11:50:44,44056.09,0,0,0,0,0,0
BSE HC.BSE_IDX,01/07/2025,11:50:52,44056.49,0,0,0,0,0,0
BSE HC.BSE_IDX,01/07/2025,11:51:00,44053.21,0,0,0,0,0,0
BSE HC.BSE_IDX,01/07/2025,11:51:08,44052.22,0,0,0,0,0,0
BSE HC.BSE_IDX,01/07/2025,11:51:16,44049.69,0,0,0,0,0,0
BSE HC.BSE_IDX,01/07/2025,11:51:24,44046.68,0,0,0,0,0,0
BSE HC.BSE_IDX,01/07/2025,11:51:32,44049.44,0,0,0,0,0,0
BSE HC.BSE_IDX,01/07/2025,11:51:40,44049.02,0,0,0,0,0,0
BSE HC.BSE_IDX,01/07/2025,11:51:48,44042.9,0,0,0,0,0,0
BSE HC.BSE_IDX,01/07/2025,11:51:56,44043.74,0,0,0,0,0,0
BSE HC.BSE_IDX,01/07/2025,11:52:04,44047.33,0,0,0,0,0,0
BSE HC.BSE_IDX,01/07/2025,11:52:12,44047.22,0,0,0,0,0,0
BSE HC.BSE_IDX,01/07/2025,11:52:20,44051.82,0,0,0,0,0,0
BSE HC.BSE_IDX,01/07/2025,11:52:28,44055.32,0,0,0,0,0,0
BSE HC.BSE_IDX,01/07/2025,11:52:36,44056.64,0,0,0,0,0,0
BSE HC.BSE_IDX,01/07/2025,11:52:44,44054.65,0,0,0,0,0,0
BSE HC.BSE_IDX,01/07/2025,11:52:52,44054.05,0,0,0,0,0,0
BSE HC.BSE_IDX,01/07/2025,11:53:00,44057.78,0,0,0,0,0,0
BSE HC.BSE_IDX,01/07/2025,11:53:08,44059.36,0,0,0,0,0,0
BSE HC.BSE_IDX,01/07/2025,11:53:16,44060.78,0,0,0,0,0,0
BSE HC.BSE_IDX,01/07/2025,11:53:24,44061.3,0,0,0,0,0,0
BSE HC.BSE_IDX,01/07/2025,11:53:32,44055.35,0,0,0,0,0,0
BSE HC.BSE_IDX,01/07/2025,11:53:40,44056.79,0,0,0,0,0,0
BSE HC.BSE_IDX,01/07/2025,11:53:48,44046.97,0,0,0,0,0,0
BSE HC.BSE_IDX,01/07/2025,11:53:56,44042.02,0,0,0,0,0,0
BSE HC.BSE_IDX,01/07/2025,11:54:04,44040.07,0,0,0,0,0,0
BSE HC.BSE_IDX,01/07/2025,11:54:12,44036.54,0,0,0,0,0,0
BSE HC.BSE_IDX,01/07/2025,11:54:20,44034.02,0,0,0,0,0,0
BSE HC.BSE_IDX,01/07/2025,11:54:28,44033.67,0,0,0,0,0,0
BSE HC.BSE_IDX,01/07/2025,11:54:36,44035.98,0,0,0,0,0,0
BSE HC.BSE_IDX,01/07/2025,11:54:44,44036.52,0,0,0,0,0,0
BSE HC.BSE_IDX,01/07/2025,11:54:52,44028.2,0,0,0,0,0,0
BSE HC.BSE_IDX,01/07/2025,11:55:00,44028.72,0,0,0,0,0,0
BSE HC.BSE_IDX,01/07/2025,11:55:08,44029.17,0,0,0,0,0,0
BSE HC.BSE_IDX,01/07/2025,11:55:17,44029.07,0,0,0,0,0,0
BSE HC.BSE_IDX,01/07/2025,11:55:24,44028.21,0,0,0,0,0,0
BSE HC.BSE_IDX,01/07/2025,11:55:32,44027.61,0,0,0,0,0,0
BSE HC.BSE_IDX,01/07/2025,11:55:40,44026.93,0,0,0,0,0,0
BSE HC.BSE_IDX,01/07/2025,11:55:48,44028.17,0,0,0,0,0,0
BSE HC.BSE_IDX,01/07/2025,11:55:56,44029.12,0,0,0,0,0,0
BSE HC.BSE_IDX,01/07/2025,11:56:05,44028.22,0,0,0,0,0,0
BSE HC.BSE_IDX,01/07/2025,11:56:12,44029.23,0,0,0,0,0,0
BSE HC.BSE_IDX,01/07/2025,11:56:20,44025.69,0,0,0,0,0,0
BSE HC.BSE_IDX,01/07/2025,11:56:28,44021.65,0,0,0,0,0,0
BSE HC.BSE_IDX,01/07/2025,11:56:36,44020.31,0,0,0,0,0,0
BSE HC.BSE_IDX,01/07/2025,11:56:44,44021.49,0,0,0,0,0,0
BSE HC.BSE_IDX,01/07/2025,11:56:52,44021.12,0,0,0,0,0,0
BSE HC.BSE_IDX,01/07/2025,11:57:00,44021.31,0,0,0,0,0,0
BSE HC.BSE_IDX,01/07/2025,11:57:08,44016.89,0,0,0,0,0,0
BSE HC.BSE_IDX,01/07/2025,11:57:16,44016.47,0,0,0,0,0,0
BSE HC.BSE_IDX,01/07/2025,11:57:24,44015.64,0,0,0,0,0,0
BSE HC.BSE_IDX,01/07/2025,11:57:32,44016.33,0,0,0,0,0,0
BSE HC.BSE_IDX,01/07/2025,11:57:40,44016.8,0,0,0,0,0,0
BSE HC.BSE_IDX,01/07/2025,11:57:48,44016.47,0,0,0,0,0,0
BSE HC.BSE_IDX,01/07/2025,11:57:56,44016.48,0,0,0,0,0,0
BSE HC.BSE_IDX,01/07/2025,11:58:04,44016.25,0,0,0,0,0,0
BSE HC.BSE_IDX,01/07/2025,11:58:12,44015.28,0,0,0,0,0,0
BSE HC.BSE_IDX,01/07/2025,11:58:20,44013.95,0,0,0,0,0,0
BSE HC.BSE_IDX,01/07/2025,11:58:28,44013.6,0,0,0,0,0,0
BSE HC.BSE_IDX,01/07/2025,11:58:36,44016.56,0,0,0,0,0,0
BSE HC.BSE_IDX,01/07/2025,11:58:44,44015.87,0,0,0,0,0,0
BSE HC.BSE_IDX,01/07/2025,11:58:52,44019.12,0,0,0,0,0,0
BSE HC.BSE_IDX,01/07/2025,11:59:00,44018.19,0,0,0,0,0,0
BSE HC.BSE_IDX,01/07/2025,11:59:08,44021.87,0,0,0,0,0,0
BSE HC.BSE_IDX,01/07/2025,11:59:16,44020.41,0,0,0,0,0,0
BSE HC.BSE_IDX,01/07/2025,11:59:24,44025.81,0,0,0,0,0,0
BSE HC.BSE_IDX,01/07/2025,11:59:32,44028,0,0,0,0,0,0
BSE HC.BSE_IDX,01/07/2025,11:59:40,44029.51,0,0,0,0,0,0
BSE HC.BSE_IDX,01/07/2025,11:59:48,44029.65,0,0,0,0,0,0
BSE HC.BSE_IDX,01/07/2025,11:59:56,44030.69,0,0,0,0,0,0
BSE HC.BSE_IDX,01/07/2025,12:00:05,44031.66,0,0,0,0,0,0
BSE HC.BSE_IDX,01/07/2025,12:00:12,44031.92,0,0,0,0,0,0
BSE HC.BSE_IDX,01/07/2025,12:00:20,44031.26,0,0,0,0,0,0
BSE HC.BSE_IDX,01/07/2025,12:00:28,44031.93,0,0,0,0,0,0
BSE HC.BSE_IDX,01/07/2025,12:00:37,44031.54,0,0,0,0,0,0
BSE HC.BSE_IDX,01/07/2025,12:00:44,44030.7,0,0,0,0,0,0
BSE HC.BSE_IDX,01/07/2025,12:00:52,44032.12,0,0,0,0,0,0
BSE HC.BSE_IDX,01/07/2025,12:01:00,44034.19,0,0,0,0,0,0
BSE HC.BSE_IDX,01/07/2025,12:01:08,44038.3,0,0,0,0,0,0
BSE HC.BSE_IDX,01/07/2025,12:01:16,44041.25,0,0,0,0,0,0
BSE HC.BSE_IDX,01/07/2025,12:01:24,44042.51,0,0,0,0,0,0
BSE HC.BSE_IDX,01/07/2025,12:01:32,44042.77,0,0,0,0,0,0
BSE HC.BSE_IDX,01/07/2025,12:01:40,44046.35,0,0,0,0,0,0
BSE HC.BSE_IDX,01/07/2025,12:01:48,44046.54,0,0,0,0,0,0
BSE HC.BSE_IDX,01/07/2025,12:01:57,44050.27,0,0,0,0,0,0
BSE HC.BSE_IDX,01/07/2025,12:02:04,44051.31,0,0,0,0,0,0
BSE HC.BSE_IDX,01/07/2025,12:02:12,44052.47,0,0,0,0,0,0
BSE HC.BSE_IDX,01/07/2025,12:02:20,44054.42,0,0,0,0,0,0
BSE HC.BSE_IDX,01/07/2025,12:02:28,44054.35,0,0,0,0,0,0
BSE HC.BSE_IDX,01/07/2025,12:02:36,44050.97,0,0,0,0,0,0
BSE HC.BSE_IDX,01/07/2025,12:02:44,44049.5,0,0,0,0,0,0
BSE HC.BSE_IDX,01/07/2025,12:02:52,44050.2,0,0,0,0,0,0
BSE HC.BSE_IDX,01/07/2025,12:03:00,44050.62,0,0,0,0,0,0
BSE HC.BSE_IDX,01/07/2025,12:03:08,44047.06,0,0,0,0,0,0
BSE HC.BSE_IDX,01/07/2025,12:03:17,44055.33,0,0,0,0,0,0
BSE HC.BSE_IDX,01/07/2025,12:03:24,44050.72,0,0,0,0,0,0
BSE HC.BSE_IDX,01/07/2025,12:03:32,44050.83,0,0,0,0,0,0
BSE HC.BSE_IDX,01/07/2025,12:03:40,44048.48,0,0,0,0,0,0
BSE HC.BSE_IDX,01/07/2025,12:03:48,44048.92,0,0,0,0,0,0
BSE HC.BSE_IDX,01/07/2025,12:03:56,44047.29,0,0,0,0,0,0
BSE HC.BSE_IDX,01/07/2025,12:04:04,44044.83,0,0,0,0,0,0
BSE HC.BSE_IDX,01/07/2025,12:04:12,44043.78,0,0,0,0,0,0
BSE HC.BSE_IDX,01/07/2025,12:04:20,44041.33,0,0,0,0,0,0
BSE HC.BSE_IDX,01/07/2025,12:04:28,44042.5,0,0,0,0,0,0
BSE HC.BSE_IDX,01/07/2025,12:04:36,44043.36,0,0,0,0,0,0
BSE HC.BSE_IDX,01/07/2025,12:04:44,44042.71,0,0,0,0,0,0
BSE HC.BSE_IDX,01/07/2025,12:04:52,44043.5,0,0,0,0,0,0
BSE HC.BSE_IDX,01/07/2025,12:05:01,44042.85,0,0,0,0,0,0
BSE HC.BSE_IDX,01/07/2025,12:05:08,44042.79,0,0,0,0,0,0
BSE HC.BSE_IDX,01/07/2025,12:05:16,44041.2,0,0,0,0,0,0
BSE HC.BSE_IDX,01/07/2025,12:05:24,44036.01,0,0,0,0,0,0
BSE HC.BSE_IDX,01/07/2025,12:05:32,44034.59,0,0,0,0,0,0
BSE HC.BSE_IDX,01/07/2025,12:05:40,44040.95,0,0,0,0,0,0
BSE HC.BSE_IDX,01/07/2025,12:05:48,44041.28,0,0,0,0,0,0
BSE HC.BSE_IDX,01/07/2025,12:05:56,44040.14,0,0,0,0,0,0
BSE HC.BSE_IDX,01/07/2025,12:06:04,44041.17,0,0,0,0,0,0
BSE HC.BSE_IDX,01/07/2025,12:06:12,44043.66,0,0,0,0,0,0
BSE HC.BSE_IDX,01/07/2025,12:06:20,44044.88,0,0,0,0,0,0
BSE HC.BSE_IDX,01/07/2025,12:06:28,44041.16,0,0,0,0,0,0
BSE HC.BSE_IDX,01/07/2025,12:06:36,44042.4,0,0,0,0,0,0
BSE HC.BSE_IDX,01/07/2025,12:06:44,44042.25,0,0,0,0,0,0
BSE HC.BSE_IDX,01/07/2025,12:06:53,44039.57,0,0,0,0,0,0
BSE HC.BSE_IDX,01/07/2025,12:07:00,44039.91,0,0,0,0,0,0
BSE HC.BSE_IDX,01/07/2025,12:07:08,44037.11,0,0,0,0,0,0
BSE HC.BSE_IDX,01/07/2025,12:07:16,44036.2,0,0,0,0,0,0
BSE HC.BSE_IDX,01/07/2025,12:07:24,44035.09,0,0,0,0,0,0
BSE HC.BSE_IDX,01/07/2025,12:07:32,44032.44,0,0,0,0,0,0
BSE HC.BSE_IDX,01/07/2025,12:07:40,44032.39,0,0,0,0,0,0
BSE HC.BSE_IDX,01/07/2025,12:07:48,44033.42,0,0,0,0,0,0
BSE HC.BSE_IDX,01/07/2025,12:07:56,44028.95,0,0,0,0,0,0
BSE HC.BSE_IDX,01/07/2025,12:08:04,44028.84,0,0,0,0,0,0
BSE HC.BSE_IDX,01/07/2025,12:08:12,44029.27,0,0,0,0,0,0
BSE HC.BSE_IDX,01/07/2025,12:08:20,44029.65,0,0,0,0,0,0
BSE HC.BSE_IDX,01/07/2025,12:08:28,44030.35,0,0,0,0,0,0
BSE HC.BSE_IDX,01/07/2025,12:08:36,44025.7,0,0,0,0,0,0
BSE HC.BSE_IDX,01/07/2025,12:08:44,44021.91,0,0,0,0,0,0
BSE HC.BSE_IDX,01/07/2025,12:08:52,44019.96,0,0,0,0,0,0
BSE HC.BSE_IDX,01/07/2025,12:09:00,44020.19,0,0,0,0,0,0
BSE HC.BSE_IDX,01/07/2025,12:09:08,44020.97,0,0,0,0,0,0
BSE HC.BSE_IDX,01/07/2025,12:09:16,44019.47,0,0,0,0,0,0
BSE HC.BSE_IDX,01/07/2025,12:09:25,44020.04,0,0,0,0,0,0
BSE HC.BSE_IDX,01/07/2025,12:09:32,44019.64,0,0,0,0,0,0
BSE HC.BSE_IDX,01/07/2025,12:09:40,44019.42,0,0,0,0,0,0
BSE HC.BSE_IDX,01/07/2025,12:09:48,44019.85,0,0,0,0,0,0
BSE HC.BSE_IDX,01/07/2025,12:09:57,44021.33,0,0,0,0,0,0
BSE HC.BSE_IDX,01/07/2025,12:10:05,44021.01,0,0,0,0,0,0
BSE HC.BSE_IDX,01/07/2025,12:10:13,44019.56,0,0,0,0,0,0
BSE HC.BSE_IDX,01/07/2025,12:10:22,44019.49,0,0,0,0,0,0
BSE HC.BSE_IDX,01/07/2025,12:10:28,44018.96,0,0,0,0,0,0
BSE HC.BSE_IDX,01/07/2025,12:10:36,44022.1,0,0,0,0,0,0
BSE HC.BSE_IDX,01/07/2025,12:10:45,44023.62,0,0,0,0,0,0
BSE HC.BSE_IDX,01/07/2025,12:10:52,44022.53,0,0,0,0,0,0
BSE HC.BSE_IDX,01/07/2025,12:11:00,44026.27,0,0,0,0,0,0
BSE HC.BSE_IDX,01/07/2025,12:11:08,44029.09,0,0,0,0,0,0
BSE HC.BSE_IDX,01/07/2025,12:11:17,44029.07,0,0,0,0,0,0
BSE HC.BSE_IDX,01/07/2025,12:11:24,44030.12,0,0,0,0,0,0
BSE HC.BSE_IDX,01/07/2025,12:11:32,44032.77,0,0,0,0,0,0
BSE HC.BSE_IDX,01/07/2025,12:11:40,44033.02,0,0,0,0,0,0
BSE HC.BSE_IDX,01/07/2025,12:11:49,44030.03,0,0,0,0,0,0
BSE HC.BSE_IDX,01/07/2025,12:11:57,44029.88,0,0,0,0,0,0
BSE HC.BSE_IDX,01/07/2025,12:12:05,44037.42,0,0,0,0,0,0
BSE HC.BSE_IDX,01/07/2025,12:12:13,44038.55,0,0,0,0,0,0
BSE HC.BSE_IDX,01/07/2025,12:12:21,44040.01,0,0,0,0,0,0
BSE HC.BSE_IDX,01/07/2025,12:12:29,44040.49,0,0,0,0,0,0
BSE HC.BSE_IDX,01/07/2025,12:12:37,44044.04,0,0,0,0,0,0
BSE HC.BSE_IDX,01/07/2025,12:12:45,44046.12,0,0,0,0,0,0
BSE HC.BSE_IDX,01/07/2025,12:12:53,44050.62,0,0,0,0,0,0
BSE HC.BSE_IDX,01/07/2025,12:13:01,44051.04,0,0,0,0,0,0
BSE HC.BSE_IDX,01/07/2025,12:13:09,44053.96,0,0,0,0,0,0
BSE HC.BSE_IDX,01/07/2025,12:13:17,44054.74,0,0,0,0,0,0
BSE HC.BSE_IDX,01/07/2025,12:13:25,44056.78,0,0,0,0,0,0
BSE HC.BSE_IDX,01/07/2025,12:13:33,44057.95,0,0,0,0,0,0
BSE HC.BSE_IDX,01/07/2025,12:13:41,44058.21,0,0,0,0,0,0
BSE HC.BSE_IDX,01/07/2025,12:13:49,44058.2,0,0,0,0,0,0
BSE HC.BSE_IDX,01/07/2025,12:13:57,44057.93,0,0,0,0,0,0
BSE HC.BSE_IDX,01/07/2025,12:14:05,44055.42,0,0,0,0,0,0
BSE HC.BSE_IDX,01/07/2025,12:14:13,44054.76,0,0,0,0,0,0
BSE HC.BSE_IDX,01/07/2025,12:14:21,44053.44,0,0,0,0,0,0
BSE HC.BSE_IDX,01/07/2025,12:14:29,44055.28,0,0,0,0,0,0
BSE HC.BSE_IDX,01/07/2025,12:14:37,44055.54,0,0,0,0,0,0
BSE HC.BSE_IDX,01/07/2025,12:14:46,44054.98,0,0,0,0,0,0
BSE HC.BSE_IDX,01/07/2025,12:14:54,44054.53,0,0,0,0,0,0
BSE HC.BSE_IDX,01/07/2025,12:15:01,44054.52,0,0,0,0,0,0
BSE HC.BSE_IDX,01/07/2025,12:15:09,44055.81,0,0,0,0,0,0
BSE HC.BSE_IDX,01/07/2025,12:15:17,44054.81,0,0,0,0,0,0
BSE HC.BSE_IDX,01/07/2025,12:15:25,44055.28,0,0,0,0,0,0
BSE HC.BSE_IDX,01/07/2025,12:15:33,44058.02,0,0,0,0,0,0
BSE HC.BSE_IDX,01/07/2025,12:15:41,44057.52,0,0,0,0,0,0
BSE HC.BSE_IDX,01/07/2025,12:15:49,44059.36,0,0,0,0,0,0
BSE HC.BSE_IDX,01/07/2025,12:15:57,44060.5,0,0,0,0,0,0
BSE HC.BSE_IDX,01/07/2025,12:16:05,44060.93,0,0,0,0,0,0
BSE HC.BSE_IDX,01/07/2025,12:16:13,44061.72,0,0,0,0,0,0
BSE HC.BSE_IDX,01/07/2025,12:16:21,44062.82,0,0,0,0,0,0
BSE HC.BSE_IDX,01/07/2025,12:16:29,44065.45,0,0,0,0,0,0
BSE HC.BSE_IDX,01/07/2025,12:16:37,44066.25,0,0,0,0,0,0
BSE HC.BSE_IDX,01/07/2025,12:16:45,44062.77,0,0,0,0,0,0
BSE HC.BSE_IDX,01/07/2025,12:16:53,44063.52,0,0,0,0,0,0
BSE HC.BSE_IDX,01/07/2025,12:17:01,44062.71,0,0,0,0,0,0
BSE HC.BSE_IDX,01/07/2025,12:17:09,44059.82,0,0,0,0,0,0
BSE HC.BSE_IDX,01/07/2025,12:17:17,44061.6,0,0,0,0,0,0
BSE HC.BSE_IDX,01/07/2025,12:17:25,44060.76,0,0,0,0,0,0
BSE HC.BSE_IDX,01/07/2025,12:17:33,44061,0,0,0,0,0,0
BSE HC.BSE_IDX,01/07/2025,12:17:41,44060.3,0,0,0,0,0,0
BSE HC.BSE_IDX,01/07/2025,12:17:49,44060.92,0,0,0,0,0,0
BSE HC.BSE_IDX,01/07/2025,12:17:57,44059.15,0,0,0,0,0,0
BSE HC.BSE_IDX,01/07/2025,12:18:05,44065.34,0,0,0,0,0,0
BSE HC.BSE_IDX,01/07/2025,12:18:13,44065.24,0,0,0,0,0,0
BSE HC.BSE_IDX,01/07/2025,12:18:21,44066.48,0,0,0,0,0,0
BSE HC.BSE_IDX,01/07/2025,12:18:29,44067.5,0,0,0,0,0,0
BSE HC.BSE_IDX,01/07/2025,12:18:37,44065.37,0,0,0,0,0,0
BSE HC.BSE_IDX,01/07/2025,12:18:45,44066.92,0,0,0,0,0,0
BSE HC.BSE_IDX,01/07/2025,12:18:53,44066.91,0,0,0,0,0,0
BSE HC.BSE_IDX,01/07/2025,12:19:01,44069.1,0,0,0,0,0,0
BSE HC.BSE_IDX,01/07/2025,12:19:09,44069.65,0,0,0,0,0,0
BSE HC.BSE_IDX,01/07/2025,12:19:17,44069,0,0,0,0,0,0
BSE HC.BSE_IDX,01/07/2025,12:19:25,44068.67,0,0,0,0,0,0
BSE HC.BSE_IDX,01/07/2025,12:19:33,44068.59,0,0,0,0,0,0
BSE HC.BSE_IDX,01/07/2025,12:19:41,44070.07,0,0,0,0,0,0
BSE HC.BSE_IDX,01/07/2025,12:19:49,44069.26,0,0,0,0,0,0
BSE HC.BSE_IDX,01/07/2025,12:19:57,44069.55,0,0,0,0,0,0
BSE HC.BSE_IDX,01/07/2025,12:20:05,44070.91,0,0,0,0,0,0
BSE HC.BSE_IDX,01/07/2025,12:20:13,44071.97,0,0,0,0,0,0
BSE HC.BSE_IDX,01/07/2025,12:20:21,44071.55,0,0,0,0,0,0
BSE HC.BSE_IDX,01/07/2025,12:20:29,44074.59,0,0,0,0,0,0
BSE HC.BSE_IDX,01/07/2025,12:20:37,44083.36,0,0,0,0,0,0
BSE HC.BSE_IDX,01/07/2025,12:20:45,44085.3,0,0,0,0,0,0
BSE HC.BSE_IDX,01/07/2025,12:20:53,44086.39,0,0,0,0,0,0
BSE HC.BSE_IDX,01/07/2025,12:21:01,44084.66,0,0,0,0,0,0
BSE HC.BSE_IDX,01/07/2025,12:21:09,44082.11,0,0,0,0,0,0
BSE HC.BSE_IDX,01/07/2025,12:21:17,44082.02,0,0,0,0,0,0
BSE HC.BSE_IDX,01/07/2025,12:21:25,44079.95,0,0,0,0,0,0
BSE HC.BSE_IDX,01/07/2025,12:21:33,44080.54,0,0,0,0,0,0
BSE HC.BSE_IDX,01/07/2025,12:21:41,44081.7,0,0,0,0,0,0
BSE HC.BSE_IDX,01/07/2025,12:21:49,44080.06,0,0,0,0,0,0
BSE HC.BSE_IDX,01/07/2025,12:21:57,44080.62,0,0,0,0,0,0
BSE HC.BSE_IDX,01/07/2025,12:22:05,44082.09,0,0,0,0,0,0
BSE HC.BSE_IDX,01/07/2025,12:22:13,44082.86,0,0,0,0,0,0
BSE HC.BSE_IDX,01/07/2025,12:22:21,44082.34,0,0,0,0,0,0
BSE HC.BSE_IDX,01/07/2025,12:22:29,44082.37,0,0,0,0,0,0
BSE HC.BSE_IDX,01/07/2025,12:22:37,44083.94,0,0,0,0,0,0
BSE HC.BSE_IDX,01/07/2025,12:22:45,44079.73,0,0,0,0,0,0
BSE HC.BSE_IDX,01/07/2025,12:22:53,44079.6,0,0,0,0,0,0
BSE HC.BSE_IDX,01/07/2025,12:23:02,44080.04,0,0,0,0,0,0
BSE HC.BSE_IDX,01/07/2025,12:23:09,44080.36,0,0,0,0,0,0
BSE HC.BSE_IDX,01/07/2025,12:23:17,44077.16,0,0,0,0,0,0
BSE HC.BSE_IDX,01/07/2025,12:23:25,44077.93,0,0,0,0,0,0
BSE HC.BSE_IDX,01/07/2025,12:23:33,44080.95,0,0,0,0,0,0
BSE HC.BSE_IDX,01/07/2025,12:23:41,44082.01,0,0,0,0,0,0
BSE HC.BSE_IDX,01/07/2025,12:23:49,44081.98,0,0,0,0,0,0
BSE HC.BSE_IDX,01/07/2025,12:23:57,44086.17,0,0,0,0,0,0
BSE HC.BSE_IDX,01/07/2025,12:24:05,44086.72,0,0,0,0,0,0
BSE HC.BSE_IDX,01/07/2025,12:24:13,44089.16,0,0,0,0,0,0
BSE HC.BSE_IDX,01/07/2025,12:24:21,44089.2,0,0,0,0,0,0
BSE HC.BSE_IDX,01/07/2025,12:24:29,44088.15,0,0,0,0,0,0
BSE HC.BSE_IDX,01/07/2025,12:24:37,44087.92,0,0,0,0,0,0
BSE HC.BSE_IDX,01/07/2025,12:24:45,44089.58,0,0,0,0,0,0
BSE HC.BSE_IDX,01/07/2025,12:24:53,44091.73,0,0,0,0,0,0
BSE HC.BSE_IDX,01/07/2025,12:25:01,44090.64,0,0,0,0,0,0
BSE HC.BSE_IDX,01/07/2025,12:25:09,44092.73,0,0,0,0,0,0
BSE HC.BSE_IDX,01/07/2025,12:25:17,44092.94,0,0,0,0,0,0
BSE HC.BSE_IDX,01/07/2025,12:25:25,44090.51,0,0,0,0,0,0
BSE HC.BSE_IDX,01/07/2025,12:25:33,44093.13,0,0,0,0,0,0
BSE HC.BSE_IDX,01/07/2025,12:25:41,44096.19,0,0,0,0,0,0
BSE HC.BSE_IDX,01/07/2025,12:25:49,44096.49,0,0,0,0,0,0
BSE HC.BSE_IDX,01/07/2025,12:25:57,44096.59,0,0,0,0,0,0
BSE HC.BSE_IDX,01/07/2025,12:26:05,44095.77,0,0,0,0,0,0
BSE HC.BSE_IDX,01/07/2025,12:26:13,44091.98,0,0,0,0,0,0
BSE HC.BSE_IDX,01/07/2025,12:26:21,44093.62,0,0,0,0,0,0
BSE HC.BSE_IDX,01/07/2025,12:26:31,44092.9,0,0,0,0,0,0
BSE HC.BSE_IDX,01/07/2025,12:26:37,44091.45,0,0,0,0,0,0
BSE HC.BSE_IDX,01/07/2025,12:26:45,44094.28,0,0,0,0,0,0
BSE HC.BSE_IDX,01/07/2025,12:26:53,44092.89,0,0,0,0,0,0
BSE HC.BSE_IDX,01/07/2025,12:27:01,44093.65,0,0,0,0,0,0
BSE HC.BSE_IDX,01/07/2025,12:27:09,44088.91,0,0,0,0,0,0
BSE HC.BSE_IDX,01/07/2025,12:27:17,44090.53,0,0,0,0,0,0
BSE HC.BSE_IDX,01/07/2025,12:27:25,44091.82,0,0,0,0,0,0
BSE HC.BSE_IDX,01/07/2025,12:27:33,44089.31,0,0,0,0,0,0
BSE HC.BSE_IDX,01/07/2025,12:27:41,44088.73,0,0,0,0,0,0
BSE HC.BSE_IDX,01/07/2025,12:27:49,44088.35,0,0,0,0,0,0
BSE HC.BSE_IDX,01/07/2025,12:27:57,44089.61,0,0,0,0,0,0
BSE HC.BSE_IDX,01/07/2025,12:28:05,44086.91,0,0,0,0,0,0
BSE HC.BSE_IDX,01/07/2025,12:28:13,44085.57,0,0,0,0,0,0
BSE HC.BSE_IDX,01/07/2025,12:28:21,44081.7,0,0,0,0,0,0
BSE HC.BSE_IDX,01/07/2025,12:28:29,44082.5,0,0,0,0,0,0
BSE HC.BSE_IDX,01/07/2025,12:28:37,44084.08,0,0,0,0,0,0
BSE HC.BSE_IDX,01/07/2025,12:28:45,44079.52,0,0,0,0,0,0
BSE HC.BSE_IDX,01/07/2025,12:28:53,44080.33,0,0,0,0,0,0
BSE HC.BSE_IDX,01/07/2025,12:29:01,44080.14,0,0,0,0,0,0
BSE HC.BSE_IDX,01/07/2025,12:29:10,44080.01,0,0,0,0,0,0
BSE HC.BSE_IDX,01/07/2025,12:29:18,44077.68,0,0,0,0,0,0
BSE HC.BSE_IDX,01/07/2025,12:29:25,44079.94,0,0,0,0,0,0
BSE HC.BSE_IDX,01/07/2025,12:29:33,44076.93,0,0,0,0,0,0
BSE HC.BSE_IDX,01/07/2025,12:29:41,44074.44,0,0,0,0,0,0
BSE HC.BSE_IDX,01/07/2025,12:29:49,44073.96,0,0,0,0,0,0
BSE HC.BSE_IDX,01/07/2025,12:29:57,44072.92,0,0,0,0,0,0
BSE HC.BSE_IDX,01/07/2025,12:30:05,44074.52,0,0,0,0,0,0
BSE HC.BSE_IDX,01/07/2025,12:30:13,44080.26,0,0,0,0,0,0
BSE HC.BSE_IDX,01/07/2025,12:30:22,44078.81,0,0,0,0,0,0
BSE HC.BSE_IDX,01/07/2025,12:30:29,44079.7,0,0,0,0,0,0
BSE HC.BSE_IDX,01/07/2025,12:30:37,44081.23,0,0,0,0,0,0
BSE HC.BSE_IDX,01/07/2025,12:30:45,44076.72,0,0,0,0,0,0
BSE HC.BSE_IDX,01/07/2025,12:30:53,44074.92,0,0,0,0,0,0
BSE HC.BSE_IDX,01/07/2025,12:31:01,44074.36,0,0,0,0,0,0
BSE HC.BSE_IDX,01/07/2025,12:31:09,44068.81,0,0,0,0,0,0
BSE HC.BSE_IDX,01/07/2025,12:31:17,44068.58,0,0,0,0,0,0
BSE HC.BSE_IDX,01/07/2025,12:31:25,44068.26,0,0,0,0,0,0
BSE HC.BSE_IDX,01/07/2025,12:31:34,44063.53,0,0,0,0,0,0
BSE HC.BSE_IDX,01/07/2025,12:31:41,44060.18,0,0,0,0,0,0
BSE HC.BSE_IDX,01/07/2025,12:31:49,44059.61,0,0,0,0,0,0
BSE HC.BSE_IDX,01/07/2025,12:31:57,44057.75,0,0,0,0,0,0
BSE HC.BSE_IDX,01/07/2025,12:32:05,44058.93,0,0,0,0,0,0
BSE HC.BSE_IDX,01/07/2025,12:32:13,44059.3,0,0,0,0,0,0
BSE HC.BSE_IDX,01/07/2025,12:32:21,44059.61,0,0,0,0,0,0
BSE HC.BSE_IDX,01/07/2025,12:32:29,44060.22,0,0,0,0,0,0
BSE HC.BSE_IDX,01/07/2025,12:32:37,44059.36,0,0,0,0,0,0
BSE HC.BSE_IDX,01/07/2025,12:32:45,44058.67,0,0,0,0,0,0
BSE HC.BSE_IDX,01/07/2025,12:32:53,44059.41,0,0,0,0,0,0
BSE HC.BSE_IDX,01/07/2025,12:33:01,44061.14,0,0,0,0,0,0
BSE HC.BSE_IDX,01/07/2025,12:33:09,44059.2,0,0,0,0,0,0
BSE HC.BSE_IDX,01/07/2025,12:33:17,44058.38,0,0,0,0,0,0
BSE HC.BSE_IDX,01/07/2025,12:33:26,44059.09,0,0,0,0,0,0
BSE HC.BSE_IDX,01/07/2025,12:33:33,44060.55,0,0,0,0,0,0
BSE HC.BSE_IDX,01/07/2025,12:33:41,44060.48,0,0,0,0,0,0
BSE HC.BSE_IDX,01/07/2025,12:33:49,44059.92,0,0,0,0,0,0
BSE HC.BSE_IDX,01/07/2025,12:33:57,44058.16,0,0,0,0,0,0
BSE HC.BSE_IDX,01/07/2025,12:34:05,44057.04,0,0,0,0,0,0
BSE HC.BSE_IDX,01/07/2025,12:34:13,44052.01,0,0,0,0,0,0
BSE HC.BSE_IDX,01/07/2025,12:34:21,44051.9,0,0,0,0,0,0
BSE HC.BSE_IDX,01/07/2025,12:34:29,44059.02,0,0,0,0,0,0
BSE HC.BSE_IDX,01/07/2025,12:34:37,44059.1,0,0,0,0,0,0
BSE HC.BSE_IDX,01/07/2025,12:34:45,44056.38,0,0,0,0,0,0
BSE HC.BSE_IDX,01/07/2025,12:34:53,44058.59,0,0,0,0,0,0
BSE HC.BSE_IDX,01/07/2025,12:35:01,44060.93,0,0,0,0,0,0
BSE HC.BSE_IDX,01/07/2025,12:35:09,44064.41,0,0,0,0,0,0
BSE HC.BSE_IDX,01/07/2025,12:35:17,44063.82,0,0,0,0,0,0
BSE HC.BSE_IDX,01/07/2025,12:35:25,44064.97,0,0,0,0,0,0
BSE HC.BSE_IDX,01/07/2025,12:35:33,44066.54,0,0,0,0,0,0
BSE HC.BSE_IDX,01/07/2025,12:35:41,44065.71,0,0,0,0,0,0
BSE HC.BSE_IDX,01/07/2025,12:35:49,44068.11,0,0,0,0,0,0
BSE HC.BSE_IDX,01/07/2025,12:35:57,44065.63,0,0,0,0,0,0
BSE HC.BSE_IDX,01/07/2025,12:36:05,44069.27,0,0,0,0,0,0
BSE HC.BSE_IDX,01/07/2025,12:36:13,44068.65,0,0,0,0,0,0
BSE HC.BSE_IDX,01/07/2025,12:36:21,44064.08,0,0,0,0,0,0
BSE HC.BSE_IDX,01/07/2025,12:36:29,44066,0,0,0,0,0,0
BSE HC.BSE_IDX,01/07/2025,12:36:37,44066.73,0,0,0,0,0,0
BSE HC.BSE_IDX,01/07/2025,12:36:45,44069.15,0,0,0,0,0,0
BSE HC.BSE_IDX,01/07/2025,12:36:53,44069.96,0,0,0,0,0,0
BSE HC.BSE_IDX,01/07/2025,12:37:01,44070.83,0,0,0,0,0,0
BSE HC.BSE_IDX,01/07/2025,12:37:09,44069.69,0,0,0,0,0,0
BSE HC.BSE_IDX,01/07/2025,12:37:17,44069.73,0,0,0,0,0,0
BSE HC.BSE_IDX,01/07/2025,12:37:25,44068.21,0,0,0,0,0,0
BSE HC.BSE_IDX,01/07/2025,12:37:33,44067,0,0,0,0,0,0
BSE HC.BSE_IDX,01/07/2025,12:37:41,44056.25,0,0,0,0,0,0
BSE HC.BSE_IDX,01/07/2025,12:37:49,44054.63,0,0,0,0,0,0
BSE HC.BSE_IDX,01/07/2025,12:37:57,44048.16,0,0,0,0,0,0
BSE HC.BSE_IDX,01/07/2025,12:38:05,44045.8,0,0,0,0,0,0
BSE HC.BSE_IDX,01/07/2025,12:38:13,44044.27,0,0,0,0,0,0
BSE HC.BSE_IDX,01/07/2025,12:38:22,44044.51,0,0,0,0,0,0
BSE HC.BSE_IDX,01/07/2025,12:38:29,44045.49,0,0,0,0,0,0
BSE HC.BSE_IDX,01/07/2025,12:38:39,44046.34,0,0,0,0,0,0
BSE HC.BSE_IDX,01/07/2025,12:38:45,44048.44,0,0,0,0,0,0
BSE HC.BSE_IDX,01/07/2025,12:38:53,44050.01,0,0,0,0,0,0
BSE HC.BSE_IDX,01/07/2025,12:39:01,44048.08,0,0,0,0,0,0
BSE HC.BSE_IDX,01/07/2025,12:39:10,44048.09,0,0,0,0,0,0
BSE HC.BSE_IDX,01/07/2025,12:39:17,44048.01,0,0,0,0,0,0
BSE HC.BSE_IDX,01/07/2025,12:39:25,44046.55,0,0,0,0,0,0
BSE HC.BSE_IDX,01/07/2025,12:39:34,44047.45,0,0,0,0,0,0
BSE HC.BSE_IDX,01/07/2025,12:39:42,44047.22,0,0,0,0,0,0
BSE HC.BSE_IDX,01/07/2025,12:39:49,44046.77,0,0,0,0,0,0
BSE HC.BSE_IDX,01/07/2025,12:39:57,44045.97,0,0,0,0,0,0
BSE HC.BSE_IDX,01/07/2025,12:40:05,44048.6,0,0,0,0,0,0
BSE HC.BSE_IDX,01/07/2025,12:40:14,44049.02,0,0,0,0,0,0
BSE HC.BSE_IDX,01/07/2025,12:40:21,44050.02,0,0,0,0,0,0
BSE HC.BSE_IDX,01/07/2025,12:40:29,44050.13,0,0,0,0,0,0
BSE HC.BSE_IDX,01/07/2025,12:40:37,44049.61,0,0,0,0,0,0
BSE HC.BSE_IDX,01/07/2025,12:40:45,44047.47,0,0,0,0,0,0
BSE HC.BSE_IDX,01/07/2025,12:40:54,44043.11,0,0,0,0,0,0
BSE HC.BSE_IDX,01/07/2025,12:41:01,44040.64,0,0,0,0,0,0
BSE HC.BSE_IDX,01/07/2025,12:41:09,44040.44,0,0,0,0,0,0
BSE HC.BSE_IDX,01/07/2025,12:41:17,44041.74,0,0,0,0,0,0
BSE HC.BSE_IDX,01/07/2025,12:41:25,44044.3,0,0,0,0,0,0
BSE HC.BSE_IDX,01/07/2025,12:41:33,44048.43,0,0,0,0,0,0
BSE HC.BSE_IDX,01/07/2025,12:41:41,44047.9,0,0,0,0,0,0
BSE HC.BSE_IDX,01/07/2025,12:41:49,44049.26,0,0,0,0,0,0
BSE HC.BSE_IDX,01/07/2025,12:41:57,44050.78,0,0,0,0,0,0
BSE HC.BSE_IDX,01/07/2025,12:42:05,44050.8,0,0,0,0,0,0
BSE HC.BSE_IDX,01/07/2025,12:42:13,44052.76,0,0,0,0,0,0
BSE HC.BSE_IDX,01/07/2025,12:42:21,44053.38,0,0,0,0,0,0
BSE HC.BSE_IDX,01/07/2025,12:42:29,44053.12,0,0,0,0,0,0
BSE HC.BSE_IDX,01/07/2025,12:42:37,44053.3,0,0,0,0,0,0
BSE HC.BSE_IDX,01/07/2025,12:42:45,44050.86,0,0,0,0,0,0
BSE HC.BSE_IDX,01/07/2025,12:42:53,44050,0,0,0,0,0,0
BSE HC.BSE_IDX,01/07/2025,12:43:01,44047.95,0,0,0,0,0,0
BSE HC.BSE_IDX,01/07/2025,12:43:10,44046.16,0,0,0,0,0,0
BSE HC.BSE_IDX,01/07/2025,12:43:17,44046.38,0,0,0,0,0,0
BSE HC.BSE_IDX,01/07/2025,12:43:26,44048.44,0,0,0,0,0,0
BSE HC.BSE_IDX,01/07/2025,12:43:33,44054.49,0,0,0,0,0,0
BSE HC.BSE_IDX,01/07/2025,12:43:41,44050.65,0,0,0,0,0,0
BSE HC.BSE_IDX,01/07/2025,12:43:49,44051.13,0,0,0,0,0,0
BSE HC.BSE_IDX,01/07/2025,12:43:58,44050.94,0,0,0,0,0,0
BSE HC.BSE_IDX,01/07/2025,12:44:05,44050.51,0,0,0,0,0,0
BSE HC.BSE_IDX,01/07/2025,12:44:14,44046.97,0,0,0,0,0,0
BSE HC.BSE_IDX,01/07/2025,12:44:21,44046.06,0,0,0,0,0,0
BSE HC.BSE_IDX,01/07/2025,12:44:29,44043.42,0,0,0,0,0,0
BSE HC.BSE_IDX,01/07/2025,12:44:38,44042.67,0,0,0,0,0,0
BSE HC.BSE_IDX,01/07/2025,12:44:45,44041.69,0,0,0,0,0,0
BSE HC.BSE_IDX,01/07/2025,12:44:53,44041.58,0,0,0,0,0,0
BSE HC.BSE_IDX,01/07/2025,12:45:01,44043.5,0,0,0,0,0,0
BSE HC.BSE_IDX,01/07/2025,12:45:11,44044.99,0,0,0,0,0,0
BSE HC.BSE_IDX,01/07/2025,12:45:17,44042.97,0,0,0,0,0,0
BSE HC.BSE_IDX,01/07/2025,12:45:25,44043.68,0,0,0,0,0,0
BSE HC.BSE_IDX,01/07/2025,12:45:34,44041.43,0,0,0,0,0,0
BSE HC.BSE_IDX,01/07/2025,12:45:42,44039.64,0,0,0,0,0,0
BSE HC.BSE_IDX,01/07/2025,12:45:50,44040.9,0,0,0,0,0,0
BSE HC.BSE_IDX,01/07/2025,12:45:58,44042.49,0,0,0,0,0,0
BSE HC.BSE_IDX,01/07/2025,12:46:06,44042.37,0,0,0,0,0,0
BSE HC.BSE_IDX,01/07/2025,12:46:14,44042.03,0,0,0,0,0,0
BSE HC.BSE_IDX,01/07/2025,12:46:22,44036.06,0,0,0,0,0,0
BSE HC.BSE_IDX,01/07/2025,12:46:30,44035.27,0,0,0,0,0,0
BSE HC.BSE_IDX,01/07/2025,12:46:38,44037.7,0,0,0,0,0,0
BSE HC.BSE_IDX,01/07/2025,12:46:46,44036.46,0,0,0,0,0,0
BSE HC.BSE_IDX,01/07/2025,12:46:54,44034.81,0,0,0,0,0,0
BSE HC.BSE_IDX,01/07/2025,12:47:02,44035.39,0,0,0,0,0,0
BSE HC.BSE_IDX,01/07/2025,12:47:10,44032.89,0,0,0,0,0,0
BSE HC.BSE_IDX,01/07/2025,12:47:18,44032.61,0,0,0,0,0,0
BSE HC.BSE_IDX,01/07/2025,12:47:26,44035.57,0,0,0,0,0,0
BSE HC.BSE_IDX,01/07/2025,12:47:34,44036.47,0,0,0,0,0,0
BSE HC.BSE_IDX,01/07/2025,12:47:42,44036.42,0,0,0,0,0,0
BSE HC.BSE_IDX,01/07/2025,12:47:50,44039.18,0,0,0,0,0,0
BSE HC.BSE_IDX,01/07/2025,12:47:58,44035.26,0,0,0,0,0,0
BSE HC.BSE_IDX,01/07/2025,12:48:06,44033.77,0,0,0,0,0,0
BSE HC.BSE_IDX,01/07/2025,12:48:14,44032.45,0,0,0,0,0,0
BSE HC.BSE_IDX,01/07/2025,12:48:22,44031.68,0,0,0,0,0,0
BSE HC.BSE_IDX,01/07/2025,12:48:30,44030.71,0,0,0,0,0,0
BSE HC.BSE_IDX,01/07/2025,12:48:38,44031.39,0,0,0,0,0,0
BSE HC.BSE_IDX,01/07/2025,12:48:46,44026.74,0,0,0,0,0,0
BSE HC.BSE_IDX,01/07/2025,12:48:54,44027.15,0,0,0,0,0,0
BSE HC.BSE_IDX,01/07/2025,12:49:02,44030.7,0,0,0,0,0,0
BSE HC.BSE_IDX,01/07/2025,12:49:10,44030.88,0,0,0,0,0,0
BSE HC.BSE_IDX,01/07/2025,12:49:18,44030.78,0,0,0,0,0,0
BSE HC.BSE_IDX,01/07/2025,12:49:26,44030.9,0,0,0,0,0,0
BSE HC.BSE_IDX,01/07/2025,12:49:34,44031.05,0,0,0,0,0,0
BSE HC.BSE_IDX,01/07/2025,12:49:42,44030.98,0,0,0,0,0,0
BSE HC.BSE_IDX,01/07/2025,12:49:50,44029,0,0,0,0,0,0
BSE HC.BSE_IDX,01/07/2025,12:49:58,44028.69,0,0,0,0,0,0
BSE HC.BSE_IDX,01/07/2025,12:50:06,44027.95,0,0,0,0,0,0
BSE HC.BSE_IDX,01/07/2025,12:50:14,44027.45,0,0,0,0,0,0
BSE HC.BSE_IDX,01/07/2025,12:50:22,44030.23,0,0,0,0,0,0
BSE HC.BSE_IDX,01/07/2025,12:50:30,44032.1,0,0,0,0,0,0
BSE HC.BSE_IDX,01/07/2025,12:50:38,44032.32,0,0,0,0,0,0
BSE HC.BSE_IDX,01/07/2025,12:50:47,44035.63,0,0,0,0,0,0
BSE HC.BSE_IDX,01/07/2025,12:50:54,44034.69,0,0,0,0,0,0
BSE HC.BSE_IDX,01/07/2025,12:51:02,44038.32,0,0,0,0,0,0
BSE HC.BSE_IDX,01/07/2025,12:51:10,44038.24,0,0,0,0,0,0
BSE HC.BSE_IDX,01/07/2025,12:51:19,44040,0,0,0,0,0,0
BSE HC.BSE_IDX,01/07/2025,12:51:26,44039.74,0,0,0,0,0,0
BSE HC.BSE_IDX,01/07/2025,12:51:34,44043.62,0,0,0,0,0,0
BSE HC.BSE_IDX,01/07/2025,12:51:42,44042.46,0,0,0,0,0,0
BSE HC.BSE_IDX,01/07/2025,12:51:50,44040.62,0,0,0,0,0,0
BSE HC.BSE_IDX,01/07/2025,12:51:58,44040.46,0,0,0,0,0,0
BSE HC.BSE_IDX,01/07/2025,12:52:06,44042.24,0,0,0,0,0,0
BSE HC.BSE_IDX,01/07/2025,12:52:14,44042.38,0,0,0,0,0,0
BSE HC.BSE_IDX,01/07/2025,12:52:22,44045.08,0,0,0,0,0,0
BSE HC.BSE_IDX,01/07/2025,12:52:30,44044.43,0,0,0,0,0,0
BSE HC.BSE_IDX,01/07/2025,12:52:38,44044.34,0,0,0,0,0,0
BSE HC.BSE_IDX,01/07/2025,12:52:46,44043.22,0,0,0,0,0,0
BSE HC.BSE_IDX,01/07/2025,12:52:54,44042.8,0,0,0,0,0,0
BSE HC.BSE_IDX,01/07/2025,12:53:02,44040.65,0,0,0,0,0,0
BSE HC.BSE_IDX,01/07/2025,12:53:10,44039.44,0,0,0,0,0,0
BSE HC.BSE_IDX,01/07/2025,12:53:18,44039.52,0,0,0,0,0,0
BSE HC.BSE_IDX,01/07/2025,12:53:26,44039.09,0,0,0,0,0,0
BSE HC.BSE_IDX,01/07/2025,12:53:34,44035.22,0,0,0,0,0,0
BSE HC.BSE_IDX,01/07/2025,12:53:42,44036.84,0,0,0,0,0,0
BSE HC.BSE_IDX,01/07/2025,12:53:50,44036.37,0,0,0,0,0,0
BSE HC.BSE_IDX,01/07/2025,12:53:58,44039.02,0,0,0,0,0,0
BSE HC.BSE_IDX,01/07/2025,12:54:06,44033.18,0,0,0,0,0,0
BSE HC.BSE_IDX,01/07/2025,12:54:14,44034.18,0,0,0,0,0,0
