Ticker,Date,Time,LTP,BuyPrice,BuyQty,SellPrice,SellQty,LTQ,OpenInterest
BSE100.BSE_IDX,01/07/2025,09:00:00,26762.83,0,0,0,0,0,0
BSE100.BSE_IDX,01/07/2025,09:00:01,26928.82,0,0,0,0,0,0
BSE100.BSE_IDX,01/07/2025,09:00:02,26954.55,0,0,0,0,0,0
BSE100.BSE_IDX,01/07/2025,09:00:03,27027.01,0,0,0,0,0,0
BSE100.BSE_IDX,01/07/2025,09:00:04,26892.72,0,0,0,0,0,0
BSE100.BSE_IDX,01/07/2025,09:00:05,26889.24,0,0,0,0,0,0
BSE100.BSE_IDX,01/07/2025,09:00:06,26880.79,0,0,0,0,0,0
BSE100.BSE_IDX,01/07/2025,09:00:07,26882.18,0,0,0,0,0,0
BSE100.BSE_IDX,01/07/2025,09:00:08,26897.87,0,0,0,0,0,0
BSE100.BSE_IDX,01/07/2025,09:00:09,26896.86,0,0,0,0,0,0
BSE100.BSE_IDX,01/07/2025,09:00:10,26906.33,0,0,0,0,0,0
BSE100.BSE_IDX,01/07/2025,09:00:11,26898.38,0,0,0,0,0,0
BSE100.BSE_IDX,01/07/2025,09:00:12,26915.61,0,0,0,0,0,0
BSE100.BSE_IDX,01/07/2025,09:00:13,26893.26,0,0,0,0,0,0
BSE100.BSE_IDX,01/07/2025,09:00:14,26878.91,0,0,0,0,0,0
BSE100.BSE_IDX,01/07/2025,09:00:15,26884.48,0,0,0,0,0,0
BSE100.BSE_IDX,01/07/2025,09:00:16,26879.83,0,0,0,0,0,0
BSE100.BSE_IDX,01/07/2025,09:00:17,26871.65,0,0,0,0,0,0
BSE100.BSE_IDX,01/07/2025,09:00:18,26875.47,0,0,0,0,0,0
BSE100.BSE_IDX,01/07/2025,09:00:19,26869.3,0,0,0,0,0,0
BSE100.BSE_IDX,01/07/2025,09:00:20,26871.99,0,0,0,0,0,0
BSE100.BSE_IDX,01/07/2025,09:00:21,26868.15,0,0,0,0,0,0
BSE100.BSE_IDX,01/07/2025,09:00:22,26870.14,0,0,0,0,0,0
BSE100.BSE_IDX,01/07/2025,09:00:23,26874.96,0,0,0,0,0,0
BSE100.BSE_IDX,01/07/2025,09:00:24,26874.96,0,0,0,0,0,0
BSE100.BSE_IDX,01/07/2025,09:00:25,26879.54,0,0,0,0,0,0
BSE100.BSE_IDX,01/07/2025,09:00:26,26877.86,0,0,0,0,0,0
BSE100.BSE_IDX,01/07/2025,09:00:27,26877.9,0,0,0,0,0,0
BSE100.BSE_IDX,01/07/2025,09:00:28,26877.9,0,0,0,0,0,0
BSE100.BSE_IDX,01/07/2025,09:00:29,26882.34,0,0,0,0,0,0
BSE100.BSE_IDX,01/07/2025,09:00:30,26884.13,0,0,0,0,0,0
BSE100.BSE_IDX,01/07/2025,09:00:31,26884.84,0,0,0,0,0,0
BSE100.BSE_IDX,01/07/2025,09:00:32,26884.47,0,0,0,0,0,0
BSE100.BSE_IDX,01/07/2025,09:00:33,26888.43,0,0,0,0,0,0
BSE100.BSE_IDX,01/07/2025,09:00:34,26866.68,0,0,0,0,0,0
BSE100.BSE_IDX,01/07/2025,09:00:35,26859.21,0,0,0,0,0,0
BSE100.BSE_IDX,01/07/2025,09:00:36,26862.38,0,0,0,0,0,0
BSE100.BSE_IDX,01/07/2025,09:00:37,26862.69,0,0,0,0,0,0
BSE100.BSE_IDX,01/07/2025,09:00:38,26860.95,0,0,0,0,0,0
BSE100.BSE_IDX,01/07/2025,09:00:39,26862.33,0,0,0,0,0,0
BSE100.BSE_IDX,01/07/2025,09:00:40,26846.32,0,0,0,0,0,0
BSE100.BSE_IDX,01/07/2025,09:00:41,26846.32,0,0,0,0,0,0
BSE100.BSE_IDX,01/07/2025,09:00:42,26845.14,0,0,0,0,0,0
BSE100.BSE_IDX,01/07/2025,09:00:43,26843.51,0,0,0,0,0,0
BSE100.BSE_IDX,01/07/2025,09:00:44,26842.64,0,0,0,0,0,0
BSE100.BSE_IDX,01/07/2025,09:00:45,26842.64,0,0,0,0,0,0
BSE100.BSE_IDX,01/07/2025,09:00:46,26842.67,0,0,0,0,0,0
BSE100.BSE_IDX,01/07/2025,09:00:47,26840.7,0,0,0,0,0,0
BSE100.BSE_IDX,01/07/2025,09:00:48,26844.27,0,0,0,0,0,0
BSE100.BSE_IDX,01/07/2025,09:00:49,26842.64,0,0,0,0,0,0
BSE100.BSE_IDX,01/07/2025,09:00:50,26843.11,0,0,0,0,0,0
BSE100.BSE_IDX,01/07/2025,09:00:51,26843.11,0,0,0,0,0,0
BSE100.BSE_IDX,01/07/2025,09:00:52,26843.38,0,0,0,0,0,0
BSE100.BSE_IDX,01/07/2025,09:00:53,26843.38,0,0,0,0,0,0
BSE100.BSE_IDX,01/07/2025,09:00:54,26843.38,0,0,0,0,0,0
BSE100.BSE_IDX,01/07/2025,09:00:55,26842.08,0,0,0,0,0,0
BSE100.BSE_IDX,01/07/2025,09:00:56,26842.54,0,0,0,0,0,0
BSE100.BSE_IDX,01/07/2025,09:00:57,26843.46,0,0,0,0,0,0
BSE100.BSE_IDX,01/07/2025,09:00:58,26842,0,0,0,0,0,0
BSE100.BSE_IDX,01/07/2025,09:00:59,26841.59,0,0,0,0,0,0
BSE100.BSE_IDX,01/07/2025,09:01:00,26839.49,0,0,0,0,0,0
BSE100.BSE_IDX,01/07/2025,09:01:01,26839.53,0,0,0,0,0,0
BSE100.BSE_IDX,01/07/2025,09:01:02,26840.72,0,0,0,0,0,0
BSE100.BSE_IDX,01/07/2025,09:01:03,26841.11,0,0,0,0,0,0
BSE100.BSE_IDX,01/07/2025,09:01:04,26843.06,0,0,0,0,0,0
BSE100.BSE_IDX,01/07/2025,09:01:05,26843.73,0,0,0,0,0,0
BSE100.BSE_IDX,01/07/2025,09:01:06,26843.73,0,0,0,0,0,0
BSE100.BSE_IDX,01/07/2025,09:01:07,26841.47,0,0,0,0,0,0
BSE100.BSE_IDX,01/07/2025,09:01:08,26841.47,0,0,0,0,0,0
BSE100.BSE_IDX,01/07/2025,09:01:09,26841.15,0,0,0,0,0,0
BSE100.BSE_IDX,01/07/2025,09:01:10,26841.15,0,0,0,0,0,0
BSE100.BSE_IDX,01/07/2025,09:01:11,26841.97,0,0,0,0,0,0
BSE100.BSE_IDX,01/07/2025,09:01:12,26842.04,0,0,0,0,0,0
BSE100.BSE_IDX,01/07/2025,09:01:13,26842.41,0,0,0,0,0,0
BSE100.BSE_IDX,01/07/2025,09:01:14,26850.11,0,0,0,0,0,0
BSE100.BSE_IDX,01/07/2025,09:01:15,26852.25,0,0,0,0,0,0
BSE100.BSE_IDX,01/07/2025,09:01:16,26851.85,0,0,0,0,0,0
BSE100.BSE_IDX,01/07/2025,09:01:17,26851.85,0,0,0,0,0,0
BSE100.BSE_IDX,01/07/2025,09:01:18,26851.67,0,0,0,0,0,0
BSE100.BSE_IDX,01/07/2025,09:01:19,26853.22,0,0,0,0,0,0
BSE100.BSE_IDX,01/07/2025,09:01:21,26852.76,0,0,0,0,0,0
BSE100.BSE_IDX,01/07/2025,09:01:21,26850.99,0,0,0,0,0,0
BSE100.BSE_IDX,01/07/2025,09:01:22,26851.44,0,0,0,0,0,0
BSE100.BSE_IDX,01/07/2025,09:01:23,26845.81,0,0,0,0,0,0
BSE100.BSE_IDX,01/07/2025,09:01:24,26839.94,0,0,0,0,0,0
BSE100.BSE_IDX,01/07/2025,09:01:25,26839.41,0,0,0,0,0,0
BSE100.BSE_IDX,01/07/2025,09:01:26,26840.83,0,0,0,0,0,0
BSE100.BSE_IDX,01/07/2025,09:01:27,26846.69,0,0,0,0,0,0
BSE100.BSE_IDX,01/07/2025,09:01:28,26841.36,0,0,0,0,0,0
BSE100.BSE_IDX,01/07/2025,09:01:29,26839.56,0,0,0,0,0,0
BSE100.BSE_IDX,01/07/2025,09:01:30,26838.25,0,0,0,0,0,0
BSE100.BSE_IDX,01/07/2025,09:01:31,26839.46,0,0,0,0,0,0
BSE100.BSE_IDX,01/07/2025,09:01:32,26836.11,0,0,0,0,0,0
BSE100.BSE_IDX,01/07/2025,09:01:33,26836.11,0,0,0,0,0,0
BSE100.BSE_IDX,01/07/2025,09:01:34,26836.11,0,0,0,0,0,0
BSE100.BSE_IDX,01/07/2025,09:01:35,26836.32,0,0,0,0,0,0
BSE100.BSE_IDX,01/07/2025,09:01:36,26836.32,0,0,0,0,0,0
BSE100.BSE_IDX,01/07/2025,09:01:37,26836.32,0,0,0,0,0,0
BSE100.BSE_IDX,01/07/2025,09:01:38,26836.32,0,0,0,0,0,0
BSE100.BSE_IDX,01/07/2025,09:01:39,26839.14,0,0,0,0,0,0
BSE100.BSE_IDX,01/07/2025,09:01:40,26837.7,0,0,0,0,0,0
BSE100.BSE_IDX,01/07/2025,09:01:41,26823.28,0,0,0,0,0,0
BSE100.BSE_IDX,01/07/2025,09:01:42,26823.28,0,0,0,0,0,0
BSE100.BSE_IDX,01/07/2025,09:01:43,26823.28,0,0,0,0,0,0
BSE100.BSE_IDX,01/07/2025,09:01:44,26824.47,0,0,0,0,0,0
BSE100.BSE_IDX,01/07/2025,09:01:45,26822.93,0,0,0,0,0,0
BSE100.BSE_IDX,01/07/2025,09:01:46,26822.36,0,0,0,0,0,0
BSE100.BSE_IDX,01/07/2025,09:01:47,26806.19,0,0,0,0,0,0
BSE100.BSE_IDX,01/07/2025,09:01:48,26806.43,0,0,0,0,0,0
BSE100.BSE_IDX,01/07/2025,09:01:49,26806.43,0,0,0,0,0,0
BSE100.BSE_IDX,01/07/2025,09:01:50,26806.43,0,0,0,0,0,0
BSE100.BSE_IDX,01/07/2025,09:01:51,26806.53,0,0,0,0,0,0
BSE100.BSE_IDX,01/07/2025,09:01:52,26821.25,0,0,0,0,0,0
BSE100.BSE_IDX,01/07/2025,09:01:53,26805.52,0,0,0,0,0,0
BSE100.BSE_IDX,01/07/2025,09:01:54,26816.44,0,0,0,0,0,0
BSE100.BSE_IDX,01/07/2025,09:01:55,26815.27,0,0,0,0,0,0
BSE100.BSE_IDX,01/07/2025,09:01:56,26817.37,0,0,0,0,0,0
BSE100.BSE_IDX,01/07/2025,09:01:57,26818.79,0,0,0,0,0,0
BSE100.BSE_IDX,01/07/2025,09:01:58,26814.82,0,0,0,0,0,0
BSE100.BSE_IDX,01/07/2025,09:01:59,26814.82,0,0,0,0,0,0
BSE100.BSE_IDX,01/07/2025,09:02:00,26814.79,0,0,0,0,0,0
BSE100.BSE_IDX,01/07/2025,09:02:01,26814.79,0,0,0,0,0,0
BSE100.BSE_IDX,01/07/2025,09:02:02,26814.79,0,0,0,0,0,0
BSE100.BSE_IDX,01/07/2025,09:02:03,26814.79,0,0,0,0,0,0
BSE100.BSE_IDX,01/07/2025,09:02:04,26818.74,0,0,0,0,0,0
BSE100.BSE_IDX,01/07/2025,09:02:05,26818.74,0,0,0,0,0,0
BSE100.BSE_IDX,01/07/2025,09:02:06,26818.78,0,0,0,0,0,0
BSE100.BSE_IDX,01/07/2025,09:02:07,26818.78,0,0,0,0,0,0
BSE100.BSE_IDX,01/07/2025,09:02:08,26818.79,0,0,0,0,0,0
BSE100.BSE_IDX,01/07/2025,09:02:09,26818.79,0,0,0,0,0,0
BSE100.BSE_IDX,01/07/2025,09:02:10,26818.58,0,0,0,0,0,0
BSE100.BSE_IDX,01/07/2025,09:02:11,26818.43,0,0,0,0,0,0
BSE100.BSE_IDX,01/07/2025,09:02:12,26818.26,0,0,0,0,0,0
BSE100.BSE_IDX,01/07/2025,09:02:13,26816.8,0,0,0,0,0,0
BSE100.BSE_IDX,01/07/2025,09:02:14,26820.77,0,0,0,0,0,0
BSE100.BSE_IDX,01/07/2025,09:02:15,26820.77,0,0,0,0,0,0
BSE100.BSE_IDX,01/07/2025,09:02:16,26820.52,0,0,0,0,0,0
BSE100.BSE_IDX,01/07/2025,09:02:17,26820.52,0,0,0,0,0,0
BSE100.BSE_IDX,01/07/2025,09:02:18,26819.57,0,0,0,0,0,0
BSE100.BSE_IDX,01/07/2025,09:02:19,26819.57,0,0,0,0,0,0
BSE100.BSE_IDX,01/07/2025,09:02:20,26819.57,0,0,0,0,0,0
BSE100.BSE_IDX,01/07/2025,09:02:21,26820.52,0,0,0,0,0,0
BSE100.BSE_IDX,01/07/2025,09:02:22,26819.32,0,0,0,0,0,0
BSE100.BSE_IDX,01/07/2025,09:02:23,26820.26,0,0,0,0,0,0
BSE100.BSE_IDX,01/07/2025,09:02:24,26820.18,0,0,0,0,0,0
BSE100.BSE_IDX,01/07/2025,09:02:25,26818.45,0,0,0,0,0,0
BSE100.BSE_IDX,01/07/2025,09:02:26,26823.53,0,0,0,0,0,0
BSE100.BSE_IDX,01/07/2025,09:02:27,26823.38,0,0,0,0,0,0
BSE100.BSE_IDX,01/07/2025,09:02:28,26825.01,0,0,0,0,0,0
BSE100.BSE_IDX,01/07/2025,09:02:29,26825.26,0,0,0,0,0,0
BSE100.BSE_IDX,01/07/2025,09:02:30,26824.98,0,0,0,0,0,0
BSE100.BSE_IDX,01/07/2025,09:02:31,26825.05,0,0,0,0,0,0
BSE100.BSE_IDX,01/07/2025,09:02:32,26825.05,0,0,0,0,0,0
BSE100.BSE_IDX,01/07/2025,09:02:33,26825.05,0,0,0,0,0,0
BSE100.BSE_IDX,01/07/2025,09:02:34,26825.23,0,0,0,0,0,0
BSE100.BSE_IDX,01/07/2025,09:02:35,26825.23,0,0,0,0,0,0
BSE100.BSE_IDX,01/07/2025,09:02:36,26825.23,0,0,0,0,0,0
BSE100.BSE_IDX,01/07/2025,09:02:37,26825.29,0,0,0,0,0,0
BSE100.BSE_IDX,01/07/2025,09:02:38,26825.29,0,0,0,0,0,0
BSE100.BSE_IDX,01/07/2025,09:02:39,26825.29,0,0,0,0,0,0
BSE100.BSE_IDX,01/07/2025,09:02:40,26820.77,0,0,0,0,0,0
BSE100.BSE_IDX,01/07/2025,09:02:41,26819.94,0,0,0,0,0,0
BSE100.BSE_IDX,01/07/2025,09:02:42,26819.8,0,0,0,0,0,0
BSE100.BSE_IDX,01/07/2025,09:02:43,26818.24,0,0,0,0,0,0
BSE100.BSE_IDX,01/07/2025,09:02:44,26819.87,0,0,0,0,0,0
BSE100.BSE_IDX,01/07/2025,09:02:45,26819.91,0,0,0,0,0,0
BSE100.BSE_IDX,01/07/2025,09:02:46,26818.36,0,0,0,0,0,0
BSE100.BSE_IDX,01/07/2025,09:02:47,26817.88,0,0,0,0,0,0
BSE100.BSE_IDX,01/07/2025,09:02:48,26817.88,0,0,0,0,0,0
BSE100.BSE_IDX,01/07/2025,09:02:49,26817.88,0,0,0,0,0,0
BSE100.BSE_IDX,01/07/2025,09:02:50,26817.88,0,0,0,0,0,0
BSE100.BSE_IDX,01/07/2025,09:02:51,26818.38,0,0,0,0,0,0
BSE100.BSE_IDX,01/07/2025,09:02:52,26818.38,0,0,0,0,0,0
BSE100.BSE_IDX,01/07/2025,09:02:53,26816.62,0,0,0,0,0,0
BSE100.BSE_IDX,01/07/2025,09:02:54,26816.62,0,0,0,0,0,0
BSE100.BSE_IDX,01/07/2025,09:02:55,26818.6,0,0,0,0,0,0
BSE100.BSE_IDX,01/07/2025,09:02:56,26820.28,0,0,0,0,0,0
BSE100.BSE_IDX,01/07/2025,09:02:57,26820.28,0,0,0,0,0,0
BSE100.BSE_IDX,01/07/2025,09:02:58,26820.28,0,0,0,0,0,0
BSE100.BSE_IDX,01/07/2025,09:02:59,26820.28,0,0,0,0,0,0
BSE100.BSE_IDX,01/07/2025,09:03:00,26820.28,0,0,0,0,0,0
BSE100.BSE_IDX,01/07/2025,09:03:01,26821.46,0,0,0,0,0,0
BSE100.BSE_IDX,01/07/2025,09:03:02,26836.43,0,0,0,0,0,0
BSE100.BSE_IDX,01/07/2025,09:03:03,26836.43,0,0,0,0,0,0
BSE100.BSE_IDX,01/07/2025,09:03:04,26835.53,0,0,0,0,0,0
BSE100.BSE_IDX,01/07/2025,09:03:05,26835.63,0,0,0,0,0,0
BSE100.BSE_IDX,01/07/2025,09:03:06,26839.33,0,0,0,0,0,0
BSE100.BSE_IDX,01/07/2025,09:03:07,26836.76,0,0,0,0,0,0
BSE100.BSE_IDX,01/07/2025,09:03:08,26836.76,0,0,0,0,0,0
BSE100.BSE_IDX,01/07/2025,09:03:09,26836.76,0,0,0,0,0,0
BSE100.BSE_IDX,01/07/2025,09:03:10,26836.19,0,0,0,0,0,0
BSE100.BSE_IDX,01/07/2025,09:03:11,26832.51,0,0,0,0,0,0
BSE100.BSE_IDX,01/07/2025,09:03:12,26826.07,0,0,0,0,0,0
BSE100.BSE_IDX,01/07/2025,09:03:13,26832.05,0,0,0,0,0,0
BSE100.BSE_IDX,01/07/2025,09:03:14,26834.1,0,0,0,0,0,0
BSE100.BSE_IDX,01/07/2025,09:03:15,26835.64,0,0,0,0,0,0
BSE100.BSE_IDX,01/07/2025,09:03:16,26842.47,0,0,0,0,0,0
BSE100.BSE_IDX,01/07/2025,09:03:17,26842.47,0,0,0,0,0,0
BSE100.BSE_IDX,01/07/2025,09:03:18,26830,0,0,0,0,0,0
BSE100.BSE_IDX,01/07/2025,09:03:19,26829.12,0,0,0,0,0,0
BSE100.BSE_IDX,01/07/2025,09:03:20,26825.83,0,0,0,0,0,0
BSE100.BSE_IDX,01/07/2025,09:03:21,26825.23,0,0,0,0,0,0
BSE100.BSE_IDX,01/07/2025,09:03:22,26824.62,0,0,0,0,0,0
BSE100.BSE_IDX,01/07/2025,09:03:23,26824.62,0,0,0,0,0,0
BSE100.BSE_IDX,01/07/2025,09:03:24,26825.18,0,0,0,0,0,0
BSE100.BSE_IDX,01/07/2025,09:03:25,26825.18,0,0,0,0,0,0
BSE100.BSE_IDX,01/07/2025,09:03:26,26821.77,0,0,0,0,0,0
BSE100.BSE_IDX,01/07/2025,09:03:27,26821.77,0,0,0,0,0,0
BSE100.BSE_IDX,01/07/2025,09:03:28,26822.29,0,0,0,0,0,0
BSE100.BSE_IDX,01/07/2025,09:03:29,26822.29,0,0,0,0,0,0
BSE100.BSE_IDX,01/07/2025,09:03:30,26822.79,0,0,0,0,0,0
BSE100.BSE_IDX,01/07/2025,09:03:31,26824.21,0,0,0,0,0,0
BSE100.BSE_IDX,01/07/2025,09:03:32,26824.35,0,0,0,0,0,0
BSE100.BSE_IDX,01/07/2025,09:03:33,26825.38,0,0,0,0,0,0
BSE100.BSE_IDX,01/07/2025,09:03:34,26825.38,0,0,0,0,0,0
BSE100.BSE_IDX,01/07/2025,09:03:35,26824.68,0,0,0,0,0,0
BSE100.BSE_IDX,01/07/2025,09:03:36,26816.18,0,0,0,0,0,0
BSE100.BSE_IDX,01/07/2025,09:03:37,26816.3,0,0,0,0,0,0
BSE100.BSE_IDX,01/07/2025,09:03:38,26816.3,0,0,0,0,0,0
BSE100.BSE_IDX,01/07/2025,09:03:39,26816.3,0,0,0,0,0,0
BSE100.BSE_IDX,01/07/2025,09:03:40,26816.57,0,0,0,0,0,0
BSE100.BSE_IDX,01/07/2025,09:03:41,26818.62,0,0,0,0,0,0
BSE100.BSE_IDX,01/07/2025,09:03:42,26820.34,0,0,0,0,0,0
BSE100.BSE_IDX,01/07/2025,09:03:43,26818.95,0,0,0,0,0,0
BSE100.BSE_IDX,01/07/2025,09:03:44,26817.6,0,0,0,0,0,0
BSE100.BSE_IDX,01/07/2025,09:03:45,26818.45,0,0,0,0,0,0
BSE100.BSE_IDX,01/07/2025,09:03:46,26818.28,0,0,0,0,0,0
BSE100.BSE_IDX,01/07/2025,09:03:47,26816.02,0,0,0,0,0,0
BSE100.BSE_IDX,01/07/2025,09:03:48,26816.02,0,0,0,0,0,0
BSE100.BSE_IDX,01/07/2025,09:03:49,26816.45,0,0,0,0,0,0
BSE100.BSE_IDX,01/07/2025,09:03:50,26810.59,0,0,0,0,0,0
BSE100.BSE_IDX,01/07/2025,09:03:51,26810.32,0,0,0,0,0,0
BSE100.BSE_IDX,01/07/2025,09:03:52,26812.43,0,0,0,0,0,0
BSE100.BSE_IDX,01/07/2025,09:03:53,26792.68,0,0,0,0,0,0
BSE100.BSE_IDX,01/07/2025,09:03:54,26792.68,0,0,0,0,0,0
BSE100.BSE_IDX,01/07/2025,09:03:55,26794.35,0,0,0,0,0,0
BSE100.BSE_IDX,01/07/2025,09:03:56,26794.35,0,0,0,0,0,0
BSE100.BSE_IDX,01/07/2025,09:03:57,26794.96,0,0,0,0,0,0
BSE100.BSE_IDX,01/07/2025,09:03:58,26794.96,0,0,0,0,0,0
BSE100.BSE_IDX,01/07/2025,09:03:59,26795.24,0,0,0,0,0,0
BSE100.BSE_IDX,01/07/2025,09:04:00,26795.24,0,0,0,0,0,0
BSE100.BSE_IDX,01/07/2025,09:04:01,26795.24,0,0,0,0,0,0
BSE100.BSE_IDX,01/07/2025,09:04:02,26794.49,0,0,0,0,0,0
BSE100.BSE_IDX,01/07/2025,09:04:03,26794.49,0,0,0,0,0,0
BSE100.BSE_IDX,01/07/2025,09:04:04,26793.67,0,0,0,0,0,0
BSE100.BSE_IDX,01/07/2025,09:04:05,26792.18,0,0,0,0,0,0
BSE100.BSE_IDX,01/07/2025,09:04:06,26788.79,0,0,0,0,0,0
BSE100.BSE_IDX,01/07/2025,09:04:07,26792.72,0,0,0,0,0,0
BSE100.BSE_IDX,01/07/2025,09:04:08,26792.72,0,0,0,0,0,0
BSE100.BSE_IDX,01/07/2025,09:04:09,26792.56,0,0,0,0,0,0
BSE100.BSE_IDX,01/07/2025,09:04:10,26792.02,0,0,0,0,0,0
BSE100.BSE_IDX,01/07/2025,09:04:11,26791.89,0,0,0,0,0,0
BSE100.BSE_IDX,01/07/2025,09:04:12,26791.81,0,0,0,0,0,0
BSE100.BSE_IDX,01/07/2025,09:04:13,26791.81,0,0,0,0,0,0
BSE100.BSE_IDX,01/07/2025,09:04:14,26788.87,0,0,0,0,0,0
BSE100.BSE_IDX,01/07/2025,09:04:15,26788.68,0,0,0,0,0,0
BSE100.BSE_IDX,01/07/2025,09:04:16,26788.24,0,0,0,0,0,0
BSE100.BSE_IDX,01/07/2025,09:04:17,26788.24,0,0,0,0,0,0
BSE100.BSE_IDX,01/07/2025,09:04:18,26785.48,0,0,0,0,0,0
BSE100.BSE_IDX,01/07/2025,09:04:19,26784.85,0,0,0,0,0,0
BSE100.BSE_IDX,01/07/2025,09:04:20,26787.61,0,0,0,0,0,0
BSE100.BSE_IDX,01/07/2025,09:04:21,26789.49,0,0,0,0,0,0
BSE100.BSE_IDX,01/07/2025,09:04:22,26789.49,0,0,0,0,0,0
BSE100.BSE_IDX,01/07/2025,09:04:23,26789.57,0,0,0,0,0,0
BSE100.BSE_IDX,01/07/2025,09:04:24,26792.36,0,0,0,0,0,0
BSE100.BSE_IDX,01/07/2025,09:04:25,26792.71,0,0,0,0,0,0
BSE100.BSE_IDX,01/07/2025,09:04:26,26792.06,0,0,0,0,0,0
BSE100.BSE_IDX,01/07/2025,09:04:27,26792.06,0,0,0,0,0,0
BSE100.BSE_IDX,01/07/2025,09:04:28,26791.1,0,0,0,0,0,0
BSE100.BSE_IDX,01/07/2025,09:04:29,26788.34,0,0,0,0,0,0
BSE100.BSE_IDX,01/07/2025,09:04:30,26788.34,0,0,0,0,0,0
BSE100.BSE_IDX,01/07/2025,09:04:31,26788.09,0,0,0,0,0,0
BSE100.BSE_IDX,01/07/2025,09:04:32,26788.09,0,0,0,0,0,0
BSE100.BSE_IDX,01/07/2025,09:04:33,26788.09,0,0,0,0,0,0
BSE100.BSE_IDX,01/07/2025,09:04:34,26788.34,0,0,0,0,0,0
BSE100.BSE_IDX,01/07/2025,09:04:35,26788.16,0,0,0,0,0,0
BSE100.BSE_IDX,01/07/2025,09:04:36,26788.34,0,0,0,0,0,0
BSE100.BSE_IDX,01/07/2025,09:04:37,26787.84,0,0,0,0,0,0
BSE100.BSE_IDX,01/07/2025,09:04:38,26787.91,0,0,0,0,0,0
BSE100.BSE_IDX,01/07/2025,09:04:39,26786.24,0,0,0,0,0,0
BSE100.BSE_IDX,01/07/2025,09:04:40,26786.24,0,0,0,0,0,0
BSE100.BSE_IDX,01/07/2025,09:04:41,26786.24,0,0,0,0,0,0
BSE100.BSE_IDX,01/07/2025,09:04:42,26786.24,0,0,0,0,0,0
BSE100.BSE_IDX,01/07/2025,09:04:43,26785.26,0,0,0,0,0,0
BSE100.BSE_IDX,01/07/2025,09:04:44,26785.36,0,0,0,0,0,0
BSE100.BSE_IDX,01/07/2025,09:04:45,26784.46,0,0,0,0,0,0
BSE100.BSE_IDX,01/07/2025,09:04:46,26778.52,0,0,0,0,0,0
BSE100.BSE_IDX,01/07/2025,09:04:47,26780.44,0,0,0,0,0,0
BSE100.BSE_IDX,01/07/2025,09:04:48,26780.54,0,0,0,0,0,0
BSE100.BSE_IDX,01/07/2025,09:04:49,26780.53,0,0,0,0,0,0
BSE100.BSE_IDX,01/07/2025,09:04:50,26776.49,0,0,0,0,0,0
BSE100.BSE_IDX,01/07/2025,09:04:51,26773.29,0,0,0,0,0,0
BSE100.BSE_IDX,01/07/2025,09:04:52,26773.29,0,0,0,0,0,0
BSE100.BSE_IDX,01/07/2025,09:04:53,26774.66,0,0,0,0,0,0
BSE100.BSE_IDX,01/07/2025,09:04:54,26771.2,0,0,0,0,0,0
BSE100.BSE_IDX,01/07/2025,09:04:55,26772.2,0,0,0,0,0,0
BSE100.BSE_IDX,01/07/2025,09:04:56,26772.77,0,0,0,0,0,0
BSE100.BSE_IDX,01/07/2025,09:04:57,26772.77,0,0,0,0,0,0
BSE100.BSE_IDX,01/07/2025,09:04:58,26771.15,0,0,0,0,0,0
BSE100.BSE_IDX,01/07/2025,09:04:59,26771.14,0,0,0,0,0,0
BSE100.BSE_IDX,01/07/2025,09:05:00,26772.72,0,0,0,0,0,0
BSE100.BSE_IDX,01/07/2025,09:05:01,26773.49,0,0,0,0,0,0
BSE100.BSE_IDX,01/07/2025,09:05:02,26773.32,0,0,0,0,0,0
BSE100.BSE_IDX,01/07/2025,09:05:03,26772.52,0,0,0,0,0,0
BSE100.BSE_IDX,01/07/2025,09:05:05,26772.01,0,0,0,0,0,0
BSE100.BSE_IDX,01/07/2025,09:05:05,26772.01,0,0,0,0,0,0
BSE100.BSE_IDX,01/07/2025,09:05:06,26770.9,0,0,0,0,0,0
BSE100.BSE_IDX,01/07/2025,09:05:07,26770.21,0,0,0,0,0,0
BSE100.BSE_IDX,01/07/2025,09:05:08,26772.53,0,0,0,0,0,0
BSE100.BSE_IDX,01/07/2025,09:05:09,26767.33,0,0,0,0,0,0
BSE100.BSE_IDX,01/07/2025,09:05:10,26767.2,0,0,0,0,0,0
BSE100.BSE_IDX,01/07/2025,09:05:11,26768.06,0,0,0,0,0,0
BSE100.BSE_IDX,01/07/2025,09:05:12,26771.21,0,0,0,0,0,0
BSE100.BSE_IDX,01/07/2025,09:05:13,26777.76,0,0,0,0,0,0
BSE100.BSE_IDX,01/07/2025,09:05:14,26781,0,0,0,0,0,0
BSE100.BSE_IDX,01/07/2025,09:05:15,26781,0,0,0,0,0,0
BSE100.BSE_IDX,01/07/2025,09:05:16,26785.32,0,0,0,0,0,0
BSE100.BSE_IDX,01/07/2025,09:05:17,26788.15,0,0,0,0,0,0
BSE100.BSE_IDX,01/07/2025,09:05:18,26781.71,0,0,0,0,0,0
BSE100.BSE_IDX,01/07/2025,09:05:19,26779.14,0,0,0,0,0,0
BSE100.BSE_IDX,01/07/2025,09:05:20,26781.2,0,0,0,0,0,0
BSE100.BSE_IDX,01/07/2025,09:05:21,26781.2,0,0,0,0,0,0
BSE100.BSE_IDX,01/07/2025,09:05:22,26781.2,0,0,0,0,0,0
BSE100.BSE_IDX,01/07/2025,09:05:23,26781.79,0,0,0,0,0,0
BSE100.BSE_IDX,01/07/2025,09:05:24,26781.78,0,0,0,0,0,0
BSE100.BSE_IDX,01/07/2025,09:05:25,26783.17,0,0,0,0,0,0
BSE100.BSE_IDX,01/07/2025,09:05:26,26783.04,0,0,0,0,0,0
BSE100.BSE_IDX,01/07/2025,09:05:27,26782.94,0,0,0,0,0,0
BSE100.BSE_IDX,01/07/2025,09:05:28,26781.79,0,0,0,0,0,0
BSE100.BSE_IDX,01/07/2025,09:05:29,26781.75,0,0,0,0,0,0
BSE100.BSE_IDX,01/07/2025,09:05:30,26781.46,0,0,0,0,0,0
BSE100.BSE_IDX,01/07/2025,09:05:31,26782.01,0,0,0,0,0,0
BSE100.BSE_IDX,01/07/2025,09:05:32,26784.08,0,0,0,0,0,0
BSE100.BSE_IDX,01/07/2025,09:05:33,26785.07,0,0,0,0,0,0
BSE100.BSE_IDX,01/07/2025,09:05:34,26785.53,0,0,0,0,0,0
BSE100.BSE_IDX,01/07/2025,09:05:35,26785.12,0,0,0,0,0,0
BSE100.BSE_IDX,01/07/2025,09:05:36,26785.08,0,0,0,0,0,0
BSE100.BSE_IDX,01/07/2025,09:05:37,26781.52,0,0,0,0,0,0
BSE100.BSE_IDX,01/07/2025,09:05:38,26781.59,0,0,0,0,0,0
BSE100.BSE_IDX,01/07/2025,09:05:39,26781.57,0,0,0,0,0,0
BSE100.BSE_IDX,01/07/2025,09:05:40,26781.67,0,0,0,0,0,0
BSE100.BSE_IDX,01/07/2025,09:05:41,26781.17,0,0,0,0,0,0
BSE100.BSE_IDX,01/07/2025,09:05:42,26783.48,0,0,0,0,0,0
BSE100.BSE_IDX,01/07/2025,09:05:43,26782.83,0,0,0,0,0,0
BSE100.BSE_IDX,01/07/2025,09:05:44,26780.82,0,0,0,0,0,0
BSE100.BSE_IDX,01/07/2025,09:05:45,26780.82,0,0,0,0,0,0
BSE100.BSE_IDX,01/07/2025,09:05:46,26780.12,0,0,0,0,0,0
BSE100.BSE_IDX,01/07/2025,09:05:47,26780.46,0,0,0,0,0,0
BSE100.BSE_IDX,01/07/2025,09:05:48,26780.72,0,0,0,0,0,0
BSE100.BSE_IDX,01/07/2025,09:05:49,26780.03,0,0,0,0,0,0
BSE100.BSE_IDX,01/07/2025,09:05:50,26780.37,0,0,0,0,0,0
BSE100.BSE_IDX,01/07/2025,09:05:51,26784.76,0,0,0,0,0,0
BSE100.BSE_IDX,01/07/2025,09:05:52,26785.23,0,0,0,0,0,0
BSE100.BSE_IDX,01/07/2025,09:05:54,26789.39,0,0,0,0,0,0
BSE100.BSE_IDX,01/07/2025,09:05:54,26789.51,0,0,0,0,0,0
BSE100.BSE_IDX,01/07/2025,09:05:55,26788.98,0,0,0,0,0,0
BSE100.BSE_IDX,01/07/2025,09:05:56,26790.31,0,0,0,0,0,0
BSE100.BSE_IDX,01/07/2025,09:05:57,26790.25,0,0,0,0,0,0
BSE100.BSE_IDX,01/07/2025,09:05:58,26790.67,0,0,0,0,0,0
BSE100.BSE_IDX,01/07/2025,09:05:59,26790.55,0,0,0,0,0,0
BSE100.BSE_IDX,01/07/2025,09:06:00,26791.14,0,0,0,0,0,0
BSE100.BSE_IDX,01/07/2025,09:06:01,26793.18,0,0,0,0,0,0
BSE100.BSE_IDX,01/07/2025,09:06:02,26792.67,0,0,0,0,0,0
BSE100.BSE_IDX,01/07/2025,09:06:03,26792.26,0,0,0,0,0,0
BSE100.BSE_IDX,01/07/2025,09:06:05,26793.07,0,0,0,0,0,0
BSE100.BSE_IDX,01/07/2025,09:06:05,26793.24,0,0,0,0,0,0
BSE100.BSE_IDX,01/07/2025,09:06:06,26792.75,0,0,0,0,0,0
BSE100.BSE_IDX,01/07/2025,09:06:07,26789.88,0,0,0,0,0,0
BSE100.BSE_IDX,01/07/2025,09:06:08,26789.88,0,0,0,0,0,0
BSE100.BSE_IDX,01/07/2025,09:06:09,26788.55,0,0,0,0,0,0
BSE100.BSE_IDX,01/07/2025,09:06:10,26788.8,0,0,0,0,0,0
BSE100.BSE_IDX,01/07/2025,09:06:11,26788.94,0,0,0,0,0,0
BSE100.BSE_IDX,01/07/2025,09:06:12,26789.05,0,0,0,0,0,0
BSE100.BSE_IDX,01/07/2025,09:06:13,26790.93,0,0,0,0,0,0
BSE100.BSE_IDX,01/07/2025,09:06:14,26791.3,0,0,0,0,0,0
BSE100.BSE_IDX,01/07/2025,09:06:15,26791.3,0,0,0,0,0,0
BSE100.BSE_IDX,01/07/2025,09:06:16,26791.09,0,0,0,0,0,0
BSE100.BSE_IDX,01/07/2025,09:06:17,26792.36,0,0,0,0,0,0
BSE100.BSE_IDX,01/07/2025,09:06:18,26795.74,0,0,0,0,0,0
BSE100.BSE_IDX,01/07/2025,09:06:19,26796.17,0,0,0,0,0,0
BSE100.BSE_IDX,01/07/2025,09:06:20,26796.17,0,0,0,0,0,0
BSE100.BSE_IDX,01/07/2025,09:06:22,26797.22,0,0,0,0,0,0
BSE100.BSE_IDX,01/07/2025,09:06:22,26797.3,0,0,0,0,0,0
BSE100.BSE_IDX,01/07/2025,09:06:23,26797.43,0,0,0,0,0,0
BSE100.BSE_IDX,01/07/2025,09:06:24,26799,0,0,0,0,0,0
BSE100.BSE_IDX,01/07/2025,09:06:25,26801.06,0,0,0,0,0,0
BSE100.BSE_IDX,01/07/2025,09:06:26,26802.75,0,0,0,0,0,0
BSE100.BSE_IDX,01/07/2025,09:06:27,26800.16,0,0,0,0,0,0
BSE100.BSE_IDX,01/07/2025,09:06:28,26802.86,0,0,0,0,0,0
BSE100.BSE_IDX,01/07/2025,09:06:29,26802.86,0,0,0,0,0,0
BSE100.BSE_IDX,01/07/2025,09:06:30,26802.86,0,0,0,0,0,0
BSE100.BSE_IDX,01/07/2025,09:06:31,26803.19,0,0,0,0,0,0
BSE100.BSE_IDX,01/07/2025,09:06:32,26805.69,0,0,0,0,0,0
BSE100.BSE_IDX,01/07/2025,09:06:33,26808.45,0,0,0,0,0,0
BSE100.BSE_IDX,01/07/2025,09:06:34,26806.32,0,0,0,0,0,0
BSE100.BSE_IDX,01/07/2025,09:06:35,26802.65,0,0,0,0,0,0
BSE100.BSE_IDX,01/07/2025,09:06:36,26801.63,0,0,0,0,0,0
BSE100.BSE_IDX,01/07/2025,09:06:37,26800.77,0,0,0,0,0,0
BSE100.BSE_IDX,01/07/2025,09:06:38,26803.34,0,0,0,0,0,0
BSE100.BSE_IDX,01/07/2025,09:06:40,26803.34,0,0,0,0,0,0
BSE100.BSE_IDX,01/07/2025,09:06:40,26800.82,0,0,0,0,0,0
BSE100.BSE_IDX,01/07/2025,09:06:41,26797.53,0,0,0,0,0,0
BSE100.BSE_IDX,01/07/2025,09:06:42,26796.1,0,0,0,0,0,0
BSE100.BSE_IDX,01/07/2025,09:06:43,26796.37,0,0,0,0,0,0
BSE100.BSE_IDX,01/07/2025,09:06:44,26796.93,0,0,0,0,0,0
BSE100.BSE_IDX,01/07/2025,09:06:45,26796.29,0,0,0,0,0,0
BSE100.BSE_IDX,01/07/2025,09:06:46,26795.65,0,0,0,0,0,0
BSE100.BSE_IDX,01/07/2025,09:06:47,26795.5,0,0,0,0,0,0
BSE100.BSE_IDX,01/07/2025,09:06:48,26795.99,0,0,0,0,0,0
BSE100.BSE_IDX,01/07/2025,09:06:49,26796.02,0,0,0,0,0,0
BSE100.BSE_IDX,01/07/2025,09:06:50,26795.68,0,0,0,0,0,0
BSE100.BSE_IDX,01/07/2025,09:06:51,26793.92,0,0,0,0,0,0
BSE100.BSE_IDX,01/07/2025,09:06:52,26794.11,0,0,0,0,0,0
BSE100.BSE_IDX,01/07/2025,09:06:53,26794.11,0,0,0,0,0,0
BSE100.BSE_IDX,01/07/2025,09:06:54,26794.41,0,0,0,0,0,0
BSE100.BSE_IDX,01/07/2025,09:06:55,26797.44,0,0,0,0,0,0
BSE100.BSE_IDX,01/07/2025,09:06:56,26797.13,0,0,0,0,0,0
BSE100.BSE_IDX,01/07/2025,09:06:57,26797.4,0,0,0,0,0,0
BSE100.BSE_IDX,01/07/2025,09:06:58,26798.76,0,0,0,0,0,0
BSE100.BSE_IDX,01/07/2025,09:06:59,26798.49,0,0,0,0,0,0
BSE100.BSE_IDX,01/07/2025,09:07:00,26799.76,0,0,0,0,0,0
BSE100.BSE_IDX,01/07/2025,09:07:01,26796.43,0,0,0,0,0,0
BSE100.BSE_IDX,01/07/2025,09:07:03,26796.43,0,0,0,0,0,0
BSE100.BSE_IDX,01/07/2025,09:07:04,26796.43,0,0,0,0,0,0
BSE100.BSE_IDX,01/07/2025,09:07:04,26796.43,0,0,0,0,0,0
BSE100.BSE_IDX,01/07/2025,09:07:05,26796.43,0,0,0,0,0,0
BSE100.BSE_IDX,01/07/2025,09:07:06,26796.43,0,0,0,0,0,0
BSE100.BSE_IDX,01/07/2025,09:07:07,26796.43,0,0,0,0,0,0
BSE100.BSE_IDX,01/07/2025,09:07:08,26796.43,0,0,0,0,0,0
BSE100.BSE_IDX,01/07/2025,09:07:09,26796.43,0,0,0,0,0,0
BSE100.BSE_IDX,01/07/2025,09:07:10,26796.43,0,0,0,0,0,0
BSE100.BSE_IDX,01/07/2025,09:07:11,26796.43,0,0,0,0,0,0
BSE100.BSE_IDX,01/07/2025,09:07:12,26796.43,0,0,0,0,0,0
BSE100.BSE_IDX,01/07/2025,09:07:13,26796.43,0,0,0,0,0,0
BSE100.BSE_IDX,01/07/2025,09:07:14,26796.43,0,0,0,0,0,0
BSE100.BSE_IDX,01/07/2025,09:07:15,26796.43,0,0,0,0,0,0
BSE100.BSE_IDX,01/07/2025,09:07:16,26796.43,0,0,0,0,0,0
BSE100.BSE_IDX,01/07/2025,09:07:17,26796.43,0,0,0,0,0,0
BSE100.BSE_IDX,01/07/2025,09:07:18,26796.43,0,0,0,0,0,0
BSE100.BSE_IDX,01/07/2025,09:07:19,26796.43,0,0,0,0,0,0
BSE100.BSE_IDX,01/07/2025,09:07:20,26796.43,0,0,0,0,0,0
BSE100.BSE_IDX,01/07/2025,09:07:21,26796.43,0,0,0,0,0,0
BSE100.BSE_IDX,01/07/2025,09:07:23,26796.43,0,0,0,0,0,0
BSE100.BSE_IDX,01/07/2025,09:07:23,26796.43,0,0,0,0,0,0
BSE100.BSE_IDX,01/07/2025,09:07:24,26796.43,0,0,0,0,0,0
BSE100.BSE_IDX,01/07/2025,09:07:25,26796.43,0,0,0,0,0,0
BSE100.BSE_IDX,01/07/2025,09:07:26,26796.43,0,0,0,0,0,0
BSE100.BSE_IDX,01/07/2025,09:07:27,26796.43,0,0,0,0,0,0
BSE100.BSE_IDX,01/07/2025,09:07:28,26796.43,0,0,0,0,0,0
BSE100.BSE_IDX,01/07/2025,09:07:29,26796.43,0,0,0,0,0,0
BSE100.BSE_IDX,01/07/2025,09:07:30,26796.43,0,0,0,0,0,0
BSE100.BSE_IDX,01/07/2025,09:07:31,26796.43,0,0,0,0,0,0
BSE100.BSE_IDX,01/07/2025,09:07:32,26796.43,0,0,0,0,0,0
BSE100.BSE_IDX,01/07/2025,09:07:33,26796.43,0,0,0,0,0,0
BSE100.BSE_IDX,01/07/2025,09:07:34,26796.43,0,0,0,0,0,0
BSE100.BSE_IDX,01/07/2025,09:07:35,26796.43,0,0,0,0,0,0
BSE100.BSE_IDX,01/07/2025,09:07:36,26796.43,0,0,0,0,0,0
BSE100.BSE_IDX,01/07/2025,09:07:37,26796.43,0,0,0,0,0,0
BSE100.BSE_IDX,01/07/2025,09:07:38,26796.43,0,0,0,0,0,0
BSE100.BSE_IDX,01/07/2025,09:07:39,26796.43,0,0,0,0,0,0
BSE100.BSE_IDX,01/07/2025,09:07:41,26796.43,0,0,0,0,0,0
BSE100.BSE_IDX,01/07/2025,09:07:41,26796.43,0,0,0,0,0,0
BSE100.BSE_IDX,01/07/2025,09:07:42,26796.43,0,0,0,0,0,0
BSE100.BSE_IDX,01/07/2025,09:07:43,26796.43,0,0,0,0,0,0
BSE100.BSE_IDX,01/07/2025,09:07:44,26796.43,0,0,0,0,0,0
BSE100.BSE_IDX,01/07/2025,09:07:45,26796.43,0,0,0,0,0,0
BSE100.BSE_IDX,01/07/2025,09:07:46,26796.43,0,0,0,0,0,0
BSE100.BSE_IDX,01/07/2025,09:07:47,26796.43,0,0,0,0,0,0
BSE100.BSE_IDX,01/07/2025,09:07:48,26796.43,0,0,0,0,0,0
BSE100.BSE_IDX,01/07/2025,09:07:49,26796.43,0,0,0,0,0,0
BSE100.BSE_IDX,01/07/2025,09:07:50,26796.43,0,0,0,0,0,0
BSE100.BSE_IDX,01/07/2025,09:07:51,26796.43,0,0,0,0,0,0
BSE100.BSE_IDX,01/07/2025,09:07:52,26796.43,0,0,0,0,0,0
BSE100.BSE_IDX,01/07/2025,09:07:53,26796.43,0,0,0,0,0,0
BSE100.BSE_IDX,01/07/2025,09:07:54,26796.43,0,0,0,0,0,0
BSE100.BSE_IDX,01/07/2025,09:07:56,26796.43,0,0,0,0,0,0
BSE100.BSE_IDX,01/07/2025,09:07:56,26796.43,0,0,0,0,0,0
BSE100.BSE_IDX,01/07/2025,09:07:57,26796.43,0,0,0,0,0,0
BSE100.BSE_IDX,01/07/2025,09:07:58,26796.43,0,0,0,0,0,0
BSE100.BSE_IDX,01/07/2025,09:07:59,26796.43,0,0,0,0,0,0
BSE100.BSE_IDX,01/07/2025,09:08:00,26796.43,0,0,0,0,0,0
BSE100.BSE_IDX,01/07/2025,09:08:01,26796.43,0,0,0,0,0,0
BSE100.BSE_IDX,01/07/2025,09:08:02,26796.43,0,0,0,0,0,0
BSE100.BSE_IDX,01/07/2025,09:08:03,26796.43,0,0,0,0,0,0
BSE100.BSE_IDX,01/07/2025,09:08:04,26796.43,0,0,0,0,0,0
BSE100.BSE_IDX,01/07/2025,09:08:05,26796.43,0,0,0,0,0,0
BSE100.BSE_IDX,01/07/2025,09:08:06,26796.43,0,0,0,0,0,0
BSE100.BSE_IDX,01/07/2025,09:08:07,26796.43,0,0,0,0,0,0
BSE100.BSE_IDX,01/07/2025,09:08:08,26796.43,0,0,0,0,0,0
BSE100.BSE_IDX,01/07/2025,09:08:09,26796.43,0,0,0,0,0,0
BSE100.BSE_IDX,01/07/2025,09:08:10,26796.43,0,0,0,0,0,0
BSE100.BSE_IDX,01/07/2025,09:08:11,26796.43,0,0,0,0,0,0
BSE100.BSE_IDX,01/07/2025,09:08:12,26796.43,0,0,0,0,0,0
BSE100.BSE_IDX,01/07/2025,09:08:14,26796.43,0,0,0,0,0,0
BSE100.BSE_IDX,01/07/2025,09:08:14,26796.43,0,0,0,0,0,0
BSE100.BSE_IDX,01/07/2025,09:08:15,26796.43,0,0,0,0,0,0
BSE100.BSE_IDX,01/07/2025,09:08:16,26796.43,0,0,0,0,0,0
BSE100.BSE_IDX,01/07/2025,09:08:17,26796.43,0,0,0,0,0,0
BSE100.BSE_IDX,01/07/2025,09:08:18,26796.43,0,0,0,0,0,0
BSE100.BSE_IDX,01/07/2025,09:08:19,26796.43,0,0,0,0,0,0
BSE100.BSE_IDX,01/07/2025,09:08:20,26796.43,0,0,0,0,0,0
BSE100.BSE_IDX,01/07/2025,09:08:22,26796.43,0,0,0,0,0,0
BSE100.BSE_IDX,01/07/2025,09:08:23,26796.43,0,0,0,0,0,0
BSE100.BSE_IDX,01/07/2025,09:08:23,26796.43,0,0,0,0,0,0
BSE100.BSE_IDX,01/07/2025,09:08:24,26796.43,0,0,0,0,0,0
BSE100.BSE_IDX,01/07/2025,09:08:25,26796.43,0,0,0,0,0,0
BSE100.BSE_IDX,01/07/2025,09:08:27,26796.43,0,0,0,0,0,0
BSE100.BSE_IDX,01/07/2025,09:08:27,26796.43,0,0,0,0,0,0
BSE100.BSE_IDX,01/07/2025,09:08:28,26796.43,0,0,0,0,0,0
BSE100.BSE_IDX,01/07/2025,09:08:29,26796.43,0,0,0,0,0,0
BSE100.BSE_IDX,01/07/2025,09:08:30,26796.43,0,0,0,0,0,0
BSE100.BSE_IDX,01/07/2025,09:08:31,26796.43,0,0,0,0,0,0
BSE100.BSE_IDX,01/07/2025,09:08:32,26796.43,0,0,0,0,0,0
BSE100.BSE_IDX,01/07/2025,09:08:33,26796.43,0,0,0,0,0,0
BSE100.BSE_IDX,01/07/2025,09:08:34,26796.43,0,0,0,0,0,0
BSE100.BSE_IDX,01/07/2025,09:08:35,26796.43,0,0,0,0,0,0
BSE100.BSE_IDX,01/07/2025,09:08:37,26796.43,0,0,0,0,0,0
BSE100.BSE_IDX,01/07/2025,09:08:37,26796.43,0,0,0,0,0,0
BSE100.BSE_IDX,01/07/2025,09:08:39,26796.43,0,0,0,0,0,0
BSE100.BSE_IDX,01/07/2025,09:08:40,26796.43,0,0,0,0,0,0
BSE100.BSE_IDX,01/07/2025,09:08:40,26796.43,0,0,0,0,0,0
BSE100.BSE_IDX,01/07/2025,09:08:41,26796.43,0,0,0,0,0,0
BSE100.BSE_IDX,01/07/2025,09:08:43,26796.43,0,0,0,0,0,0
BSE100.BSE_IDX,01/07/2025,09:08:44,26796.43,0,0,0,0,0,0
BSE100.BSE_IDX,01/07/2025,09:08:45,26796.43,0,0,0,0,0,0
BSE100.BSE_IDX,01/07/2025,09:08:46,26796.43,0,0,0,0,0,0
BSE100.BSE_IDX,01/07/2025,09:08:47,26796.43,0,0,0,0,0,0
BSE100.BSE_IDX,01/07/2025,09:08:48,26796.43,0,0,0,0,0,0
BSE100.BSE_IDX,01/07/2025,09:08:49,26796.43,0,0,0,0,0,0
BSE100.BSE_IDX,01/07/2025,09:08:50,26796.43,0,0,0,0,0,0
BSE100.BSE_IDX,01/07/2025,09:08:51,26796.43,0,0,0,0,0,0
BSE100.BSE_IDX,01/07/2025,09:08:52,26796.43,0,0,0,0,0,0
BSE100.BSE_IDX,01/07/2025,09:08:53,26796.43,0,0,0,0,0,0
BSE100.BSE_IDX,01/07/2025,09:08:54,26796.43,0,0,0,0,0,0
BSE100.BSE_IDX,01/07/2025,09:08:55,26796.43,0,0,0,0,0,0
BSE100.BSE_IDX,01/07/2025,09:08:56,26796.43,0,0,0,0,0,0
BSE100.BSE_IDX,01/07/2025,09:08:57,26796.43,0,0,0,0,0,0
BSE100.BSE_IDX,01/07/2025,09:08:58,26796.43,0,0,0,0,0,0
BSE100.BSE_IDX,01/07/2025,09:08:59,26796.43,0,0,0,0,0,0
BSE100.BSE_IDX,01/07/2025,09:09:00,26796.43,0,0,0,0,0,0
BSE100.BSE_IDX,01/07/2025,09:09:01,26796.52,0,0,0,0,0,0
BSE100.BSE_IDX,01/07/2025,09:09:02,26796.52,0,0,0,0,0,0
BSE100.BSE_IDX,01/07/2025,09:09:03,26796.52,0,0,0,0,0,0
BSE100.BSE_IDX,01/07/2025,09:09:04,26796.52,0,0,0,0,0,0
BSE100.BSE_IDX,01/07/2025,09:09:05,26796.52,0,0,0,0,0,0
BSE100.BSE_IDX,01/07/2025,09:09:06,26796.52,0,0,0,0,0,0
BSE100.BSE_IDX,01/07/2025,09:09:07,26796.52,0,0,0,0,0,0
BSE100.BSE_IDX,01/07/2025,09:09:08,26796.52,0,0,0,0,0,0
BSE100.BSE_IDX,01/07/2025,09:09:09,26796.52,0,0,0,0,0,0
BSE100.BSE_IDX,01/07/2025,09:09:10,26796.52,0,0,0,0,0,0
BSE100.BSE_IDX,01/07/2025,09:09:11,26796.52,0,0,0,0,0,0
BSE100.BSE_IDX,01/07/2025,09:09:12,26796.52,0,0,0,0,0,0
BSE100.BSE_IDX,01/07/2025,09:09:13,26796.52,0,0,0,0,0,0
BSE100.BSE_IDX,01/07/2025,09:09:14,26796.52,0,0,0,0,0,0
BSE100.BSE_IDX,01/07/2025,09:09:15,26796.52,0,0,0,0,0,0
BSE100.BSE_IDX,01/07/2025,09:09:16,26796.52,0,0,0,0,0,0
BSE100.BSE_IDX,01/07/2025,09:09:17,26796.52,0,0,0,0,0,0
BSE100.BSE_IDX,01/07/2025,09:09:18,26796.52,0,0,0,0,0,0
BSE100.BSE_IDX,01/07/2025,09:09:19,26796.52,0,0,0,0,0,0
BSE100.BSE_IDX,01/07/2025,09:09:20,26796.52,0,0,0,0,0,0
BSE100.BSE_IDX,01/07/2025,09:09:21,26796.52,0,0,0,0,0,0
BSE100.BSE_IDX,01/07/2025,09:09:22,26796.52,0,0,0,0,0,0
BSE100.BSE_IDX,01/07/2025,09:09:23,26796.52,0,0,0,0,0,0
BSE100.BSE_IDX,01/07/2025,09:09:24,26796.52,0,0,0,0,0,0
BSE100.BSE_IDX,01/07/2025,09:09:25,26796.52,0,0,0,0,0,0
BSE100.BSE_IDX,01/07/2025,09:09:26,26796.52,0,0,0,0,0,0
BSE100.BSE_IDX,01/07/2025,09:09:27,26796.52,0,0,0,0,0,0
BSE100.BSE_IDX,01/07/2025,09:09:28,26796.52,0,0,0,0,0,0
BSE100.BSE_IDX,01/07/2025,09:09:29,26796.52,0,0,0,0,0,0
BSE100.BSE_IDX,01/07/2025,09:09:30,26796.52,0,0,0,0,0,0
BSE100.BSE_IDX,01/07/2025,09:09:31,26796.52,0,0,0,0,0,0
BSE100.BSE_IDX,01/07/2025,09:09:32,26796.52,0,0,0,0,0,0
BSE100.BSE_IDX,01/07/2025,09:09:33,26796.52,0,0,0,0,0,0
BSE100.BSE_IDX,01/07/2025,09:09:34,26796.52,0,0,0,0,0,0
BSE100.BSE_IDX,01/07/2025,09:09:35,26796.52,0,0,0,0,0,0
BSE100.BSE_IDX,01/07/2025,09:09:36,26796.52,0,0,0,0,0,0
BSE100.BSE_IDX,01/07/2025,09:09:37,26796.52,0,0,0,0,0,0
BSE100.BSE_IDX,01/07/2025,09:09:38,26796.52,0,0,0,0,0,0
BSE100.BSE_IDX,01/07/2025,09:09:39,26796.52,0,0,0,0,0,0
BSE100.BSE_IDX,01/07/2025,09:09:40,26796.52,0,0,0,0,0,0
BSE100.BSE_IDX,01/07/2025,09:09:41,26796.52,0,0,0,0,0,0
BSE100.BSE_IDX,01/07/2025,09:09:42,26796.52,0,0,0,0,0,0
BSE100.BSE_IDX,01/07/2025,09:09:43,26796.52,0,0,0,0,0,0
BSE100.BSE_IDX,01/07/2025,09:09:44,26796.52,0,0,0,0,0,0
BSE100.BSE_IDX,01/07/2025,09:09:45,26796.52,0,0,0,0,0,0
BSE100.BSE_IDX,01/07/2025,09:09:46,26796.52,0,0,0,0,0,0
BSE100.BSE_IDX,01/07/2025,09:09:47,26796.52,0,0,0,0,0,0
BSE100.BSE_IDX,01/07/2025,09:09:48,26796.52,0,0,0,0,0,0
BSE100.BSE_IDX,01/07/2025,09:09:49,26796.52,0,0,0,0,0,0
BSE100.BSE_IDX,01/07/2025,09:09:50,26796.52,0,0,0,0,0,0
BSE100.BSE_IDX,01/07/2025,09:09:51,26796.52,0,0,0,0,0,0
BSE100.BSE_IDX,01/07/2025,09:09:52,26796.52,0,0,0,0,0,0
BSE100.BSE_IDX,01/07/2025,09:09:53,26796.52,0,0,0,0,0,0
BSE100.BSE_IDX,01/07/2025,09:09:54,26796.52,0,0,0,0,0,0
BSE100.BSE_IDX,01/07/2025,09:09:55,26796.52,0,0,0,0,0,0
BSE100.BSE_IDX,01/07/2025,09:09:56,26796.52,0,0,0,0,0,0
BSE100.BSE_IDX,01/07/2025,09:09:57,26796.52,0,0,0,0,0,0
BSE100.BSE_IDX,01/07/2025,09:09:58,26796.52,0,0,0,0,0,0
BSE100.BSE_IDX,01/07/2025,09:09:59,26796.52,0,0,0,0,0,0
BSE100.BSE_IDX,01/07/2025,09:10:00,26796.52,0,0,0,0,0,0
BSE100.BSE_IDX,01/07/2025,09:10:01,26796.52,0,0,0,0,0,0
BSE100.BSE_IDX,01/07/2025,09:10:02,26796.52,0,0,0,0,0,0
BSE100.BSE_IDX,01/07/2025,09:10:03,26796.52,0,0,0,0,0,0
BSE100.BSE_IDX,01/07/2025,09:10:04,26796.52,0,0,0,0,0,0
BSE100.BSE_IDX,01/07/2025,09:10:05,26796.52,0,0,0,0,0,0
BSE100.BSE_IDX,01/07/2025,09:10:06,26796.52,0,0,0,0,0,0
BSE100.BSE_IDX,01/07/2025,09:10:07,26796.52,0,0,0,0,0,0
BSE100.BSE_IDX,01/07/2025,09:10:08,26796.52,0,0,0,0,0,0
BSE100.BSE_IDX,01/07/2025,09:10:09,26796.52,0,0,0,0,0,0
BSE100.BSE_IDX,01/07/2025,09:10:10,26796.52,0,0,0,0,0,0
BSE100.BSE_IDX,01/07/2025,09:10:11,26796.52,0,0,0,0,0,0
BSE100.BSE_IDX,01/07/2025,09:10:12,26796.52,0,0,0,0,0,0
BSE100.BSE_IDX,01/07/2025,09:10:13,26796.52,0,0,0,0,0,0
BSE100.BSE_IDX,01/07/2025,09:10:14,26796.52,0,0,0,0,0,0
BSE100.BSE_IDX,01/07/2025,09:10:15,26796.52,0,0,0,0,0,0
BSE100.BSE_IDX,01/07/2025,09:10:16,26796.52,0,0,0,0,0,0
BSE100.BSE_IDX,01/07/2025,09:10:17,26796.52,0,0,0,0,0,0
BSE100.BSE_IDX,01/07/2025,09:10:18,26796.52,0,0,0,0,0,0
BSE100.BSE_IDX,01/07/2025,09:10:19,26796.52,0,0,0,0,0,0
BSE100.BSE_IDX,01/07/2025,09:10:20,26796.52,0,0,0,0,0,0
BSE100.BSE_IDX,01/07/2025,09:10:21,26796.52,0,0,0,0,0,0
BSE100.BSE_IDX,01/07/2025,09:10:22,26796.52,0,0,0,0,0,0
BSE100.BSE_IDX,01/07/2025,09:10:23,26796.52,0,0,0,0,0,0
BSE100.BSE_IDX,01/07/2025,09:10:24,26796.52,0,0,0,0,0,0
BSE100.BSE_IDX,01/07/2025,09:10:25,26796.52,0,0,0,0,0,0
BSE100.BSE_IDX,01/07/2025,09:10:26,26796.52,0,0,0,0,0,0
BSE100.BSE_IDX,01/07/2025,09:10:27,26796.52,0,0,0,0,0,0
BSE100.BSE_IDX,01/07/2025,09:10:28,26796.52,0,0,0,0,0,0
BSE100.BSE_IDX,01/07/2025,09:10:29,26796.52,0,0,0,0,0,0
BSE100.BSE_IDX,01/07/2025,09:10:30,26796.52,0,0,0,0,0,0
BSE100.BSE_IDX,01/07/2025,09:10:31,26796.52,0,0,0,0,0,0
BSE100.BSE_IDX,01/07/2025,09:10:32,26796.52,0,0,0,0,0,0
BSE100.BSE_IDX,01/07/2025,09:10:33,26796.52,0,0,0,0,0,0
BSE100.BSE_IDX,01/07/2025,09:10:34,26796.52,0,0,0,0,0,0
BSE100.BSE_IDX,01/07/2025,09:10:35,26796.52,0,0,0,0,0,0
BSE100.BSE_IDX,01/07/2025,09:10:36,26796.52,0,0,0,0,0,0
BSE100.BSE_IDX,01/07/2025,09:10:37,26796.52,0,0,0,0,0,0
BSE100.BSE_IDX,01/07/2025,09:10:38,26796.52,0,0,0,0,0,0
BSE100.BSE_IDX,01/07/2025,09:10:39,26796.52,0,0,0,0,0,0
BSE100.BSE_IDX,01/07/2025,09:10:40,26796.52,0,0,0,0,0,0
BSE100.BSE_IDX,01/07/2025,09:10:41,26796.52,0,0,0,0,0,0
BSE100.BSE_IDX,01/07/2025,09:10:42,26796.52,0,0,0,0,0,0
BSE100.BSE_IDX,01/07/2025,09:10:43,26796.52,0,0,0,0,0,0
BSE100.BSE_IDX,01/07/2025,09:10:44,26796.52,0,0,0,0,0,0
BSE100.BSE_IDX,01/07/2025,09:10:45,26796.52,0,0,0,0,0,0
BSE100.BSE_IDX,01/07/2025,09:10:46,26796.52,0,0,0,0,0,0
BSE100.BSE_IDX,01/07/2025,09:10:47,26796.52,0,0,0,0,0,0
BSE100.BSE_IDX,01/07/2025,09:10:48,26796.52,0,0,0,0,0,0
BSE100.BSE_IDX,01/07/2025,09:10:49,26796.52,0,0,0,0,0,0
BSE100.BSE_IDX,01/07/2025,09:10:50,26796.52,0,0,0,0,0,0
BSE100.BSE_IDX,01/07/2025,09:10:51,26796.52,0,0,0,0,0,0
BSE100.BSE_IDX,01/07/2025,09:10:52,26796.52,0,0,0,0,0,0
BSE100.BSE_IDX,01/07/2025,09:10:53,26796.52,0,0,0,0,0,0
BSE100.BSE_IDX,01/07/2025,09:10:54,26796.52,0,0,0,0,0,0
BSE100.BSE_IDX,01/07/2025,09:10:55,26796.52,0,0,0,0,0,0
BSE100.BSE_IDX,01/07/2025,09:10:56,26796.52,0,0,0,0,0,0
BSE100.BSE_IDX,01/07/2025,09:10:57,26796.52,0,0,0,0,0,0
BSE100.BSE_IDX,01/07/2025,09:10:58,26796.52,0,0,0,0,0,0
BSE100.BSE_IDX,01/07/2025,09:10:59,26796.52,0,0,0,0,0,0
BSE100.BSE_IDX,01/07/2025,09:11:00,26796.52,0,0,0,0,0,0
BSE100.BSE_IDX,01/07/2025,09:11:01,26796.52,0,0,0,0,0,0
BSE100.BSE_IDX,01/07/2025,09:11:02,26796.52,0,0,0,0,0,0
BSE100.BSE_IDX,01/07/2025,09:11:03,26796.52,0,0,0,0,0,0
BSE100.BSE_IDX,01/07/2025,09:11:04,26796.52,0,0,0,0,0,0
BSE100.BSE_IDX,01/07/2025,09:11:05,26796.52,0,0,0,0,0,0
BSE100.BSE_IDX,01/07/2025,09:11:06,26796.52,0,0,0,0,0,0
BSE100.BSE_IDX,01/07/2025,09:11:07,26796.52,0,0,0,0,0,0
BSE100.BSE_IDX,01/07/2025,09:11:08,26796.52,0,0,0,0,0,0
BSE100.BSE_IDX,01/07/2025,09:11:09,26796.52,0,0,0,0,0,0
BSE100.BSE_IDX,01/07/2025,09:11:10,26796.52,0,0,0,0,0,0
BSE100.BSE_IDX,01/07/2025,09:11:11,26796.52,0,0,0,0,0,0
BSE100.BSE_IDX,01/07/2025,09:11:12,26796.52,0,0,0,0,0,0
BSE100.BSE_IDX,01/07/2025,09:11:13,26796.52,0,0,0,0,0,0
BSE100.BSE_IDX,01/07/2025,09:11:14,26796.52,0,0,0,0,0,0
BSE100.BSE_IDX,01/07/2025,09:11:15,26796.52,0,0,0,0,0,0
BSE100.BSE_IDX,01/07/2025,09:11:16,26796.52,0,0,0,0,0,0
BSE100.BSE_IDX,01/07/2025,09:11:17,26796.52,0,0,0,0,0,0
BSE100.BSE_IDX,01/07/2025,09:11:18,26796.52,0,0,0,0,0,0
BSE100.BSE_IDX,01/07/2025,09:11:19,26796.52,0,0,0,0,0,0
BSE100.BSE_IDX,01/07/2025,09:11:20,26796.52,0,0,0,0,0,0
BSE100.BSE_IDX,01/07/2025,09:11:21,26796.52,0,0,0,0,0,0
BSE100.BSE_IDX,01/07/2025,09:11:22,26796.52,0,0,0,0,0,0
BSE100.BSE_IDX,01/07/2025,09:11:23,26796.52,0,0,0,0,0,0
BSE100.BSE_IDX,01/07/2025,09:11:24,26796.52,0,0,0,0,0,0
BSE100.BSE_IDX,01/07/2025,09:11:25,26796.52,0,0,0,0,0,0
BSE100.BSE_IDX,01/07/2025,09:11:26,26796.52,0,0,0,0,0,0
BSE100.BSE_IDX,01/07/2025,09:11:27,26796.52,0,0,0,0,0,0
BSE100.BSE_IDX,01/07/2025,09:11:28,26796.52,0,0,0,0,0,0
BSE100.BSE_IDX,01/07/2025,09:11:29,26796.52,0,0,0,0,0,0
BSE100.BSE_IDX,01/07/2025,09:11:30,26796.52,0,0,0,0,0,0
BSE100.BSE_IDX,01/07/2025,09:11:32,26796.52,0,0,0,0,0,0
BSE100.BSE_IDX,01/07/2025,09:11:32,26796.52,0,0,0,0,0,0
BSE100.BSE_IDX,01/07/2025,09:11:33,26796.52,0,0,0,0,0,0
BSE100.BSE_IDX,01/07/2025,09:11:34,26796.52,0,0,0,0,0,0
BSE100.BSE_IDX,01/07/2025,09:11:35,26796.52,0,0,0,0,0,0
BSE100.BSE_IDX,01/07/2025,09:11:36,26796.52,0,0,0,0,0,0
BSE100.BSE_IDX,01/07/2025,09:11:37,26796.52,0,0,0,0,0,0
BSE100.BSE_IDX,01/07/2025,09:11:38,26796.52,0,0,0,0,0,0
BSE100.BSE_IDX,01/07/2025,09:11:39,26796.52,0,0,0,0,0,0
BSE100.BSE_IDX,01/07/2025,09:11:40,26796.52,0,0,0,0,0,0
BSE100.BSE_IDX,01/07/2025,09:11:41,26796.52,0,0,0,0,0,0
BSE100.BSE_IDX,01/07/2025,09:11:42,26796.52,0,0,0,0,0,0
BSE100.BSE_IDX,01/07/2025,09:11:43,26796.52,0,0,0,0,0,0
BSE100.BSE_IDX,01/07/2025,09:11:44,26796.52,0,0,0,0,0,0
BSE100.BSE_IDX,01/07/2025,09:11:45,26796.52,0,0,0,0,0,0
BSE100.BSE_IDX,01/07/2025,09:11:46,26796.52,0,0,0,0,0,0
BSE100.BSE_IDX,01/07/2025,09:11:47,26796.52,0,0,0,0,0,0
BSE100.BSE_IDX,01/07/2025,09:11:48,26796.52,0,0,0,0,0,0
BSE100.BSE_IDX,01/07/2025,09:11:49,26796.52,0,0,0,0,0,0
BSE100.BSE_IDX,01/07/2025,09:11:50,26796.52,0,0,0,0,0,0
BSE100.BSE_IDX,01/07/2025,09:11:51,26796.52,0,0,0,0,0,0
BSE100.BSE_IDX,01/07/2025,09:11:52,26796.52,0,0,0,0,0,0
BSE100.BSE_IDX,01/07/2025,09:11:54,26796.52,0,0,0,0,0,0
BSE100.BSE_IDX,01/07/2025,09:11:54,26796.52,0,0,0,0,0,0
BSE100.BSE_IDX,01/07/2025,09:11:55,26796.52,0,0,0,0,0,0
BSE100.BSE_IDX,01/07/2025,09:11:56,26796.52,0,0,0,0,0,0
BSE100.BSE_IDX,01/07/2025,09:11:57,26796.52,0,0,0,0,0,0
BSE100.BSE_IDX,01/07/2025,09:11:58,26796.52,0,0,0,0,0,0
BSE100.BSE_IDX,01/07/2025,09:11:59,26796.52,0,0,0,0,0,0
BSE100.BSE_IDX,01/07/2025,09:12:00,26796.52,0,0,0,0,0,0
BSE100.BSE_IDX,01/07/2025,09:12:01,26796.52,0,0,0,0,0,0
BSE100.BSE_IDX,01/07/2025,09:12:02,26796.52,0,0,0,0,0,0
BSE100.BSE_IDX,01/07/2025,09:12:03,26796.52,0,0,0,0,0,0
BSE100.BSE_IDX,01/07/2025,09:12:04,26796.52,0,0,0,0,0,0
BSE100.BSE_IDX,01/07/2025,09:12:05,26796.52,0,0,0,0,0,0
BSE100.BSE_IDX,01/07/2025,09:12:06,26796.52,0,0,0,0,0,0
BSE100.BSE_IDX,01/07/2025,09:12:07,26796.52,0,0,0,0,0,0
BSE100.BSE_IDX,01/07/2025,09:12:08,26796.52,0,0,0,0,0,0
BSE100.BSE_IDX,01/07/2025,09:12:09,26796.52,0,0,0,0,0,0
BSE100.BSE_IDX,01/07/2025,09:12:10,26796.52,0,0,0,0,0,0
BSE100.BSE_IDX,01/07/2025,09:12:11,26796.52,0,0,0,0,0,0
BSE100.BSE_IDX,01/07/2025,09:12:12,26796.52,0,0,0,0,0,0
BSE100.BSE_IDX,01/07/2025,09:12:13,26796.52,0,0,0,0,0,0
BSE100.BSE_IDX,01/07/2025,09:12:14,26796.52,0,0,0,0,0,0
BSE100.BSE_IDX,01/07/2025,09:12:16,26796.52,0,0,0,0,0,0
BSE100.BSE_IDX,01/07/2025,09:12:16,26796.52,0,0,0,0,0,0
BSE100.BSE_IDX,01/07/2025,09:12:17,26796.52,0,0,0,0,0,0
BSE100.BSE_IDX,01/07/2025,09:12:18,26796.52,0,0,0,0,0,0
BSE100.BSE_IDX,01/07/2025,09:12:19,26796.52,0,0,0,0,0,0
BSE100.BSE_IDX,01/07/2025,09:12:20,26796.52,0,0,0,0,0,0
BSE100.BSE_IDX,01/07/2025,09:12:21,26796.52,0,0,0,0,0,0
BSE100.BSE_IDX,01/07/2025,09:12:22,26796.52,0,0,0,0,0,0
BSE100.BSE_IDX,01/07/2025,09:12:23,26796.52,0,0,0,0,0,0
BSE100.BSE_IDX,01/07/2025,09:12:24,26796.52,0,0,0,0,0,0
BSE100.BSE_IDX,01/07/2025,09:12:25,26796.52,0,0,0,0,0,0
BSE100.BSE_IDX,01/07/2025,09:12:26,26796.52,0,0,0,0,0,0
BSE100.BSE_IDX,01/07/2025,09:12:27,26796.52,0,0,0,0,0,0
BSE100.BSE_IDX,01/07/2025,09:12:28,26796.52,0,0,0,0,0,0
BSE100.BSE_IDX,01/07/2025,09:12:29,26796.52,0,0,0,0,0,0
BSE100.BSE_IDX,01/07/2025,09:12:30,26796.52,0,0,0,0,0,0
BSE100.BSE_IDX,01/07/2025,09:12:31,26796.52,0,0,0,0,0,0
BSE100.BSE_IDX,01/07/2025,09:12:33,26796.52,0,0,0,0,0,0
BSE100.BSE_IDX,01/07/2025,09:12:33,26796.52,0,0,0,0,0,0
BSE100.BSE_IDX,01/07/2025,09:12:34,26796.52,0,0,0,0,0,0
BSE100.BSE_IDX,01/07/2025,09:12:35,26796.52,0,0,0,0,0,0
BSE100.BSE_IDX,01/07/2025,09:12:36,26796.52,0,0,0,0,0,0
BSE100.BSE_IDX,01/07/2025,09:12:37,26796.52,0,0,0,0,0,0
BSE100.BSE_IDX,01/07/2025,09:12:38,26796.52,0,0,0,0,0,0
BSE100.BSE_IDX,01/07/2025,09:12:39,26796.52,0,0,0,0,0,0
BSE100.BSE_IDX,01/07/2025,09:12:40,26796.52,0,0,0,0,0,0
BSE100.BSE_IDX,01/07/2025,09:12:41,26796.52,0,0,0,0,0,0
BSE100.BSE_IDX,01/07/2025,09:12:42,26796.52,0,0,0,0,0,0
BSE100.BSE_IDX,01/07/2025,09:12:43,26796.52,0,0,0,0,0,0
BSE100.BSE_IDX,01/07/2025,09:12:44,26796.52,0,0,0,0,0,0
BSE100.BSE_IDX,01/07/2025,09:12:45,26796.52,0,0,0,0,0,0
BSE100.BSE_IDX,01/07/2025,09:12:47,26796.52,0,0,0,0,0,0
BSE100.BSE_IDX,01/07/2025,09:12:47,26796.52,0,0,0,0,0,0
BSE100.BSE_IDX,01/07/2025,09:12:48,26796.52,0,0,0,0,0,0
BSE100.BSE_IDX,01/07/2025,09:12:49,26796.52,0,0,0,0,0,0
BSE100.BSE_IDX,01/07/2025,09:12:50,26796.52,0,0,0,0,0,0
BSE100.BSE_IDX,01/07/2025,09:12:51,26796.52,0,0,0,0,0,0
BSE100.BSE_IDX,01/07/2025,09:12:52,26796.52,0,0,0,0,0,0
BSE100.BSE_IDX,01/07/2025,09:12:53,26796.52,0,0,0,0,0,0
BSE100.BSE_IDX,01/07/2025,09:12:54,26796.52,0,0,0,0,0,0
BSE100.BSE_IDX,01/07/2025,09:12:55,26796.52,0,0,0,0,0,0
BSE100.BSE_IDX,01/07/2025,09:12:57,26796.52,0,0,0,0,0,0
BSE100.BSE_IDX,01/07/2025,09:12:57,26796.52,0,0,0,0,0,0
BSE100.BSE_IDX,01/07/2025,09:12:58,26796.52,0,0,0,0,0,0
BSE100.BSE_IDX,01/07/2025,09:12:59,26796.52,0,0,0,0,0,0
BSE100.BSE_IDX,01/07/2025,09:13:00,26796.52,0,0,0,0,0,0
BSE100.BSE_IDX,01/07/2025,09:13:01,26796.52,0,0,0,0,0,0
BSE100.BSE_IDX,01/07/2025,09:13:02,26796.52,0,0,0,0,0,0
BSE100.BSE_IDX,01/07/2025,09:13:03,26796.52,0,0,0,0,0,0
BSE100.BSE_IDX,01/07/2025,09:13:04,26796.52,0,0,0,0,0,0
BSE100.BSE_IDX,01/07/2025,09:13:05,26796.52,0,0,0,0,0,0
BSE100.BSE_IDX,01/07/2025,09:13:06,26796.52,0,0,0,0,0,0
BSE100.BSE_IDX,01/07/2025,09:13:07,26796.52,0,0,0,0,0,0
BSE100.BSE_IDX,01/07/2025,09:13:08,26796.52,0,0,0,0,0,0
BSE100.BSE_IDX,01/07/2025,09:13:09,26796.52,0,0,0,0,0,0
BSE100.BSE_IDX,01/07/2025,09:13:10,26796.52,0,0,0,0,0,0
BSE100.BSE_IDX,01/07/2025,09:13:11,26796.52,0,0,0,0,0,0
BSE100.BSE_IDX,01/07/2025,09:13:12,26796.52,0,0,0,0,0,0
BSE100.BSE_IDX,01/07/2025,09:13:13,26796.52,0,0,0,0,0,0
BSE100.BSE_IDX,01/07/2025,09:13:14,26796.52,0,0,0,0,0,0
BSE100.BSE_IDX,01/07/2025,09:13:15,26796.52,0,0,0,0,0,0
BSE100.BSE_IDX,01/07/2025,09:13:16,26796.52,0,0,0,0,0,0
BSE100.BSE_IDX,01/07/2025,09:13:17,26796.52,0,0,0,0,0,0
BSE100.BSE_IDX,01/07/2025,09:13:18,26796.52,0,0,0,0,0,0
BSE100.BSE_IDX,01/07/2025,09:13:19,26796.52,0,0,0,0,0,0
BSE100.BSE_IDX,01/07/2025,09:13:20,26796.52,0,0,0,0,0,0
BSE100.BSE_IDX,01/07/2025,09:13:21,26796.52,0,0,0,0,0,0
BSE100.BSE_IDX,01/07/2025,09:13:22,26796.52,0,0,0,0,0,0
BSE100.BSE_IDX,01/07/2025,09:13:23,26796.52,0,0,0,0,0,0
BSE100.BSE_IDX,01/07/2025,09:13:24,26796.52,0,0,0,0,0,0
BSE100.BSE_IDX,01/07/2025,09:13:25,26796.52,0,0,0,0,0,0
BSE100.BSE_IDX,01/07/2025,09:13:26,26796.52,0,0,0,0,0,0
BSE100.BSE_IDX,01/07/2025,09:13:27,26796.52,0,0,0,0,0,0
BSE100.BSE_IDX,01/07/2025,09:13:28,26796.52,0,0,0,0,0,0
BSE100.BSE_IDX,01/07/2025,09:13:29,26796.52,0,0,0,0,0,0
BSE100.BSE_IDX,01/07/2025,09:13:30,26796.52,0,0,0,0,0,0
BSE100.BSE_IDX,01/07/2025,09:13:31,26796.52,0,0,0,0,0,0
BSE100.BSE_IDX,01/07/2025,09:13:32,26796.52,0,0,0,0,0,0
BSE100.BSE_IDX,01/07/2025,09:13:33,26796.52,0,0,0,0,0,0
BSE100.BSE_IDX,01/07/2025,09:13:34,26796.52,0,0,0,0,0,0
BSE100.BSE_IDX,01/07/2025,09:13:35,26796.52,0,0,0,0,0,0
BSE100.BSE_IDX,01/07/2025,09:13:36,26796.52,0,0,0,0,0,0
BSE100.BSE_IDX,01/07/2025,09:13:37,26796.52,0,0,0,0,0,0
BSE100.BSE_IDX,01/07/2025,09:13:38,26796.52,0,0,0,0,0,0
BSE100.BSE_IDX,01/07/2025,09:13:39,26796.52,0,0,0,0,0,0
BSE100.BSE_IDX,01/07/2025,09:13:40,26796.52,0,0,0,0,0,0
BSE100.BSE_IDX,01/07/2025,09:13:41,26796.52,0,0,0,0,0,0
BSE100.BSE_IDX,01/07/2025,09:13:42,26796.52,0,0,0,0,0,0
BSE100.BSE_IDX,01/07/2025,09:13:43,26796.52,0,0,0,0,0,0
BSE100.BSE_IDX,01/07/2025,09:13:44,26796.52,0,0,0,0,0,0
BSE100.BSE_IDX,01/07/2025,09:13:45,26796.52,0,0,0,0,0,0
BSE100.BSE_IDX,01/07/2025,09:13:46,26796.52,0,0,0,0,0,0
BSE100.BSE_IDX,01/07/2025,09:13:47,26796.52,0,0,0,0,0,0
BSE100.BSE_IDX,01/07/2025,09:13:48,26796.52,0,0,0,0,0,0
BSE100.BSE_IDX,01/07/2025,09:13:49,26796.52,0,0,0,0,0,0
BSE100.BSE_IDX,01/07/2025,09:13:50,26796.52,0,0,0,0,0,0
BSE100.BSE_IDX,01/07/2025,09:13:51,26796.52,0,0,0,0,0,0
BSE100.BSE_IDX,01/07/2025,09:13:52,26796.52,0,0,0,0,0,0
BSE100.BSE_IDX,01/07/2025,09:13:53,26796.52,0,0,0,0,0,0
BSE100.BSE_IDX,01/07/2025,09:13:54,26796.52,0,0,0,0,0,0
BSE100.BSE_IDX,01/07/2025,09:13:55,26796.52,0,0,0,0,0,0
BSE100.BSE_IDX,01/07/2025,09:13:56,26796.52,0,0,0,0,0,0
BSE100.BSE_IDX,01/07/2025,09:13:57,26796.52,0,0,0,0,0,0
BSE100.BSE_IDX,01/07/2025,09:13:59,26796.52,0,0,0,0,0,0
BSE100.BSE_IDX,01/07/2025,09:13:59,26796.52,0,0,0,0,0,0
BSE100.BSE_IDX,01/07/2025,09:14:00,26796.52,0,0,0,0,0,0
BSE100.BSE_IDX,01/07/2025,09:14:01,26796.52,0,0,0,0,0,0
BSE100.BSE_IDX,01/07/2025,09:14:02,26796.52,0,0,0,0,0,0
BSE100.BSE_IDX,01/07/2025,09:14:03,26796.52,0,0,0,0,0,0
BSE100.BSE_IDX,01/07/2025,09:14:04,26796.52,0,0,0,0,0,0
BSE100.BSE_IDX,01/07/2025,09:14:05,26796.52,0,0,0,0,0,0
BSE100.BSE_IDX,01/07/2025,09:14:06,26796.52,0,0,0,0,0,0
BSE100.BSE_IDX,01/07/2025,09:14:07,26796.52,0,0,0,0,0,0
BSE100.BSE_IDX,01/07/2025,09:14:08,26796.52,0,0,0,0,0,0
BSE100.BSE_IDX,01/07/2025,09:14:09,26796.52,0,0,0,0,0,0
BSE100.BSE_IDX,01/07/2025,09:14:12,26796.52,0,0,0,0,0,0
BSE100.BSE_IDX,01/07/2025,09:14:12,26796.52,0,0,0,0,0,0
BSE100.BSE_IDX,01/07/2025,09:14:12,26796.52,0,0,0,0,0,0
BSE100.BSE_IDX,01/07/2025,09:14:13,26796.52,0,0,0,0,0,0
BSE100.BSE_IDX,01/07/2025,09:14:14,26796.52,0,0,0,0,0,0
BSE100.BSE_IDX,01/07/2025,09:14:15,26796.52,0,0,0,0,0,0
BSE100.BSE_IDX,01/07/2025,09:14:16,26796.52,0,0,0,0,0,0
BSE100.BSE_IDX,01/07/2025,09:14:17,26796.52,0,0,0,0,0,0
BSE100.BSE_IDX,01/07/2025,09:14:18,26796.52,0,0,0,0,0,0
BSE100.BSE_IDX,01/07/2025,09:14:19,26796.52,0,0,0,0,0,0
BSE100.BSE_IDX,01/07/2025,09:14:20,26796.52,0,0,0,0,0,0
BSE100.BSE_IDX,01/07/2025,09:14:21,26796.52,0,0,0,0,0,0
BSE100.BSE_IDX,01/07/2025,09:14:23,26796.52,0,0,0,0,0,0
BSE100.BSE_IDX,01/07/2025,09:14:23,26796.52,0,0,0,0,0,0
BSE100.BSE_IDX,01/07/2025,09:14:24,26796.52,0,0,0,0,0,0
BSE100.BSE_IDX,01/07/2025,09:14:25,26796.52,0,0,0,0,0,0
BSE100.BSE_IDX,01/07/2025,09:14:26,26796.52,0,0,0,0,0,0
BSE100.BSE_IDX,01/07/2025,09:14:27,26796.52,0,0,0,0,0,0
BSE100.BSE_IDX,01/07/2025,09:14:28,26796.52,0,0,0,0,0,0
BSE100.BSE_IDX,01/07/2025,09:14:29,26796.52,0,0,0,0,0,0
BSE100.BSE_IDX,01/07/2025,09:14:30,26796.52,0,0,0,0,0,0
BSE100.BSE_IDX,01/07/2025,09:14:31,26796.52,0,0,0,0,0,0
BSE100.BSE_IDX,01/07/2025,09:14:32,26796.52,0,0,0,0,0,0
BSE100.BSE_IDX,01/07/2025,09:14:33,26796.52,0,0,0,0,0,0
BSE100.BSE_IDX,01/07/2025,09:14:34,26796.52,0,0,0,0,0,0
BSE100.BSE_IDX,01/07/2025,09:14:36,26796.52,0,0,0,0,0,0
BSE100.BSE_IDX,01/07/2025,09:14:36,26796.52,0,0,0,0,0,0
BSE100.BSE_IDX,01/07/2025,09:14:37,26796.52,0,0,0,0,0,0
BSE100.BSE_IDX,01/07/2025,09:14:38,26796.52,0,0,0,0,0,0
BSE100.BSE_IDX,01/07/2025,09:14:39,26796.52,0,0,0,0,0,0
BSE100.BSE_IDX,01/07/2025,09:14:40,26796.52,0,0,0,0,0,0
BSE100.BSE_IDX,01/07/2025,09:14:41,26796.52,0,0,0,0,0,0
BSE100.BSE_IDX,01/07/2025,09:14:42,26796.52,0,0,0,0,0,0
BSE100.BSE_IDX,01/07/2025,09:14:43,26796.52,0,0,0,0,0,0
BSE100.BSE_IDX,01/07/2025,09:14:44,26796.52,0,0,0,0,0,0
BSE100.BSE_IDX,01/07/2025,09:14:45,26796.52,0,0,0,0,0,0
BSE100.BSE_IDX,01/07/2025,09:14:46,26796.52,0,0,0,0,0,0
BSE100.BSE_IDX,01/07/2025,09:14:49,26796.52,0,0,0,0,0,0
BSE100.BSE_IDX,01/07/2025,09:14:49,26796.52,0,0,0,0,0,0
BSE100.BSE_IDX,01/07/2025,09:14:49,26796.52,0,0,0,0,0,0
BSE100.BSE_IDX,01/07/2025,09:14:50,26796.52,0,0,0,0,0,0
BSE100.BSE_IDX,01/07/2025,09:14:51,26796.52,0,0,0,0,0,0
BSE100.BSE_IDX,01/07/2025,09:14:52,26796.52,0,0,0,0,0,0
BSE100.BSE_IDX,01/07/2025,09:14:54,26796.52,0,0,0,0,0,0
BSE100.BSE_IDX,01/07/2025,09:14:54,26796.52,0,0,0,0,0,0
BSE100.BSE_IDX,01/07/2025,09:14:55,26796.52,0,0,0,0,0,0
BSE100.BSE_IDX,01/07/2025,09:14:57,26796.52,0,0,0,0,0,0
BSE100.BSE_IDX,01/07/2025,09:14:57,26796.52,0,0,0,0,0,0
BSE100.BSE_IDX,01/07/2025,09:14:58,26796.52,0,0,0,0,0,0
BSE100.BSE_IDX,01/07/2025,09:14:59,26796.52,0,0,0,0,0,0
BSE100.BSE_IDX,01/07/2025,09:15:01,26816.98,0,0,0,0,0,0
BSE100.BSE_IDX,01/07/2025,09:15:03,26818.24,0,0,0,0,0,0
BSE100.BSE_IDX,01/07/2025,09:15:03,26815.62,0,0,0,0,0,0
BSE100.BSE_IDX,01/07/2025,09:15:04,26810.04,0,0,0,0,0,0
BSE100.BSE_IDX,01/07/2025,09:15:04,26814.99,0,0,0,0,0,0
BSE100.BSE_IDX,01/07/2025,09:15:05,26807.94,0,0,0,0,0,0
BSE100.BSE_IDX,01/07/2025,09:15:06,26811.03,0,0,0,0,0,0
BSE100.BSE_IDX,01/07/2025,09:15:09,26810.92,0,0,0,0,0,0
BSE100.BSE_IDX,01/07/2025,09:15:10,26815.14,0,0,0,0,0,0
BSE100.BSE_IDX,01/07/2025,09:15:10,26816.94,0,0,0,0,0,0
BSE100.BSE_IDX,01/07/2025,09:15:11,26818.3,0,0,0,0,0,0
BSE100.BSE_IDX,01/07/2025,09:15:11,26816.55,0,0,0,0,0,0
BSE100.BSE_IDX,01/07/2025,09:15:12,26815.18,0,0,0,0,0,0
BSE100.BSE_IDX,01/07/2025,09:15:14,26815.04,0,0,0,0,0,0
BSE100.BSE_IDX,01/07/2025,09:15:15,26818.41,0,0,0,0,0,0
BSE100.BSE_IDX,01/07/2025,09:15:16,26816.24,0,0,0,0,0,0
BSE100.BSE_IDX,01/07/2025,09:15:16,26812.67,0,0,0,0,0,0
BSE100.BSE_IDX,01/07/2025,09:15:17,26812.13,0,0,0,0,0,0
BSE100.BSE_IDX,01/07/2025,09:15:18,26809.97,0,0,0,0,0,0
BSE100.BSE_IDX,01/07/2025,09:15:19,26804.89,0,0,0,0,0,0
BSE100.BSE_IDX,01/07/2025,09:15:20,26806.89,0,0,0,0,0,0
BSE100.BSE_IDX,01/07/2025,09:15:22,26804.67,0,0,0,0,0,0
BSE100.BSE_IDX,01/07/2025,09:15:22,26803.3,0,0,0,0,0,0
BSE100.BSE_IDX,01/07/2025,09:15:23,26803.18,0,0,0,0,0,0
BSE100.BSE_IDX,01/07/2025,09:15:25,26799.26,0,0,0,0,0,0
BSE100.BSE_IDX,01/07/2025,09:15:26,26797.97,0,0,0,0,0,0
BSE100.BSE_IDX,01/07/2025,09:15:27,26793.24,0,0,0,0,0,0
BSE100.BSE_IDX,01/07/2025,09:15:27,26792.75,0,0,0,0,0,0
BSE100.BSE_IDX,01/07/2025,09:15:30,26794.01,0,0,0,0,0,0
BSE100.BSE_IDX,01/07/2025,09:15:30,26792.65,0,0,0,0,0,0
BSE100.BSE_IDX,01/07/2025,09:15:31,26791.5,0,0,0,0,0,0
BSE100.BSE_IDX,01/07/2025,09:15:32,26794.25,0,0,0,0,0,0
BSE100.BSE_IDX,01/07/2025,09:15:33,26791.92,0,0,0,0,0,0
BSE100.BSE_IDX,01/07/2025,09:15:34,26794.18,0,0,0,0,0,0
BSE100.BSE_IDX,01/07/2025,09:15:35,26794.11,0,0,0,0,0,0
BSE100.BSE_IDX,01/07/2025,09:15:36,26792.98,0,0,0,0,0,0
BSE100.BSE_IDX,01/07/2025,09:15:37,26792.16,0,0,0,0,0,0
BSE100.BSE_IDX,01/07/2025,09:15:38,26791.99,0,0,0,0,0,0
BSE100.BSE_IDX,01/07/2025,09:15:39,26792.69,0,0,0,0,0,0
BSE100.BSE_IDX,01/07/2025,09:15:41,26790.63,0,0,0,0,0,0
BSE100.BSE_IDX,01/07/2025,09:15:41,26790.64,0,0,0,0,0,0
BSE100.BSE_IDX,01/07/2025,09:15:42,26789.07,0,0,0,0,0,0
BSE100.BSE_IDX,01/07/2025,09:15:43,26791.28,0,0,0,0,0,0
BSE100.BSE_IDX,01/07/2025,09:15:44,26789.49,0,0,0,0,0,0
BSE100.BSE_IDX,01/07/2025,09:15:45,26788.39,0,0,0,0,0,0
BSE100.BSE_IDX,01/07/2025,09:15:46,26785.64,0,0,0,0,0,0
BSE100.BSE_IDX,01/07/2025,09:15:47,26786.97,0,0,0,0,0,0
BSE100.BSE_IDX,01/07/2025,09:15:48,26784.84,0,0,0,0,0,0
BSE100.BSE_IDX,01/07/2025,09:15:49,26784.2,0,0,0,0,0,0
BSE100.BSE_IDX,01/07/2025,09:15:50,26784.87,0,0,0,0,0,0
BSE100.BSE_IDX,01/07/2025,09:15:51,26785.56,0,0,0,0,0,0
BSE100.BSE_IDX,01/07/2025,09:15:52,26784.48,0,0,0,0,0,0
BSE100.BSE_IDX,01/07/2025,09:15:53,26781.27,0,0,0,0,0,0
BSE100.BSE_IDX,01/07/2025,09:15:54,26780.18,0,0,0,0,0,0
BSE100.BSE_IDX,01/07/2025,09:15:55,26779.32,0,0,0,0,0,0
BSE100.BSE_IDX,01/07/2025,09:15:56,26778.66,0,0,0,0,0,0
BSE100.BSE_IDX,01/07/2025,09:15:57,26777.89,0,0,0,0,0,0
BSE100.BSE_IDX,01/07/2025,09:15:58,26777.7,0,0,0,0,0,0
BSE100.BSE_IDX,01/07/2025,09:15:59,26776.92,0,0,0,0,0,0
BSE100.BSE_IDX,01/07/2025,09:16:00,26777.28,0,0,0,0,0,0
BSE100.BSE_IDX,01/07/2025,09:16:01,26778.79,0,0,0,0,0,0
BSE100.BSE_IDX,01/07/2025,09:16:03,26779.29,0,0,0,0,0,0
BSE100.BSE_IDX,01/07/2025,09:16:03,26779.47,0,0,0,0,0,0
BSE100.BSE_IDX,01/07/2025,09:16:04,26780.24,0,0,0,0,0,0
BSE100.BSE_IDX,01/07/2025,09:16:05,26778.58,0,0,0,0,0,0
BSE100.BSE_IDX,01/07/2025,09:16:06,26778.44,0,0,0,0,0,0
BSE100.BSE_IDX,01/07/2025,09:16:07,26775.93,0,0,0,0,0,0
BSE100.BSE_IDX,01/07/2025,09:16:08,26776.67,0,0,0,0,0,0
BSE100.BSE_IDX,01/07/2025,09:16:09,26777.08,0,0,0,0,0,0
BSE100.BSE_IDX,01/07/2025,09:16:10,26784.04,0,0,0,0,0,0
BSE100.BSE_IDX,01/07/2025,09:16:11,26781.73,0,0,0,0,0,0
BSE100.BSE_IDX,01/07/2025,09:16:12,26781,0,0,0,0,0,0
BSE100.BSE_IDX,01/07/2025,09:16:13,26780.2,0,0,0,0,0,0
BSE100.BSE_IDX,01/07/2025,09:16:14,26779.17,0,0,0,0,0,0
BSE100.BSE_IDX,01/07/2025,09:16:15,26780.12,0,0,0,0,0,0
BSE100.BSE_IDX,01/07/2025,09:16:16,26782.11,0,0,0,0,0,0
BSE100.BSE_IDX,01/07/2025,09:16:17,26784.31,0,0,0,0,0,0
BSE100.BSE_IDX,01/07/2025,09:16:18,26783.36,0,0,0,0,0,0
BSE100.BSE_IDX,01/07/2025,09:16:19,26783.03,0,0,0,0,0,0
BSE100.BSE_IDX,01/07/2025,09:16:20,26781.76,0,0,0,0,0,0
BSE100.BSE_IDX,01/07/2025,09:16:21,26781.71,0,0,0,0,0,0
BSE100.BSE_IDX,01/07/2025,09:16:22,26782.66,0,0,0,0,0,0
BSE100.BSE_IDX,01/07/2025,09:16:23,26783.61,0,0,0,0,0,0
BSE100.BSE_IDX,01/07/2025,09:16:25,26784.01,0,0,0,0,0,0
BSE100.BSE_IDX,01/07/2025,09:16:25,26780.3,0,0,0,0,0,0
BSE100.BSE_IDX,01/07/2025,09:16:26,26780.77,0,0,0,0,0,0
BSE100.BSE_IDX,01/07/2025,09:16:27,26782.69,0,0,0,0,0,0
BSE100.BSE_IDX,01/07/2025,09:16:28,26781.29,0,0,0,0,0,0
BSE100.BSE_IDX,01/07/2025,09:16:29,26781.22,0,0,0,0,0,0
BSE100.BSE_IDX,01/07/2025,09:16:30,26780.99,0,0,0,0,0,0
BSE100.BSE_IDX,01/07/2025,09:16:31,26780.67,0,0,0,0,0,0
BSE100.BSE_IDX,01/07/2025,09:16:32,26780.91,0,0,0,0,0,0
BSE100.BSE_IDX,01/07/2025,09:16:33,26781.66,0,0,0,0,0,0
BSE100.BSE_IDX,01/07/2025,09:16:34,26782.03,0,0,0,0,0,0
BSE100.BSE_IDX,01/07/2025,09:16:36,26781.54,0,0,0,0,0,0
BSE100.BSE_IDX,01/07/2025,09:16:36,26783.85,0,0,0,0,0,0
BSE100.BSE_IDX,01/07/2025,09:16:37,26779.23,0,0,0,0,0,0
BSE100.BSE_IDX,01/07/2025,09:16:38,26781.48,0,0,0,0,0,0
BSE100.BSE_IDX,01/07/2025,09:16:39,26781.22,0,0,0,0,0,0
BSE100.BSE_IDX,01/07/2025,09:16:40,26780.89,0,0,0,0,0,0
BSE100.BSE_IDX,01/07/2025,09:16:41,26780.13,0,0,0,0,0,0
BSE100.BSE_IDX,01/07/2025,09:16:42,26779.6,0,0,0,0,0,0
BSE100.BSE_IDX,01/07/2025,09:16:43,26780.88,0,0,0,0,0,0
BSE100.BSE_IDX,01/07/2025,09:16:44,26781.02,0,0,0,0,0,0
BSE100.BSE_IDX,01/07/2025,09:16:45,26776.1,0,0,0,0,0,0
BSE100.BSE_IDX,01/07/2025,09:16:46,26772.38,0,0,0,0,0,0
BSE100.BSE_IDX,01/07/2025,09:16:47,26772.82,0,0,0,0,0,0
BSE100.BSE_IDX,01/07/2025,09:16:48,26773.98,0,0,0,0,0,0
BSE100.BSE_IDX,01/07/2025,09:16:49,26772.92,0,0,0,0,0,0
BSE100.BSE_IDX,01/07/2025,09:16:50,26774.55,0,0,0,0,0,0
BSE100.BSE_IDX,01/07/2025,09:16:51,26774.41,0,0,0,0,0,0
BSE100.BSE_IDX,01/07/2025,09:16:52,26775.96,0,0,0,0,0,0
BSE100.BSE_IDX,01/07/2025,09:16:53,26776.2,0,0,0,0,0,0
BSE100.BSE_IDX,01/07/2025,09:16:54,26776.68,0,0,0,0,0,0
BSE100.BSE_IDX,01/07/2025,09:16:55,26776.9,0,0,0,0,0,0
BSE100.BSE_IDX,01/07/2025,09:16:56,26774.83,0,0,0,0,0,0
BSE100.BSE_IDX,01/07/2025,09:16:57,26777.24,0,0,0,0,0,0
BSE100.BSE_IDX,01/07/2025,09:16:58,26777.95,0,0,0,0,0,0
BSE100.BSE_IDX,01/07/2025,09:16:59,26777.73,0,0,0,0,0,0
BSE100.BSE_IDX,01/07/2025,09:17:00,26776.64,0,0,0,0,0,0
BSE100.BSE_IDX,01/07/2025,09:17:01,26772.28,0,0,0,0,0,0
BSE100.BSE_IDX,01/07/2025,09:17:02,26774.63,0,0,0,0,0,0
BSE100.BSE_IDX,01/07/2025,09:17:03,26774.19,0,0,0,0,0,0
BSE100.BSE_IDX,01/07/2025,09:17:04,26776.15,0,0,0,0,0,0
BSE100.BSE_IDX,01/07/2025,09:17:05,26775.8,0,0,0,0,0,0
BSE100.BSE_IDX,01/07/2025,09:17:06,26772.99,0,0,0,0,0,0
BSE100.BSE_IDX,01/07/2025,09:17:07,26770.21,0,0,0,0,0,0
BSE100.BSE_IDX,01/07/2025,09:17:08,26771.74,0,0,0,0,0,0
BSE100.BSE_IDX,01/07/2025,09:17:09,26771.71,0,0,0,0,0,0
BSE100.BSE_IDX,01/07/2025,09:17:10,26772.55,0,0,0,0,0,0
BSE100.BSE_IDX,01/07/2025,09:17:12,26771.5,0,0,0,0,0,0
BSE100.BSE_IDX,01/07/2025,09:17:12,26773.19,0,0,0,0,0,0
BSE100.BSE_IDX,01/07/2025,09:17:13,26771.83,0,0,0,0,0,0
BSE100.BSE_IDX,01/07/2025,09:17:14,26772.62,0,0,0,0,0,0
BSE100.BSE_IDX,01/07/2025,09:17:15,26772.04,0,0,0,0,0,0
BSE100.BSE_IDX,01/07/2025,09:17:16,26771.99,0,0,0,0,0,0
BSE100.BSE_IDX,01/07/2025,09:17:17,26771.52,0,0,0,0,0,0
BSE100.BSE_IDX,01/07/2025,09:17:18,26770.44,0,0,0,0,0,0
BSE100.BSE_IDX,01/07/2025,09:17:19,26771.12,0,0,0,0,0,0
BSE100.BSE_IDX,01/07/2025,09:17:20,26772.52,0,0,0,0,0,0
BSE100.BSE_IDX,01/07/2025,09:17:22,26773.84,0,0,0,0,0,0
BSE100.BSE_IDX,01/07/2025,09:17:22,26774.5,0,0,0,0,0,0
BSE100.BSE_IDX,01/07/2025,09:17:23,26775.26,0,0,0,0,0,0
BSE100.BSE_IDX,01/07/2025,09:17:25,26774.57,0,0,0,0,0,0
BSE100.BSE_IDX,01/07/2025,09:17:26,26775.22,0,0,0,0,0,0
BSE100.BSE_IDX,01/07/2025,09:17:27,26773.75,0,0,0,0,0,0
BSE100.BSE_IDX,01/07/2025,09:17:28,26774.68,0,0,0,0,0,0
BSE100.BSE_IDX,01/07/2025,09:17:29,26774.33,0,0,0,0,0,0
BSE100.BSE_IDX,01/07/2025,09:17:30,26772.81,0,0,0,0,0,0
BSE100.BSE_IDX,01/07/2025,09:17:31,26772.89,0,0,0,0,0,0
BSE100.BSE_IDX,01/07/2025,09:17:33,26773.04,0,0,0,0,0,0
BSE100.BSE_IDX,01/07/2025,09:17:33,26778.7,0,0,0,0,0,0
BSE100.BSE_IDX,01/07/2025,09:17:34,26778.32,0,0,0,0,0,0
BSE100.BSE_IDX,01/07/2025,09:17:35,26779.04,0,0,0,0,0,0
BSE100.BSE_IDX,01/07/2025,09:17:36,26777.36,0,0,0,0,0,0
BSE100.BSE_IDX,01/07/2025,09:17:37,26777.59,0,0,0,0,0,0
BSE100.BSE_IDX,01/07/2025,09:17:38,26778.26,0,0,0,0,0,0
BSE100.BSE_IDX,01/07/2025,09:17:39,26778.92,0,0,0,0,0,0
BSE100.BSE_IDX,01/07/2025,09:17:40,26780.95,0,0,0,0,0,0
BSE100.BSE_IDX,01/07/2025,09:17:41,26783.21,0,0,0,0,0,0
BSE100.BSE_IDX,01/07/2025,09:17:43,26782.74,0,0,0,0,0,0
BSE100.BSE_IDX,01/07/2025,09:17:44,26783.75,0,0,0,0,0,0
BSE100.BSE_IDX,01/07/2025,09:17:44,26782.8,0,0,0,0,0,0
BSE100.BSE_IDX,01/07/2025,09:17:45,26782.99,0,0,0,0,0,0
BSE100.BSE_IDX,01/07/2025,09:17:46,26783.95,0,0,0,0,0,0
BSE100.BSE_IDX,01/07/2025,09:17:47,26784.52,0,0,0,0,0,0
BSE100.BSE_IDX,01/07/2025,09:17:48,26784.51,0,0,0,0,0,0
BSE100.BSE_IDX,01/07/2025,09:17:49,26784.51,0,0,0,0,0,0
BSE100.BSE_IDX,01/07/2025,09:17:50,26786.18,0,0,0,0,0,0
BSE100.BSE_IDX,01/07/2025,09:17:51,26787.47,0,0,0,0,0,0
BSE100.BSE_IDX,01/07/2025,09:17:52,26788.15,0,0,0,0,0,0
BSE100.BSE_IDX,01/07/2025,09:17:53,26787.71,0,0,0,0,0,0
BSE100.BSE_IDX,01/07/2025,09:17:54,26787.64,0,0,0,0,0,0
BSE100.BSE_IDX,01/07/2025,09:17:55,26786.96,0,0,0,0,0,0
BSE100.BSE_IDX,01/07/2025,09:17:57,26786.61,0,0,0,0,0,0
BSE100.BSE_IDX,01/07/2025,09:17:58,26786.52,0,0,0,0,0,0
BSE100.BSE_IDX,01/07/2025,09:17:58,26787.14,0,0,0,0,0,0
BSE100.BSE_IDX,01/07/2025,09:17:59,26786.91,0,0,0,0,0,0
BSE100.BSE_IDX,01/07/2025,09:18:00,26787.88,0,0,0,0,0,0
BSE100.BSE_IDX,01/07/2025,09:18:01,26788.13,0,0,0,0,0,0
BSE100.BSE_IDX,01/07/2025,09:18:02,26788.41,0,0,0,0,0,0
BSE100.BSE_IDX,01/07/2025,09:18:03,26790.6,0,0,0,0,0,0
BSE100.BSE_IDX,01/07/2025,09:18:04,26790.71,0,0,0,0,0,0
BSE100.BSE_IDX,01/07/2025,09:18:05,26791.37,0,0,0,0,0,0
BSE100.BSE_IDX,01/07/2025,09:18:06,26791.5,0,0,0,0,0,0
BSE100.BSE_IDX,01/07/2025,09:18:07,26791.14,0,0,0,0,0,0
BSE100.BSE_IDX,01/07/2025,09:18:08,26793.08,0,0,0,0,0,0
BSE100.BSE_IDX,01/07/2025,09:18:09,26792.36,0,0,0,0,0,0
BSE100.BSE_IDX,01/07/2025,09:18:10,26793.86,0,0,0,0,0,0
BSE100.BSE_IDX,01/07/2025,09:18:11,26792.88,0,0,0,0,0,0
BSE100.BSE_IDX,01/07/2025,09:18:12,26792.35,0,0,0,0,0,0
BSE100.BSE_IDX,01/07/2025,09:18:13,26791.51,0,0,0,0,0,0
BSE100.BSE_IDX,01/07/2025,09:18:14,26791.63,0,0,0,0,0,0
BSE100.BSE_IDX,01/07/2025,09:18:15,26791.17,0,0,0,0,0,0
BSE100.BSE_IDX,01/07/2025,09:18:16,26791.34,0,0,0,0,0,0
BSE100.BSE_IDX,01/07/2025,09:18:17,26791.67,0,0,0,0,0,0
BSE100.BSE_IDX,01/07/2025,09:18:18,26790.54,0,0,0,0,0,0
BSE100.BSE_IDX,01/07/2025,09:18:19,26791.18,0,0,0,0,0,0
BSE100.BSE_IDX,01/07/2025,09:18:20,26791.46,0,0,0,0,0,0
BSE100.BSE_IDX,01/07/2025,09:18:21,26790.34,0,0,0,0,0,0
BSE100.BSE_IDX,01/07/2025,09:18:22,26790.52,0,0,0,0,0,0
BSE100.BSE_IDX,01/07/2025,09:18:23,26789.41,0,0,0,0,0,0
BSE100.BSE_IDX,01/07/2025,09:18:24,26792.82,0,0,0,0,0,0
BSE100.BSE_IDX,01/07/2025,09:18:25,26792.68,0,0,0,0,0,0
BSE100.BSE_IDX,01/07/2025,09:18:26,26790.46,0,0,0,0,0,0
BSE100.BSE_IDX,01/07/2025,09:18:27,26788.46,0,0,0,0,0,0
BSE100.BSE_IDX,01/07/2025,09:18:28,26789.05,0,0,0,0,0,0
BSE100.BSE_IDX,01/07/2025,09:18:29,26788.32,0,0,0,0,0,0
BSE100.BSE_IDX,01/07/2025,09:18:30,26789.66,0,0,0,0,0,0
BSE100.BSE_IDX,01/07/2025,09:18:31,26789.69,0,0,0,0,0,0
BSE100.BSE_IDX,01/07/2025,09:18:32,26789.34,0,0,0,0,0,0
BSE100.BSE_IDX,01/07/2025,09:18:33,26792.14,0,0,0,0,0,0
BSE100.BSE_IDX,01/07/2025,09:18:34,26792.09,0,0,0,0,0,0
BSE100.BSE_IDX,01/07/2025,09:18:35,26791.87,0,0,0,0,0,0
BSE100.BSE_IDX,01/07/2025,09:18:36,26792.54,0,0,0,0,0,0
BSE100.BSE_IDX,01/07/2025,09:18:37,26792.45,0,0,0,0,0,0
BSE100.BSE_IDX,01/07/2025,09:18:38,26792.07,0,0,0,0,0,0
BSE100.BSE_IDX,01/07/2025,09:18:39,26791.65,0,0,0,0,0,0
BSE100.BSE_IDX,01/07/2025,09:18:40,26792.69,0,0,0,0,0,0
BSE100.BSE_IDX,01/07/2025,09:18:41,26791.95,0,0,0,0,0,0
BSE100.BSE_IDX,01/07/2025,09:18:43,26790.99,0,0,0,0,0,0
BSE100.BSE_IDX,01/07/2025,09:18:43,26791.03,0,0,0,0,0,0
BSE100.BSE_IDX,01/07/2025,09:18:44,26791.15,0,0,0,0,0,0
BSE100.BSE_IDX,01/07/2025,09:18:45,26790.6,0,0,0,0,0,0
BSE100.BSE_IDX,01/07/2025,09:18:46,26789.77,0,0,0,0,0,0
BSE100.BSE_IDX,01/07/2025,09:18:47,26790.44,0,0,0,0,0,0
BSE100.BSE_IDX,01/07/2025,09:18:48,26792.33,0,0,0,0,0,0
BSE100.BSE_IDX,01/07/2025,09:18:49,26792.13,0,0,0,0,0,0
BSE100.BSE_IDX,01/07/2025,09:18:50,26793.14,0,0,0,0,0,0
BSE100.BSE_IDX,01/07/2025,09:18:51,26793.02,0,0,0,0,0,0
BSE100.BSE_IDX,01/07/2025,09:18:52,26792.38,0,0,0,0,0,0
BSE100.BSE_IDX,01/07/2025,09:18:53,26791.37,0,0,0,0,0,0
BSE100.BSE_IDX,01/07/2025,09:18:54,26791.81,0,0,0,0,0,0
BSE100.BSE_IDX,01/07/2025,09:18:56,26792.91,0,0,0,0,0,0
BSE100.BSE_IDX,01/07/2025,09:18:56,26791.81,0,0,0,0,0,0
BSE100.BSE_IDX,01/07/2025,09:18:57,26791.45,0,0,0,0,0,0
BSE100.BSE_IDX,01/07/2025,09:18:58,26791.15,0,0,0,0,0,0
BSE100.BSE_IDX,01/07/2025,09:18:59,26790.28,0,0,0,0,0,0
BSE100.BSE_IDX,01/07/2025,09:19:00,26789.92,0,0,0,0,0,0
BSE100.BSE_IDX,01/07/2025,09:19:01,26789.67,0,0,0,0,0,0
BSE100.BSE_IDX,01/07/2025,09:19:02,26790.54,0,0,0,0,0,0
BSE100.BSE_IDX,01/07/2025,09:19:03,26790.55,0,0,0,0,0,0
BSE100.BSE_IDX,01/07/2025,09:19:04,26790.62,0,0,0,0,0,0
BSE100.BSE_IDX,01/07/2025,09:19:06,26789.2,0,0,0,0,0,0
BSE100.BSE_IDX,01/07/2025,09:19:07,26789.12,0,0,0,0,0,0
BSE100.BSE_IDX,01/07/2025,09:19:07,26788.93,0,0,0,0,0,0
BSE100.BSE_IDX,01/07/2025,09:19:08,26788.2,0,0,0,0,0,0
BSE100.BSE_IDX,01/07/2025,09:19:09,26785.62,0,0,0,0,0,0
BSE100.BSE_IDX,01/07/2025,09:19:10,26783.28,0,0,0,0,0,0
BSE100.BSE_IDX,01/07/2025,09:19:11,26784.59,0,0,0,0,0,0
BSE100.BSE_IDX,01/07/2025,09:19:12,26787.35,0,0,0,0,0,0
BSE100.BSE_IDX,01/07/2025,09:19:13,26787.54,0,0,0,0,0,0
BSE100.BSE_IDX,01/07/2025,09:19:14,26787.78,0,0,0,0,0,0
BSE100.BSE_IDX,01/07/2025,09:19:15,26787.62,0,0,0,0,0,0
BSE100.BSE_IDX,01/07/2025,09:19:16,26788.13,0,0,0,0,0,0
BSE100.BSE_IDX,01/07/2025,09:19:17,26787.44,0,0,0,0,0,0
BSE100.BSE_IDX,01/07/2025,09:19:18,26787.49,0,0,0,0,0,0
BSE100.BSE_IDX,01/07/2025,09:19:19,26785.85,0,0,0,0,0,0
BSE100.BSE_IDX,01/07/2025,09:19:20,26788.03,0,0,0,0,0,0
BSE100.BSE_IDX,01/07/2025,09:19:21,26788.54,0,0,0,0,0,0
BSE100.BSE_IDX,01/07/2025,09:19:22,26787.9,0,0,0,0,0,0
BSE100.BSE_IDX,01/07/2025,09:19:23,26789.01,0,0,0,0,0,0
BSE100.BSE_IDX,01/07/2025,09:19:24,26787.48,0,0,0,0,0,0
BSE100.BSE_IDX,01/07/2025,09:19:25,26785.54,0,0,0,0,0,0
BSE100.BSE_IDX,01/07/2025,09:19:26,26785.43,0,0,0,0,0,0
BSE100.BSE_IDX,01/07/2025,09:19:27,26786.39,0,0,0,0,0,0
BSE100.BSE_IDX,01/07/2025,09:19:28,26785.69,0,0,0,0,0,0
BSE100.BSE_IDX,01/07/2025,09:19:29,26785.71,0,0,0,0,0,0
BSE100.BSE_IDX,01/07/2025,09:19:30,26787.14,0,0,0,0,0,0
BSE100.BSE_IDX,01/07/2025,09:19:31,26788.49,0,0,0,0,0,0
BSE100.BSE_IDX,01/07/2025,09:19:32,26788.34,0,0,0,0,0,0
BSE100.BSE_IDX,01/07/2025,09:19:33,26788.45,0,0,0,0,0,0
BSE100.BSE_IDX,01/07/2025,09:19:34,26788.91,0,0,0,0,0,0
BSE100.BSE_IDX,01/07/2025,09:19:35,26789.81,0,0,0,0,0,0
BSE100.BSE_IDX,01/07/2025,09:19:36,26788.95,0,0,0,0,0,0
BSE100.BSE_IDX,01/07/2025,09:19:37,26788.96,0,0,0,0,0,0
BSE100.BSE_IDX,01/07/2025,09:19:38,26789.14,0,0,0,0,0,0
BSE100.BSE_IDX,01/07/2025,09:19:39,26790.04,0,0,0,0,0,0
BSE100.BSE_IDX,01/07/2025,09:19:41,26787.91,0,0,0,0,0,0
BSE100.BSE_IDX,01/07/2025,09:19:41,26787.29,0,0,0,0,0,0
BSE100.BSE_IDX,01/07/2025,09:19:42,26787.11,0,0,0,0,0,0
BSE100.BSE_IDX,01/07/2025,09:19:43,26787.21,0,0,0,0,0,0
BSE100.BSE_IDX,01/07/2025,09:19:44,26788.47,0,0,0,0,0,0
BSE100.BSE_IDX,01/07/2025,09:19:45,26788.4,0,0,0,0,0,0
BSE100.BSE_IDX,01/07/2025,09:19:46,26788.09,0,0,0,0,0,0
BSE100.BSE_IDX,01/07/2025,09:19:47,26787.19,0,0,0,0,0,0
BSE100.BSE_IDX,01/07/2025,09:19:48,26785.97,0,0,0,0,0,0
BSE100.BSE_IDX,01/07/2025,09:19:49,26785.24,0,0,0,0,0,0
BSE100.BSE_IDX,01/07/2025,09:19:52,26785.03,0,0,0,0,0,0
BSE100.BSE_IDX,01/07/2025,09:19:52,26789.14,0,0,0,0,0,0
BSE100.BSE_IDX,01/07/2025,09:19:52,26789.8,0,0,0,0,0,0
BSE100.BSE_IDX,01/07/2025,09:19:53,26789.84,0,0,0,0,0,0
BSE100.BSE_IDX,01/07/2025,09:19:54,26789.82,0,0,0,0,0,0
BSE100.BSE_IDX,01/07/2025,09:19:55,26789.52,0,0,0,0,0,0
BSE100.BSE_IDX,01/07/2025,09:19:56,26789.63,0,0,0,0,0,0
BSE100.BSE_IDX,01/07/2025,09:19:57,26789.75,0,0,0,0,0,0
BSE100.BSE_IDX,01/07/2025,09:19:58,26789.16,0,0,0,0,0,0
BSE100.BSE_IDX,01/07/2025,09:19:59,26788.44,0,0,0,0,0,0
BSE100.BSE_IDX,01/07/2025,09:20:00,26787.12,0,0,0,0,0,0
BSE100.BSE_IDX,01/07/2025,09:20:02,26789.38,0,0,0,0,0,0
BSE100.BSE_IDX,01/07/2025,09:20:03,26789.19,0,0,0,0,0,0
BSE100.BSE_IDX,01/07/2025,09:20:03,26790.39,0,0,0,0,0,0
BSE100.BSE_IDX,01/07/2025,09:20:04,26790.51,0,0,0,0,0,0
BSE100.BSE_IDX,01/07/2025,09:20:05,26791.09,0,0,0,0,0,0
BSE100.BSE_IDX,01/07/2025,09:20:06,26791.59,0,0,0,0,0,0
BSE100.BSE_IDX,01/07/2025,09:20:07,26791.02,0,0,0,0,0,0
BSE100.BSE_IDX,01/07/2025,09:20:08,26792.21,0,0,0,0,0,0
BSE100.BSE_IDX,01/07/2025,09:20:09,26791.63,0,0,0,0,0,0
BSE100.BSE_IDX,01/07/2025,09:20:10,26791.49,0,0,0,0,0,0
BSE100.BSE_IDX,01/07/2025,09:20:12,26792.09,0,0,0,0,0,0
BSE100.BSE_IDX,01/07/2025,09:20:13,26791.22,0,0,0,0,0,0
BSE100.BSE_IDX,01/07/2025,09:20:13,26791.69,0,0,0,0,0,0
BSE100.BSE_IDX,01/07/2025,09:20:14,26791.63,0,0,0,0,0,0
BSE100.BSE_IDX,01/07/2025,09:20:15,26793.39,0,0,0,0,0,0
BSE100.BSE_IDX,01/07/2025,09:20:16,26793.29,0,0,0,0,0,0
BSE100.BSE_IDX,01/07/2025,09:20:17,26793.05,0,0,0,0,0,0
BSE100.BSE_IDX,01/07/2025,09:20:18,26792.94,0,0,0,0,0,0
BSE100.BSE_IDX,01/07/2025,09:20:19,26792.29,0,0,0,0,0,0
BSE100.BSE_IDX,01/07/2025,09:20:20,26792.4,0,0,0,0,0,0
BSE100.BSE_IDX,01/07/2025,09:20:21,26791.99,0,0,0,0,0,0
BSE100.BSE_IDX,01/07/2025,09:20:22,26792.25,0,0,0,0,0,0
BSE100.BSE_IDX,01/07/2025,09:20:24,26792.89,0,0,0,0,0,0
BSE100.BSE_IDX,01/07/2025,09:20:24,26791.9,0,0,0,0,0,0
BSE100.BSE_IDX,01/07/2025,09:20:25,26793.12,0,0,0,0,0,0
BSE100.BSE_IDX,01/07/2025,09:20:26,26793.49,0,0,0,0,0,0
BSE100.BSE_IDX,01/07/2025,09:20:27,26794.13,0,0,0,0,0,0
BSE100.BSE_IDX,01/07/2025,09:20:28,26794.73,0,0,0,0,0,0
BSE100.BSE_IDX,01/07/2025,09:20:29,26794.11,0,0,0,0,0,0
BSE100.BSE_IDX,01/07/2025,09:20:30,26795.01,0,0,0,0,0,0
BSE100.BSE_IDX,01/07/2025,09:20:31,26795.34,0,0,0,0,0,0
BSE100.BSE_IDX,01/07/2025,09:20:32,26795.52,0,0,0,0,0,0
BSE100.BSE_IDX,01/07/2025,09:20:33,26795.62,0,0,0,0,0,0
BSE100.BSE_IDX,01/07/2025,09:20:34,26796.93,0,0,0,0,0,0
BSE100.BSE_IDX,01/07/2025,09:20:35,26797.6,0,0,0,0,0,0
BSE100.BSE_IDX,01/07/2025,09:20:36,26797.09,0,0,0,0,0,0
BSE100.BSE_IDX,01/07/2025,09:20:38,26799.6,0,0,0,0,0,0
BSE100.BSE_IDX,01/07/2025,09:20:39,26797.31,0,0,0,0,0,0
BSE100.BSE_IDX,01/07/2025,09:20:39,26796.3,0,0,0,0,0,0
BSE100.BSE_IDX,01/07/2025,09:20:40,26795.56,0,0,0,0,0,0
BSE100.BSE_IDX,01/07/2025,09:20:41,26795.68,0,0,0,0,0,0
BSE100.BSE_IDX,01/07/2025,09:20:42,26795.47,0,0,0,0,0,0
BSE100.BSE_IDX,01/07/2025,09:20:43,26794.86,0,0,0,0,0,0
BSE100.BSE_IDX,01/07/2025,09:20:44,26795.13,0,0,0,0,0,0
BSE100.BSE_IDX,01/07/2025,09:20:45,26794.76,0,0,0,0,0,0
BSE100.BSE_IDX,01/07/2025,09:20:46,26795.42,0,0,0,0,0,0
BSE100.BSE_IDX,01/07/2025,09:20:47,26794.81,0,0,0,0,0,0
BSE100.BSE_IDX,01/07/2025,09:20:48,26795.52,0,0,0,0,0,0
BSE100.BSE_IDX,01/07/2025,09:20:50,26795.19,0,0,0,0,0,0
BSE100.BSE_IDX,01/07/2025,09:20:51,26794.1,0,0,0,0,0,0
BSE100.BSE_IDX,01/07/2025,09:20:52,26793.16,0,0,0,0,0,0
BSE100.BSE_IDX,01/07/2025,09:20:52,26793.97,0,0,0,0,0,0
BSE100.BSE_IDX,01/07/2025,09:20:53,26793.07,0,0,0,0,0,0
BSE100.BSE_IDX,01/07/2025,09:20:54,26792.04,0,0,0,0,0,0
BSE100.BSE_IDX,01/07/2025,09:20:55,26792.77,0,0,0,0,0,0
BSE100.BSE_IDX,01/07/2025,09:20:56,26792.51,0,0,0,0,0,0
BSE100.BSE_IDX,01/07/2025,09:20:57,26792.29,0,0,0,0,0,0
BSE100.BSE_IDX,01/07/2025,09:20:58,26791.77,0,0,0,0,0,0
BSE100.BSE_IDX,01/07/2025,09:20:59,26791.47,0,0,0,0,0,0
BSE100.BSE_IDX,01/07/2025,09:21:00,26791.16,0,0,0,0,0,0
BSE100.BSE_IDX,01/07/2025,09:21:02,26792.6,0,0,0,0,0,0
BSE100.BSE_IDX,01/07/2025,09:21:03,26792.27,0,0,0,0,0,0
BSE100.BSE_IDX,01/07/2025,09:21:03,26792.06,0,0,0,0,0,0
BSE100.BSE_IDX,01/07/2025,09:21:04,26793.17,0,0,0,0,0,0
BSE100.BSE_IDX,01/07/2025,09:21:05,26793.66,0,0,0,0,0,0
BSE100.BSE_IDX,01/07/2025,09:21:06,26793.81,0,0,0,0,0,0
BSE100.BSE_IDX,01/07/2025,09:21:07,26793.16,0,0,0,0,0,0
BSE100.BSE_IDX,01/07/2025,09:21:08,26794.68,0,0,0,0,0,0
BSE100.BSE_IDX,01/07/2025,09:21:09,26795.21,0,0,0,0,0,0
BSE100.BSE_IDX,01/07/2025,09:21:10,26796.1,0,0,0,0,0,0
BSE100.BSE_IDX,01/07/2025,09:21:11,26796.92,0,0,0,0,0,0
BSE100.BSE_IDX,01/07/2025,09:21:12,26796.63,0,0,0,0,0,0
BSE100.BSE_IDX,01/07/2025,09:21:13,26798.78,0,0,0,0,0,0
BSE100.BSE_IDX,01/07/2025,09:21:14,26800.28,0,0,0,0,0,0
BSE100.BSE_IDX,01/07/2025,09:21:15,26800.6,0,0,0,0,0,0
BSE100.BSE_IDX,01/07/2025,09:21:16,26802.26,0,0,0,0,0,0
BSE100.BSE_IDX,01/07/2025,09:21:17,26801.91,0,0,0,0,0,0
BSE100.BSE_IDX,01/07/2025,09:21:18,26802.11,0,0,0,0,0,0
BSE100.BSE_IDX,01/07/2025,09:21:19,26802.69,0,0,0,0,0,0
BSE100.BSE_IDX,01/07/2025,09:21:20,26803.43,0,0,0,0,0,0
BSE100.BSE_IDX,01/07/2025,09:21:21,26806.09,0,0,0,0,0,0
BSE100.BSE_IDX,01/07/2025,09:21:23,26805.5,0,0,0,0,0,0
BSE100.BSE_IDX,01/07/2025,09:21:23,26806.04,0,0,0,0,0,0
BSE100.BSE_IDX,01/07/2025,09:21:24,26805.56,0,0,0,0,0,0
BSE100.BSE_IDX,01/07/2025,09:21:25,26805.18,0,0,0,0,0,0
BSE100.BSE_IDX,01/07/2025,09:21:26,26802.95,0,0,0,0,0,0
BSE100.BSE_IDX,01/07/2025,09:21:27,26803.52,0,0,0,0,0,0
BSE100.BSE_IDX,01/07/2025,09:21:28,26803.27,0,0,0,0,0,0
BSE100.BSE_IDX,01/07/2025,09:21:29,26803.64,0,0,0,0,0,0
BSE100.BSE_IDX,01/07/2025,09:21:30,26803.77,0,0,0,0,0,0
BSE100.BSE_IDX,01/07/2025,09:21:31,26805.34,0,0,0,0,0,0
BSE100.BSE_IDX,01/07/2025,09:21:32,26806.85,0,0,0,0,0,0
BSE100.BSE_IDX,01/07/2025,09:21:33,26806.24,0,0,0,0,0,0
BSE100.BSE_IDX,01/07/2025,09:21:34,26805.95,0,0,0,0,0,0
BSE100.BSE_IDX,01/07/2025,09:21:35,26806.96,0,0,0,0,0,0
BSE100.BSE_IDX,01/07/2025,09:21:36,26805.6,0,0,0,0,0,0
BSE100.BSE_IDX,01/07/2025,09:21:37,26807.2,0,0,0,0,0,0
BSE100.BSE_IDX,01/07/2025,09:21:38,26806.06,0,0,0,0,0,0
BSE100.BSE_IDX,01/07/2025,09:21:39,26807.59,0,0,0,0,0,0
BSE100.BSE_IDX,01/07/2025,09:21:40,26806.57,0,0,0,0,0,0
BSE100.BSE_IDX,01/07/2025,09:21:41,26807.34,0,0,0,0,0,0
BSE100.BSE_IDX,01/07/2025,09:21:42,26807.82,0,0,0,0,0,0
BSE100.BSE_IDX,01/07/2025,09:21:43,26808.89,0,0,0,0,0,0
BSE100.BSE_IDX,01/07/2025,09:21:44,26807.87,0,0,0,0,0,0
BSE100.BSE_IDX,01/07/2025,09:21:45,26808.65,0,0,0,0,0,0
BSE100.BSE_IDX,01/07/2025,09:21:46,26808.83,0,0,0,0,0,0
BSE100.BSE_IDX,01/07/2025,09:21:47,26810.93,0,0,0,0,0,0
BSE100.BSE_IDX,01/07/2025,09:21:48,26810.91,0,0,0,0,0,0
BSE100.BSE_IDX,01/07/2025,09:21:49,26810.52,0,0,0,0,0,0
BSE100.BSE_IDX,01/07/2025,09:21:50,26810.54,0,0,0,0,0,0
BSE100.BSE_IDX,01/07/2025,09:21:51,26809.52,0,0,0,0,0,0
BSE100.BSE_IDX,01/07/2025,09:21:52,26811.76,0,0,0,0,0,0
BSE100.BSE_IDX,01/07/2025,09:21:53,26811.61,0,0,0,0,0,0
BSE100.BSE_IDX,01/07/2025,09:21:54,26810.48,0,0,0,0,0,0
BSE100.BSE_IDX,01/07/2025,09:21:55,26811.27,0,0,0,0,0,0
BSE100.BSE_IDX,01/07/2025,09:21:56,26809.79,0,0,0,0,0,0
BSE100.BSE_IDX,01/07/2025,09:21:57,26811.49,0,0,0,0,0,0
BSE100.BSE_IDX,01/07/2025,09:21:58,26811.89,0,0,0,0,0,0
BSE100.BSE_IDX,01/07/2025,09:21:59,26810.65,0,0,0,0,0,0
BSE100.BSE_IDX,01/07/2025,09:22:01,26811.35,0,0,0,0,0,0
BSE100.BSE_IDX,01/07/2025,09:22:01,26812.89,0,0,0,0,0,0
BSE100.BSE_IDX,01/07/2025,09:22:02,26811.49,0,0,0,0,0,0
BSE100.BSE_IDX,01/07/2025,09:22:03,26811.35,0,0,0,0,0,0
BSE100.BSE_IDX,01/07/2025,09:22:04,26811.23,0,0,0,0,0,0
BSE100.BSE_IDX,01/07/2025,09:22:05,26810.77,0,0,0,0,0,0
BSE100.BSE_IDX,01/07/2025,09:22:06,26810.65,0,0,0,0,0,0
BSE100.BSE_IDX,01/07/2025,09:22:07,26810.05,0,0,0,0,0,0
BSE100.BSE_IDX,01/07/2025,09:22:08,26809.32,0,0,0,0,0,0
BSE100.BSE_IDX,01/07/2025,09:22:09,26810.24,0,0,0,0,0,0
BSE100.BSE_IDX,01/07/2025,09:22:10,26810.66,0,0,0,0,0,0
BSE100.BSE_IDX,01/07/2025,09:22:11,26808.94,0,0,0,0,0,0
BSE100.BSE_IDX,01/07/2025,09:22:12,26808.37,0,0,0,0,0,0
BSE100.BSE_IDX,01/07/2025,09:22:13,26808.17,0,0,0,0,0,0
BSE100.BSE_IDX,01/07/2025,09:22:14,26808.84,0,0,0,0,0,0
BSE100.BSE_IDX,01/07/2025,09:22:15,26809.28,0,0,0,0,0,0
BSE100.BSE_IDX,01/07/2025,09:22:16,26810.58,0,0,0,0,0,0
BSE100.BSE_IDX,01/07/2025,09:22:17,26811.09,0,0,0,0,0,0
BSE100.BSE_IDX,01/07/2025,09:22:18,26812.71,0,0,0,0,0,0
BSE100.BSE_IDX,01/07/2025,09:22:19,26814.22,0,0,0,0,0,0
BSE100.BSE_IDX,01/07/2025,09:22:20,26814.46,0,0,0,0,0,0
BSE100.BSE_IDX,01/07/2025,09:22:21,26814.68,0,0,0,0,0,0
BSE100.BSE_IDX,01/07/2025,09:22:22,26814.54,0,0,0,0,0,0
BSE100.BSE_IDX,01/07/2025,09:22:23,26814.69,0,0,0,0,0,0
BSE100.BSE_IDX,01/07/2025,09:22:24,26815.9,0,0,0,0,0,0
BSE100.BSE_IDX,01/07/2025,09:22:25,26815.74,0,0,0,0,0,0
BSE100.BSE_IDX,01/07/2025,09:22:26,26814.07,0,0,0,0,0,0
BSE100.BSE_IDX,01/07/2025,09:22:27,26814.15,0,0,0,0,0,0
BSE100.BSE_IDX,01/07/2025,09:22:28,26815.63,0,0,0,0,0,0
BSE100.BSE_IDX,01/07/2025,09:22:29,26816.69,0,0,0,0,0,0
BSE100.BSE_IDX,01/07/2025,09:22:30,26817.5,0,0,0,0,0,0
BSE100.BSE_IDX,01/07/2025,09:22:31,26818.43,0,0,0,0,0,0
BSE100.BSE_IDX,01/07/2025,09:22:32,26819.15,0,0,0,0,0,0
BSE100.BSE_IDX,01/07/2025,09:22:33,26819.52,0,0,0,0,0,0
BSE100.BSE_IDX,01/07/2025,09:22:34,26820.33,0,0,0,0,0,0
BSE100.BSE_IDX,01/07/2025,09:22:35,26819.08,0,0,0,0,0,0
BSE100.BSE_IDX,01/07/2025,09:22:36,26820.09,0,0,0,0,0,0
BSE100.BSE_IDX,01/07/2025,09:22:37,26818.27,0,0,0,0,0,0
BSE100.BSE_IDX,01/07/2025,09:22:38,26818.48,0,0,0,0,0,0
BSE100.BSE_IDX,01/07/2025,09:22:39,26818.9,0,0,0,0,0,0
BSE100.BSE_IDX,01/07/2025,09:22:40,26819.21,0,0,0,0,0,0
BSE100.BSE_IDX,01/07/2025,09:22:42,26819.39,0,0,0,0,0,0
BSE100.BSE_IDX,01/07/2025,09:22:42,26819.76,0,0,0,0,0,0
BSE100.BSE_IDX,01/07/2025,09:22:43,26820.13,0,0,0,0,0,0
BSE100.BSE_IDX,01/07/2025,09:22:44,26821.72,0,0,0,0,0,0
BSE100.BSE_IDX,01/07/2025,09:22:45,26821.02,0,0,0,0,0,0
BSE100.BSE_IDX,01/07/2025,09:22:46,26821.4,0,0,0,0,0,0
BSE100.BSE_IDX,01/07/2025,09:22:47,26820.73,0,0,0,0,0,0
BSE100.BSE_IDX,01/07/2025,09:22:48,26820.79,0,0,0,0,0,0
BSE100.BSE_IDX,01/07/2025,09:22:49,26821.37,0,0,0,0,0,0
BSE100.BSE_IDX,01/07/2025,09:22:50,26820.92,0,0,0,0,0,0
BSE100.BSE_IDX,01/07/2025,09:22:52,26820.33,0,0,0,0,0,0
BSE100.BSE_IDX,01/07/2025,09:22:52,26820.34,0,0,0,0,0,0
BSE100.BSE_IDX,01/07/2025,09:22:53,26819.68,0,0,0,0,0,0
BSE100.BSE_IDX,01/07/2025,09:22:54,26819.97,0,0,0,0,0,0
BSE100.BSE_IDX,01/07/2025,09:22:55,26820.38,0,0,0,0,0,0
BSE100.BSE_IDX,01/07/2025,09:22:56,26820.73,0,0,0,0,0,0
BSE100.BSE_IDX,01/07/2025,09:22:57,26819.78,0,0,0,0,0,0
BSE100.BSE_IDX,01/07/2025,09:22:58,26819.59,0,0,0,0,0,0
BSE100.BSE_IDX,01/07/2025,09:22:59,26820.32,0,0,0,0,0,0
BSE100.BSE_IDX,01/07/2025,09:23:00,26819.03,0,0,0,0,0,0
BSE100.BSE_IDX,01/07/2025,09:23:02,26819.03,0,0,0,0,0,0
BSE100.BSE_IDX,01/07/2025,09:23:03,26818.93,0,0,0,0,0,0
BSE100.BSE_IDX,01/07/2025,09:23:03,26819.28,0,0,0,0,0,0
BSE100.BSE_IDX,01/07/2025,09:23:04,26818.95,0,0,0,0,0,0
BSE100.BSE_IDX,01/07/2025,09:23:05,26819.93,0,0,0,0,0,0
BSE100.BSE_IDX,01/07/2025,09:23:06,26820.04,0,0,0,0,0,0
BSE100.BSE_IDX,01/07/2025,09:23:07,26820.5,0,0,0,0,0,0
BSE100.BSE_IDX,01/07/2025,09:23:08,26819.28,0,0,0,0,0,0
BSE100.BSE_IDX,01/07/2025,09:23:09,26818.37,0,0,0,0,0,0
BSE100.BSE_IDX,01/07/2025,09:23:10,26818.13,0,0,0,0,0,0
BSE100.BSE_IDX,01/07/2025,09:23:11,26817.08,0,0,0,0,0,0
BSE100.BSE_IDX,01/07/2025,09:23:12,26815.98,0,0,0,0,0,0
BSE100.BSE_IDX,01/07/2025,09:23:13,26815.71,0,0,0,0,0,0
BSE100.BSE_IDX,01/07/2025,09:23:15,26816.31,0,0,0,0,0,0
BSE100.BSE_IDX,01/07/2025,09:23:16,26816.3,0,0,0,0,0,0
BSE100.BSE_IDX,01/07/2025,09:23:16,26814.28,0,0,0,0,0,0
BSE100.BSE_IDX,01/07/2025,09:23:17,26813.16,0,0,0,0,0,0
BSE100.BSE_IDX,01/07/2025,09:23:18,26813.91,0,0,0,0,0,0
BSE100.BSE_IDX,01/07/2025,09:23:19,26814.07,0,0,0,0,0,0
BSE100.BSE_IDX,01/07/2025,09:23:20,26814.58,0,0,0,0,0,0
BSE100.BSE_IDX,01/07/2025,09:23:21,26814.56,0,0,0,0,0,0
BSE100.BSE_IDX,01/07/2025,09:23:22,26811.34,0,0,0,0,0,0
BSE100.BSE_IDX,01/07/2025,09:23:23,26811.55,0,0,0,0,0,0
BSE100.BSE_IDX,01/07/2025,09:23:24,26811.69,0,0,0,0,0,0
BSE100.BSE_IDX,01/07/2025,09:23:25,26810.59,0,0,0,0,0,0
BSE100.BSE_IDX,01/07/2025,09:23:26,26811.4,0,0,0,0,0,0
BSE100.BSE_IDX,01/07/2025,09:23:27,26811.41,0,0,0,0,0,0
BSE100.BSE_IDX,01/07/2025,09:23:28,26811.53,0,0,0,0,0,0
BSE100.BSE_IDX,01/07/2025,09:23:30,26811.07,0,0,0,0,0,0
BSE100.BSE_IDX,01/07/2025,09:23:31,26810.64,0,0,0,0,0,0
BSE100.BSE_IDX,01/07/2025,09:23:31,26809.13,0,0,0,0,0,0
BSE100.BSE_IDX,01/07/2025,09:23:32,26809.29,0,0,0,0,0,0
BSE100.BSE_IDX,01/07/2025,09:23:33,26809.17,0,0,0,0,0,0
BSE100.BSE_IDX,01/07/2025,09:23:34,26808.85,0,0,0,0,0,0
BSE100.BSE_IDX,01/07/2025,09:23:35,26810.09,0,0,0,0,0,0
BSE100.BSE_IDX,01/07/2025,09:23:36,26809.34,0,0,0,0,0,0
BSE100.BSE_IDX,01/07/2025,09:23:37,26809.57,0,0,0,0,0,0
BSE100.BSE_IDX,01/07/2025,09:23:38,26809.96,0,0,0,0,0,0
BSE100.BSE_IDX,01/07/2025,09:23:39,26809.41,0,0,0,0,0,0
BSE100.BSE_IDX,01/07/2025,09:23:40,26808.34,0,0,0,0,0,0
BSE100.BSE_IDX,01/07/2025,09:23:41,26808.22,0,0,0,0,0,0
BSE100.BSE_IDX,01/07/2025,09:23:44,26808.8,0,0,0,0,0,0
BSE100.BSE_IDX,01/07/2025,09:23:44,26808.2,0,0,0,0,0,0
BSE100.BSE_IDX,01/07/2025,09:23:44,26808.47,0,0,0,0,0,0
BSE100.BSE_IDX,01/07/2025,09:23:45,26808.19,0,0,0,0,0,0
BSE100.BSE_IDX,01/07/2025,09:23:46,26807.15,0,0,0,0,0,0
BSE100.BSE_IDX,01/07/2025,09:23:47,26806.85,0,0,0,0,0,0
BSE100.BSE_IDX,01/07/2025,09:23:48,26807.02,0,0,0,0,0,0
BSE100.BSE_IDX,01/07/2025,09:23:49,26804.9,0,0,0,0,0,0
BSE100.BSE_IDX,01/07/2025,09:23:50,26804.76,0,0,0,0,0,0
BSE100.BSE_IDX,01/07/2025,09:23:51,26804.37,0,0,0,0,0,0
BSE100.BSE_IDX,01/07/2025,09:23:52,26805.41,0,0,0,0,0,0
BSE100.BSE_IDX,01/07/2025,09:23:53,26805.07,0,0,0,0,0,0
BSE100.BSE_IDX,01/07/2025,09:23:55,26804.87,0,0,0,0,0,0
BSE100.BSE_IDX,01/07/2025,09:23:56,26803.33,0,0,0,0,0,0
BSE100.BSE_IDX,01/07/2025,09:23:56,26802.53,0,0,0,0,0,0
BSE100.BSE_IDX,01/07/2025,09:23:57,26804.34,0,0,0,0,0,0
BSE100.BSE_IDX,01/07/2025,09:23:58,26803.87,0,0,0,0,0,0
BSE100.BSE_IDX,01/07/2025,09:23:59,26803.64,0,0,0,0,0,0
BSE100.BSE_IDX,01/07/2025,09:24:00,26803.27,0,0,0,0,0,0
BSE100.BSE_IDX,01/07/2025,09:24:01,26803.33,0,0,0,0,0,0
BSE100.BSE_IDX,01/07/2025,09:24:02,26803.22,0,0,0,0,0,0
BSE100.BSE_IDX,01/07/2025,09:24:03,26803.15,0,0,0,0,0,0
BSE100.BSE_IDX,01/07/2025,09:24:04,26803.26,0,0,0,0,0,0
BSE100.BSE_IDX,01/07/2025,09:24:05,26805.4,0,0,0,0,0,0
BSE100.BSE_IDX,01/07/2025,09:24:07,26807.14,0,0,0,0,0,0
BSE100.BSE_IDX,01/07/2025,09:24:08,26807.77,0,0,0,0,0,0
BSE100.BSE_IDX,01/07/2025,09:24:08,26808.2,0,0,0,0,0,0
BSE100.BSE_IDX,01/07/2025,09:24:09,26808.29,0,0,0,0,0,0
BSE100.BSE_IDX,01/07/2025,09:24:10,26807.3,0,0,0,0,0,0
BSE100.BSE_IDX,01/07/2025,09:24:11,26807.9,0,0,0,0,0,0
BSE100.BSE_IDX,01/07/2025,09:24:12,26808.79,0,0,0,0,0,0
BSE100.BSE_IDX,01/07/2025,09:24:13,26808.83,0,0,0,0,0,0
BSE100.BSE_IDX,01/07/2025,09:24:14,26808.48,0,0,0,0,0,0
BSE100.BSE_IDX,01/07/2025,09:24:15,26808.24,0,0,0,0,0,0
BSE100.BSE_IDX,01/07/2025,09:24:16,26808.63,0,0,0,0,0,0
BSE100.BSE_IDX,01/07/2025,09:24:17,26808.63,0,0,0,0,0,0
BSE100.BSE_IDX,01/07/2025,09:24:18,26809.66,0,0,0,0,0,0
BSE100.BSE_IDX,01/07/2025,09:24:19,26809.04,0,0,0,0,0,0
BSE100.BSE_IDX,01/07/2025,09:24:21,26808.83,0,0,0,0,0,0
BSE100.BSE_IDX,01/07/2025,09:24:22,26807.83,0,0,0,0,0,0
BSE100.BSE_IDX,01/07/2025,09:24:23,26807.22,0,0,0,0,0,0
BSE100.BSE_IDX,01/07/2025,09:24:23,26807.74,0,0,0,0,0,0
BSE100.BSE_IDX,01/07/2025,09:24:24,26806.48,0,0,0,0,0,0
BSE100.BSE_IDX,01/07/2025,09:24:25,26805.3,0,0,0,0,0,0
BSE100.BSE_IDX,01/07/2025,09:24:26,26804.72,0,0,0,0,0,0
BSE100.BSE_IDX,01/07/2025,09:24:27,26804.49,0,0,0,0,0,0
BSE100.BSE_IDX,01/07/2025,09:24:28,26804.34,0,0,0,0,0,0
BSE100.BSE_IDX,01/07/2025,09:24:29,26804.37,0,0,0,0,0,0
BSE100.BSE_IDX,01/07/2025,09:24:31,26805.39,0,0,0,0,0,0
BSE100.BSE_IDX,01/07/2025,09:24:32,26806.51,0,0,0,0,0,0
BSE100.BSE_IDX,01/07/2025,09:24:32,26806.63,0,0,0,0,0,0
BSE100.BSE_IDX,01/07/2025,09:24:33,26807.1,0,0,0,0,0,0
BSE100.BSE_IDX,01/07/2025,09:24:34,26807.35,0,0,0,0,0,0
BSE100.BSE_IDX,01/07/2025,09:24:35,26807.34,0,0,0,0,0,0
BSE100.BSE_IDX,01/07/2025,09:24:36,26807.16,0,0,0,0,0,0
BSE100.BSE_IDX,01/07/2025,09:24:37,26807.11,0,0,0,0,0,0
BSE100.BSE_IDX,01/07/2025,09:24:38,26805.98,0,0,0,0,0,0
BSE100.BSE_IDX,01/07/2025,09:24:39,26806.49,0,0,0,0,0,0
BSE100.BSE_IDX,01/07/2025,09:24:40,26807.33,0,0,0,0,0,0
BSE100.BSE_IDX,01/07/2025,09:24:41,26805.64,0,0,0,0,0,0
BSE100.BSE_IDX,01/07/2025,09:24:42,26807.1,0,0,0,0,0,0
BSE100.BSE_IDX,01/07/2025,09:24:43,26807.09,0,0,0,0,0,0
BSE100.BSE_IDX,01/07/2025,09:24:44,26807.63,0,0,0,0,0,0
BSE100.BSE_IDX,01/07/2025,09:24:45,26808.7,0,0,0,0,0,0
BSE100.BSE_IDX,01/07/2025,09:24:47,26809.05,0,0,0,0,0,0
BSE100.BSE_IDX,01/07/2025,09:24:47,26808.48,0,0,0,0,0,0
BSE100.BSE_IDX,01/07/2025,09:24:48,26808.45,0,0,0,0,0,0
BSE100.BSE_IDX,01/07/2025,09:24:49,26808.7,0,0,0,0,0,0
BSE100.BSE_IDX,01/07/2025,09:24:50,26808.65,0,0,0,0,0,0
BSE100.BSE_IDX,01/07/2025,09:24:51,26808.39,0,0,0,0,0,0
BSE100.BSE_IDX,01/07/2025,09:24:52,26808.98,0,0,0,0,0,0
BSE100.BSE_IDX,01/07/2025,09:24:53,26809.77,0,0,0,0,0,0
BSE100.BSE_IDX,01/07/2025,09:24:54,26808.63,0,0,0,0,0,0
BSE100.BSE_IDX,01/07/2025,09:24:57,26806.88,0,0,0,0,0,0
BSE100.BSE_IDX,01/07/2025,09:24:58,26806.29,0,0,0,0,0,0
BSE100.BSE_IDX,01/07/2025,09:24:58,26807.27,0,0,0,0,0,0
BSE100.BSE_IDX,01/07/2025,09:24:58,26807.71,0,0,0,0,0,0
BSE100.BSE_IDX,01/07/2025,09:24:59,26807.59,0,0,0,0,0,0
BSE100.BSE_IDX,01/07/2025,09:25:00,26807.42,0,0,0,0,0,0
BSE100.BSE_IDX,01/07/2025,09:25:01,26807.48,0,0,0,0,0,0
BSE100.BSE_IDX,01/07/2025,09:25:02,26807.62,0,0,0,0,0,0
BSE100.BSE_IDX,01/07/2025,09:25:03,26807.22,0,0,0,0,0,0
BSE100.BSE_IDX,01/07/2025,09:25:04,26808.06,0,0,0,0,0,0
BSE100.BSE_IDX,01/07/2025,09:25:05,26807.43,0,0,0,0,0,0
BSE100.BSE_IDX,01/07/2025,09:25:06,26808.65,0,0,0,0,0,0
BSE100.BSE_IDX,01/07/2025,09:25:07,26808.77,0,0,0,0,0,0
BSE100.BSE_IDX,01/07/2025,09:25:08,26808.72,0,0,0,0,0,0
BSE100.BSE_IDX,01/07/2025,09:25:11,26809,0,0,0,0,0,0
BSE100.BSE_IDX,01/07/2025,09:25:12,26810.04,0,0,0,0,0,0
BSE100.BSE_IDX,01/07/2025,09:25:12,26810.64,0,0,0,0,0,0
BSE100.BSE_IDX,01/07/2025,09:25:12,26809.6,0,0,0,0,0,0
BSE100.BSE_IDX,01/07/2025,09:25:13,26810.53,0,0,0,0,0,0
BSE100.BSE_IDX,01/07/2025,09:25:14,26810.49,0,0,0,0,0,0
BSE100.BSE_IDX,01/07/2025,09:25:15,26811,0,0,0,0,0,0
BSE100.BSE_IDX,01/07/2025,09:25:16,26812.54,0,0,0,0,0,0
BSE100.BSE_IDX,01/07/2025,09:25:17,26811.86,0,0,0,0,0,0
BSE100.BSE_IDX,01/07/2025,09:25:19,26812.05,0,0,0,0,0,0
BSE100.BSE_IDX,01/07/2025,09:25:19,26813.14,0,0,0,0,0,0
BSE100.BSE_IDX,01/07/2025,09:25:20,26813.79,0,0,0,0,0,0
BSE100.BSE_IDX,01/07/2025,09:25:21,26813.87,0,0,0,0,0,0
BSE100.BSE_IDX,01/07/2025,09:25:22,26814.11,0,0,0,0,0,0
BSE100.BSE_IDX,01/07/2025,09:25:23,26814.98,0,0,0,0,0,0
BSE100.BSE_IDX,01/07/2025,09:25:24,26814.61,0,0,0,0,0,0
BSE100.BSE_IDX,01/07/2025,09:25:25,26812.86,0,0,0,0,0,0
BSE100.BSE_IDX,01/07/2025,09:25:26,26812.24,0,0,0,0,0,0
BSE100.BSE_IDX,01/07/2025,09:25:28,26812.1,0,0,0,0,0,0
BSE100.BSE_IDX,01/07/2025,09:25:29,26813.25,0,0,0,0,0,0
BSE100.BSE_IDX,01/07/2025,09:25:29,26814.66,0,0,0,0,0,0
BSE100.BSE_IDX,01/07/2025,09:25:30,26814.77,0,0,0,0,0,0
BSE100.BSE_IDX,01/07/2025,09:25:31,26815.73,0,0,0,0,0,0
BSE100.BSE_IDX,01/07/2025,09:25:32,26815.95,0,0,0,0,0,0
BSE100.BSE_IDX,01/07/2025,09:25:33,26817.2,0,0,0,0,0,0
BSE100.BSE_IDX,01/07/2025,09:25:34,26818.64,0,0,0,0,0,0
BSE100.BSE_IDX,01/07/2025,09:25:35,26818.69,0,0,0,0,0,0
BSE100.BSE_IDX,01/07/2025,09:25:36,26819.54,0,0,0,0,0,0
BSE100.BSE_IDX,01/07/2025,09:25:37,26818.32,0,0,0,0,0,0
BSE100.BSE_IDX,01/07/2025,09:25:38,26818.49,0,0,0,0,0,0
BSE100.BSE_IDX,01/07/2025,09:25:39,26818.47,0,0,0,0,0,0
BSE100.BSE_IDX,01/07/2025,09:25:41,26818.74,0,0,0,0,0,0
BSE100.BSE_IDX,01/07/2025,09:25:41,26818.34,0,0,0,0,0,0
BSE100.BSE_IDX,01/07/2025,09:25:42,26818.53,0,0,0,0,0,0
BSE100.BSE_IDX,01/07/2025,09:25:43,26818.94,0,0,0,0,0,0
BSE100.BSE_IDX,01/07/2025,09:25:44,26818.79,0,0,0,0,0,0
BSE100.BSE_IDX,01/07/2025,09:25:45,26818.33,0,0,0,0,0,0
BSE100.BSE_IDX,01/07/2025,09:25:46,26818.86,0,0,0,0,0,0
BSE100.BSE_IDX,01/07/2025,09:25:47,26819.91,0,0,0,0,0,0
BSE100.BSE_IDX,01/07/2025,09:25:48,26819.96,0,0,0,0,0,0
BSE100.BSE_IDX,01/07/2025,09:25:49,26819.97,0,0,0,0,0,0
BSE100.BSE_IDX,01/07/2025,09:25:50,26820.01,0,0,0,0,0,0
BSE100.BSE_IDX,01/07/2025,09:25:51,26819.68,0,0,0,0,0,0
BSE100.BSE_IDX,01/07/2025,09:25:52,26819.92,0,0,0,0,0,0
BSE100.BSE_IDX,01/07/2025,09:25:53,26818.56,0,0,0,0,0,0
BSE100.BSE_IDX,01/07/2025,09:25:54,26819.27,0,0,0,0,0,0
BSE100.BSE_IDX,01/07/2025,09:25:55,26819.3,0,0,0,0,0,0
BSE100.BSE_IDX,01/07/2025,09:25:57,26819.44,0,0,0,0,0,0
BSE100.BSE_IDX,01/07/2025,09:25:58,26819.96,0,0,0,0,0,0
BSE100.BSE_IDX,01/07/2025,09:25:58,26821.22,0,0,0,0,0,0
BSE100.BSE_IDX,01/07/2025,09:25:59,26820.08,0,0,0,0,0,0
BSE100.BSE_IDX,01/07/2025,09:26:00,26820.57,0,0,0,0,0,0
BSE100.BSE_IDX,01/07/2025,09:26:01,26820.42,0,0,0,0,0,0
BSE100.BSE_IDX,01/07/2025,09:26:02,26820.45,0,0,0,0,0,0
BSE100.BSE_IDX,01/07/2025,09:26:03,26819.65,0,0,0,0,0,0
BSE100.BSE_IDX,01/07/2025,09:26:04,26820.54,0,0,0,0,0,0
BSE100.BSE_IDX,01/07/2025,09:26:05,26818.32,0,0,0,0,0,0
BSE100.BSE_IDX,01/07/2025,09:26:06,26818.12,0,0,0,0,0,0
BSE100.BSE_IDX,01/07/2025,09:26:07,26817.4,0,0,0,0,0,0
BSE100.BSE_IDX,01/07/2025,09:26:10,26816.79,0,0,0,0,0,0
BSE100.BSE_IDX,01/07/2025,09:26:10,26816.78,0,0,0,0,0,0
BSE100.BSE_IDX,01/07/2025,09:26:11,26816.6,0,0,0,0,0,0
BSE100.BSE_IDX,01/07/2025,09:26:11,26814.66,0,0,0,0,0,0
BSE100.BSE_IDX,01/07/2025,09:26:12,26815.77,0,0,0,0,0,0
BSE100.BSE_IDX,01/07/2025,09:26:13,26814.72,0,0,0,0,0,0
BSE100.BSE_IDX,01/07/2025,09:26:14,26815.98,0,0,0,0,0,0
BSE100.BSE_IDX,01/07/2025,09:26:15,26815.37,0,0,0,0,0,0
BSE100.BSE_IDX,01/07/2025,09:26:16,26815.21,0,0,0,0,0,0
BSE100.BSE_IDX,01/07/2025,09:26:17,26814.72,0,0,0,0,0,0
BSE100.BSE_IDX,01/07/2025,09:26:18,26817.38,0,0,0,0,0,0
BSE100.BSE_IDX,01/07/2025,09:26:19,26817.52,0,0,0,0,0,0
BSE100.BSE_IDX,01/07/2025,09:26:21,26817.64,0,0,0,0,0,0
BSE100.BSE_IDX,01/07/2025,09:26:22,26817.67,0,0,0,0,0,0
BSE100.BSE_IDX,01/07/2025,09:26:22,26818.07,0,0,0,0,0,0
BSE100.BSE_IDX,01/07/2025,09:26:23,26818.82,0,0,0,0,0,0
BSE100.BSE_IDX,01/07/2025,09:26:24,26818.85,0,0,0,0,0,0
BSE100.BSE_IDX,01/07/2025,09:26:25,26819.16,0,0,0,0,0,0
BSE100.BSE_IDX,01/07/2025,09:26:26,26819.15,0,0,0,0,0,0
BSE100.BSE_IDX,01/07/2025,09:26:27,26819.77,0,0,0,0,0,0
BSE100.BSE_IDX,01/07/2025,09:26:28,26819.5,0,0,0,0,0,0
BSE100.BSE_IDX,01/07/2025,09:26:29,26819.41,0,0,0,0,0,0
BSE100.BSE_IDX,01/07/2025,09:26:30,26819.76,0,0,0,0,0,0
BSE100.BSE_IDX,01/07/2025,09:26:31,26819.95,0,0,0,0,0,0
BSE100.BSE_IDX,01/07/2025,09:26:32,26819.83,0,0,0,0,0,0
BSE100.BSE_IDX,01/07/2025,09:26:34,26819.89,0,0,0,0,0,0
BSE100.BSE_IDX,01/07/2025,09:26:35,26820.48,0,0,0,0,0,0
BSE100.BSE_IDX,01/07/2025,09:26:35,26819.55,0,0,0,0,0,0
BSE100.BSE_IDX,01/07/2025,09:26:37,26820.5,0,0,0,0,0,0
BSE100.BSE_IDX,01/07/2025,09:26:37,26819.32,0,0,0,0,0,0
BSE100.BSE_IDX,01/07/2025,09:26:38,26819.93,0,0,0,0,0,0
BSE100.BSE_IDX,01/07/2025,09:26:39,26820.03,0,0,0,0,0,0
BSE100.BSE_IDX,01/07/2025,09:26:40,26820.73,0,0,0,0,0,0
BSE100.BSE_IDX,01/07/2025,09:26:41,26822.11,0,0,0,0,0,0
BSE100.BSE_IDX,01/07/2025,09:26:43,26822.42,0,0,0,0,0,0
BSE100.BSE_IDX,01/07/2025,09:26:43,26822.31,0,0,0,0,0,0
BSE100.BSE_IDX,01/07/2025,09:26:44,26822.07,0,0,0,0,0,0
BSE100.BSE_IDX,01/07/2025,09:26:45,26820.96,0,0,0,0,0,0
BSE100.BSE_IDX,01/07/2025,09:26:46,26820.78,0,0,0,0,0,0
BSE100.BSE_IDX,01/07/2025,09:26:48,26820.48,0,0,0,0,0,0
BSE100.BSE_IDX,01/07/2025,09:26:48,26820.39,0,0,0,0,0,0
BSE100.BSE_IDX,01/07/2025,09:26:49,26821.75,0,0,0,0,0,0
BSE100.BSE_IDX,01/07/2025,09:26:50,26820.98,0,0,0,0,0,0
BSE100.BSE_IDX,01/07/2025,09:26:51,26821.8,0,0,0,0,0,0
BSE100.BSE_IDX,01/07/2025,09:26:52,26822.75,0,0,0,0,0,0
BSE100.BSE_IDX,01/07/2025,09:26:54,26823.47,0,0,0,0,0,0
BSE100.BSE_IDX,01/07/2025,09:26:54,26823.6,0,0,0,0,0,0
BSE100.BSE_IDX,01/07/2025,09:26:55,26823.42,0,0,0,0,0,0
BSE100.BSE_IDX,01/07/2025,09:26:56,26822.65,0,0,0,0,0,0
BSE100.BSE_IDX,01/07/2025,09:26:57,26822.79,0,0,0,0,0,0
BSE100.BSE_IDX,01/07/2025,09:26:59,26822.1,0,0,0,0,0,0
BSE100.BSE_IDX,01/07/2025,09:27:00,26823.14,0,0,0,0,0,0
BSE100.BSE_IDX,01/07/2025,09:27:01,26823.46,0,0,0,0,0,0
BSE100.BSE_IDX,01/07/2025,09:27:01,26824.27,0,0,0,0,0,0
BSE100.BSE_IDX,01/07/2025,09:27:03,26824.88,0,0,0,0,0,0
BSE100.BSE_IDX,01/07/2025,09:27:04,26825.27,0,0,0,0,0,0
BSE100.BSE_IDX,01/07/2025,09:27:05,26824.71,0,0,0,0,0,0
BSE100.BSE_IDX,01/07/2025,09:27:06,26823.74,0,0,0,0,0,0
BSE100.BSE_IDX,01/07/2025,09:27:07,26823.88,0,0,0,0,0,0
BSE100.BSE_IDX,01/07/2025,09:27:08,26822.99,0,0,0,0,0,0
BSE100.BSE_IDX,01/07/2025,09:27:08,26823.13,0,0,0,0,0,0
BSE100.BSE_IDX,01/07/2025,09:27:10,26822.86,0,0,0,0,0,0
BSE100.BSE_IDX,01/07/2025,09:27:11,26824.06,0,0,0,0,0,0
BSE100.BSE_IDX,01/07/2025,09:27:12,26823.37,0,0,0,0,0,0
BSE100.BSE_IDX,01/07/2025,09:27:12,26822.53,0,0,0,0,0,0
BSE100.BSE_IDX,01/07/2025,09:27:14,26823.73,0,0,0,0,0,0
BSE100.BSE_IDX,01/07/2025,09:27:15,26825.35,0,0,0,0,0,0
BSE100.BSE_IDX,01/07/2025,09:27:16,26825.82,0,0,0,0,0,0
BSE100.BSE_IDX,01/07/2025,09:27:17,26825.11,0,0,0,0,0,0
BSE100.BSE_IDX,01/07/2025,09:27:18,26825.42,0,0,0,0,0,0
BSE100.BSE_IDX,01/07/2025,09:27:18,26823.54,0,0,0,0,0,0
BSE100.BSE_IDX,01/07/2025,09:27:20,26824.89,0,0,0,0,0,0
BSE100.BSE_IDX,01/07/2025,09:27:21,26823.29,0,0,0,0,0,0
BSE100.BSE_IDX,01/07/2025,09:27:22,26823.58,0,0,0,0,0,0
BSE100.BSE_IDX,01/07/2025,09:27:24,26823.99,0,0,0,0,0,0
BSE100.BSE_IDX,01/07/2025,09:27:24,26822.7,0,0,0,0,0,0
BSE100.BSE_IDX,01/07/2025,09:27:25,26822.52,0,0,0,0,0,0
BSE100.BSE_IDX,01/07/2025,09:27:26,26822.88,0,0,0,0,0,0
BSE100.BSE_IDX,01/07/2025,09:27:27,26822.82,0,0,0,0,0,0
BSE100.BSE_IDX,01/07/2025,09:27:28,26822.73,0,0,0,0,0,0
BSE100.BSE_IDX,01/07/2025,09:27:29,26823.63,0,0,0,0,0,0
BSE100.BSE_IDX,01/07/2025,09:27:30,26824.18,0,0,0,0,0,0
BSE100.BSE_IDX,01/07/2025,09:27:31,26823.85,0,0,0,0,0,0
BSE100.BSE_IDX,01/07/2025,09:27:32,26822.44,0,0,0,0,0,0
BSE100.BSE_IDX,01/07/2025,09:27:33,26823.58,0,0,0,0,0,0
BSE100.BSE_IDX,01/07/2025,09:27:34,26822.44,0,0,0,0,0,0
BSE100.BSE_IDX,01/07/2025,09:27:35,26822.08,0,0,0,0,0,0
BSE100.BSE_IDX,01/07/2025,09:27:36,26821.28,0,0,0,0,0,0
BSE100.BSE_IDX,01/07/2025,09:27:37,26821.9,0,0,0,0,0,0
BSE100.BSE_IDX,01/07/2025,09:27:38,26822.07,0,0,0,0,0,0
BSE100.BSE_IDX,01/07/2025,09:27:39,26821.09,0,0,0,0,0,0
BSE100.BSE_IDX,01/07/2025,09:27:40,26821.11,0,0,0,0,0,0
BSE100.BSE_IDX,01/07/2025,09:27:41,26820.69,0,0,0,0,0,0
BSE100.BSE_IDX,01/07/2025,09:27:42,26820.76,0,0,0,0,0,0
BSE100.BSE_IDX,01/07/2025,09:27:43,26821.55,0,0,0,0,0,0
BSE100.BSE_IDX,01/07/2025,09:27:44,26821.24,0,0,0,0,0,0
BSE100.BSE_IDX,01/07/2025,09:27:45,26821.1,0,0,0,0,0,0
BSE100.BSE_IDX,01/07/2025,09:27:46,26820.94,0,0,0,0,0,0
BSE100.BSE_IDX,01/07/2025,09:27:47,26821.59,0,0,0,0,0,0
BSE100.BSE_IDX,01/07/2025,09:27:48,26820.62,0,0,0,0,0,0
BSE100.BSE_IDX,01/07/2025,09:27:49,26820.92,0,0,0,0,0,0
BSE100.BSE_IDX,01/07/2025,09:27:50,26821.13,0,0,0,0,0,0
BSE100.BSE_IDX,01/07/2025,09:27:51,26822.1,0,0,0,0,0,0
BSE100.BSE_IDX,01/07/2025,09:27:52,26821.61,0,0,0,0,0,0
BSE100.BSE_IDX,01/07/2025,09:27:53,26822.25,0,0,0,0,0,0
BSE100.BSE_IDX,01/07/2025,09:27:54,26822.72,0,0,0,0,0,0
BSE100.BSE_IDX,01/07/2025,09:27:55,26823.51,0,0,0,0,0,0
BSE100.BSE_IDX,01/07/2025,09:27:56,26824.91,0,0,0,0,0,0
BSE100.BSE_IDX,01/07/2025,09:27:57,26825.04,0,0,0,0,0,0
BSE100.BSE_IDX,01/07/2025,09:27:58,26825.89,0,0,0,0,0,0
BSE100.BSE_IDX,01/07/2025,09:27:59,26825.9,0,0,0,0,0,0
BSE100.BSE_IDX,01/07/2025,09:28:00,26825.57,0,0,0,0,0,0
BSE100.BSE_IDX,01/07/2025,09:28:01,26825.62,0,0,0,0,0,0
BSE100.BSE_IDX,01/07/2025,09:28:02,26825.52,0,0,0,0,0,0
BSE100.BSE_IDX,01/07/2025,09:28:03,26825.6,0,0,0,0,0,0
BSE100.BSE_IDX,01/07/2025,09:28:04,26825.46,0,0,0,0,0,0
BSE100.BSE_IDX,01/07/2025,09:28:05,26824.8,0,0,0,0,0,0
BSE100.BSE_IDX,01/07/2025,09:28:06,26824.34,0,0,0,0,0,0
BSE100.BSE_IDX,01/07/2025,09:28:07,26822.9,0,0,0,0,0,0
BSE100.BSE_IDX,01/07/2025,09:28:08,26824.53,0,0,0,0,0,0
BSE100.BSE_IDX,01/07/2025,09:28:09,26824.98,0,0,0,0,0,0
BSE100.BSE_IDX,01/07/2025,09:28:10,26824.04,0,0,0,0,0,0
BSE100.BSE_IDX,01/07/2025,09:28:11,26823.74,0,0,0,0,0,0
BSE100.BSE_IDX,01/07/2025,09:28:12,26824.22,0,0,0,0,0,0
BSE100.BSE_IDX,01/07/2025,09:28:13,26824.07,0,0,0,0,0,0
BSE100.BSE_IDX,01/07/2025,09:28:14,26823.72,0,0,0,0,0,0
BSE100.BSE_IDX,01/07/2025,09:28:15,26823.76,0,0,0,0,0,0
BSE100.BSE_IDX,01/07/2025,09:28:16,26823.88,0,0,0,0,0,0
BSE100.BSE_IDX,01/07/2025,09:28:17,26824.29,0,0,0,0,0,0
BSE100.BSE_IDX,01/07/2025,09:28:18,26823.82,0,0,0,0,0,0
BSE100.BSE_IDX,01/07/2025,09:28:19,26823.89,0,0,0,0,0,0
BSE100.BSE_IDX,01/07/2025,09:28:20,26823.29,0,0,0,0,0,0
BSE100.BSE_IDX,01/07/2025,09:28:21,26821.79,0,0,0,0,0,0
BSE100.BSE_IDX,01/07/2025,09:28:22,26821.82,0,0,0,0,0,0
BSE100.BSE_IDX,01/07/2025,09:28:23,26820.74,0,0,0,0,0,0
BSE100.BSE_IDX,01/07/2025,09:28:24,26820.34,0,0,0,0,0,0
BSE100.BSE_IDX,01/07/2025,09:28:25,26819.35,0,0,0,0,0,0
BSE100.BSE_IDX,01/07/2025,09:28:26,26819.12,0,0,0,0,0,0
BSE100.BSE_IDX,01/07/2025,09:28:27,26818.1,0,0,0,0,0,0
BSE100.BSE_IDX,01/07/2025,09:28:28,26817.15,0,0,0,0,0,0
BSE100.BSE_IDX,01/07/2025,09:28:29,26816.43,0,0,0,0,0,0
BSE100.BSE_IDX,01/07/2025,09:28:30,26817.66,0,0,0,0,0,0
BSE100.BSE_IDX,01/07/2025,09:28:31,26817.95,0,0,0,0,0,0
BSE100.BSE_IDX,01/07/2025,09:28:32,26818.25,0,0,0,0,0,0
BSE100.BSE_IDX,01/07/2025,09:28:33,26817.87,0,0,0,0,0,0
BSE100.BSE_IDX,01/07/2025,09:28:34,26817.47,0,0,0,0,0,0
BSE100.BSE_IDX,01/07/2025,09:28:35,26816.49,0,0,0,0,0,0
BSE100.BSE_IDX,01/07/2025,09:28:36,26816.85,0,0,0,0,0,0
BSE100.BSE_IDX,01/07/2025,09:28:37,26816.97,0,0,0,0,0,0
BSE100.BSE_IDX,01/07/2025,09:28:38,26817.2,0,0,0,0,0,0
BSE100.BSE_IDX,01/07/2025,09:28:39,26814.89,0,0,0,0,0,0
BSE100.BSE_IDX,01/07/2025,09:28:40,26814.02,0,0,0,0,0,0
BSE100.BSE_IDX,01/07/2025,09:28:41,26815.17,0,0,0,0,0,0
BSE100.BSE_IDX,01/07/2025,09:28:42,26813.94,0,0,0,0,0,0
BSE100.BSE_IDX,01/07/2025,09:28:43,26814.06,0,0,0,0,0,0
BSE100.BSE_IDX,01/07/2025,09:28:44,26813.77,0,0,0,0,0,0
BSE100.BSE_IDX,01/07/2025,09:28:45,26813.3,0,0,0,0,0,0
BSE100.BSE_IDX,01/07/2025,09:28:46,26813.38,0,0,0,0,0,0
BSE100.BSE_IDX,01/07/2025,09:28:47,26813.76,0,0,0,0,0,0
BSE100.BSE_IDX,01/07/2025,09:28:48,26813.56,0,0,0,0,0,0
BSE100.BSE_IDX,01/07/2025,09:28:49,26813.96,0,0,0,0,0,0
BSE100.BSE_IDX,01/07/2025,09:28:50,26813.5,0,0,0,0,0,0
BSE100.BSE_IDX,01/07/2025,09:28:51,26814.18,0,0,0,0,0,0
BSE100.BSE_IDX,01/07/2025,09:28:53,26814.26,0,0,0,0,0,0
BSE100.BSE_IDX,01/07/2025,09:28:53,26814.54,0,0,0,0,0,0
BSE100.BSE_IDX,01/07/2025,09:28:54,26813.43,0,0,0,0,0,0
BSE100.BSE_IDX,01/07/2025,09:28:55,26811.59,0,0,0,0,0,0
BSE100.BSE_IDX,01/07/2025,09:28:56,26812.86,0,0,0,0,0,0
BSE100.BSE_IDX,01/07/2025,09:28:57,26811.8,0,0,0,0,0,0
BSE100.BSE_IDX,01/07/2025,09:28:58,26812.2,0,0,0,0,0,0
BSE100.BSE_IDX,01/07/2025,09:28:59,26811.62,0,0,0,0,0,0
BSE100.BSE_IDX,01/07/2025,09:29:00,26812.51,0,0,0,0,0,0
BSE100.BSE_IDX,01/07/2025,09:29:01,26813.01,0,0,0,0,0,0
BSE100.BSE_IDX,01/07/2025,09:29:02,26812.82,0,0,0,0,0,0
BSE100.BSE_IDX,01/07/2025,09:29:03,26812.7,0,0,0,0,0,0
BSE100.BSE_IDX,01/07/2025,09:29:04,26813.8,0,0,0,0,0,0
BSE100.BSE_IDX,01/07/2025,09:29:05,26812.08,0,0,0,0,0,0
BSE100.BSE_IDX,01/07/2025,09:29:06,26811.85,0,0,0,0,0,0
BSE100.BSE_IDX,01/07/2025,09:29:07,26811.95,0,0,0,0,0,0
BSE100.BSE_IDX,01/07/2025,09:29:08,26811.21,0,0,0,0,0,0
BSE100.BSE_IDX,01/07/2025,09:29:09,26812.23,0,0,0,0,0,0
BSE100.BSE_IDX,01/07/2025,09:29:10,26813.46,0,0,0,0,0,0
BSE100.BSE_IDX,01/07/2025,09:29:11,26813.52,0,0,0,0,0,0
BSE100.BSE_IDX,01/07/2025,09:29:12,26813.75,0,0,0,0,0,0
BSE100.BSE_IDX,01/07/2025,09:29:13,26813.18,0,0,0,0,0,0
BSE100.BSE_IDX,01/07/2025,09:29:14,26812.62,0,0,0,0,0,0
BSE100.BSE_IDX,01/07/2025,09:29:15,26812.72,0,0,0,0,0,0
BSE100.BSE_IDX,01/07/2025,09:29:16,26812.99,0,0,0,0,0,0
BSE100.BSE_IDX,01/07/2025,09:29:17,26812.76,0,0,0,0,0,0
BSE100.BSE_IDX,01/07/2025,09:29:18,26812.23,0,0,0,0,0,0
