Ticker,Date,Time,LTP,BuyPrice,BuyQty,SellPrice,SellQty,LTQ,OpenInterest
BSE200.BSE_IDX,01/07/2025,09:00:07,11650.82,0,0,0,0,0,0
BSE200.BSE_IDX,01/07/2025,09:00:15,11647.12,0,0,0,0,0,0
BSE200.BSE_IDX,01/07/2025,09:00:23,11642.93,0,0,0,0,0,0
BSE200.BSE_IDX,01/07/2025,09:00:31,11646.64,0,0,0,0,0,0
BSE200.BSE_IDX,01/07/2025,09:00:39,11638.54,0,0,0,0,0,0
BSE200.BSE_IDX,01/07/2025,09:00:47,11626.29,0,0,0,0,0,0
BSE200.BSE_IDX,01/07/2025,09:00:55,11627.09,0,0,0,0,0,0
BSE200.BSE_IDX,01/07/2025,09:01:03,11626.99,0,0,0,0,0,0
BSE200.BSE_IDX,01/07/2025,09:01:11,11627.32,0,0,0,0,0,0
BSE200.BSE_IDX,01/07/2025,09:01:19,11631.55,0,0,0,0,0,0
BSE200.BSE_IDX,01/07/2025,09:01:27,11629.07,0,0,0,0,0,0
BSE200.BSE_IDX,01/07/2025,09:01:35,11624,0,0,0,0,0,0
BSE200.BSE_IDX,01/07/2025,09:01:43,11619.76,0,0,0,0,0,0
BSE200.BSE_IDX,01/07/2025,09:01:51,11613.49,0,0,0,0,0,0
BSE200.BSE_IDX,01/07/2025,09:01:59,11616.21,0,0,0,0,0,0
BSE200.BSE_IDX,01/07/2025,09:02:07,11617.7,0,0,0,0,0,0
BSE200.BSE_IDX,01/07/2025,09:02:15,11618.51,0,0,0,0,0,0
BSE200.BSE_IDX,01/07/2025,09:02:23,11617,0,0,0,0,0,0
BSE200.BSE_IDX,01/07/2025,09:02:31,11620.3,0,0,0,0,0,0
BSE200.BSE_IDX,01/07/2025,09:02:39,11620.41,0,0,0,0,0,0
BSE200.BSE_IDX,01/07/2025,09:02:47,11617.39,0,0,0,0,0,0
BSE200.BSE_IDX,01/07/2025,09:02:55,11617.83,0,0,0,0,0,0
BSE200.BSE_IDX,01/07/2025,09:03:03,11624.44,0,0,0,0,0,0
BSE200.BSE_IDX,01/07/2025,09:03:11,11623.06,0,0,0,0,0,0
BSE200.BSE_IDX,01/07/2025,09:03:19,11622.23,0,0,0,0,0,0
BSE200.BSE_IDX,01/07/2025,09:03:27,11619.71,0,0,0,0,0,0
BSE200.BSE_IDX,01/07/2025,09:03:35,11620.42,0,0,0,0,0,0
BSE200.BSE_IDX,01/07/2025,09:03:43,11619.24,0,0,0,0,0,0
BSE200.BSE_IDX,01/07/2025,09:03:51,11615.4,0,0,0,0,0,0
BSE200.BSE_IDX,01/07/2025,09:03:59,11609.91,0,0,0,0,0,0
BSE200.BSE_IDX,01/07/2025,09:04:07,11608.73,0,0,0,0,0,0
BSE200.BSE_IDX,01/07/2025,09:04:15,11607.37,0,0,0,0,0,0
BSE200.BSE_IDX,01/07/2025,09:04:23,11607.66,0,0,0,0,0,0
BSE200.BSE_IDX,01/07/2025,09:04:31,11607.49,0,0,0,0,0,0
BSE200.BSE_IDX,01/07/2025,09:04:39,11607.21,0,0,0,0,0,0
BSE200.BSE_IDX,01/07/2025,09:04:47,11604.7,0,0,0,0,0,0
BSE200.BSE_IDX,01/07/2025,09:04:55,11601.58,0,0,0,0,0,0
BSE200.BSE_IDX,01/07/2025,09:05:03,11601.83,0,0,0,0,0,0
BSE200.BSE_IDX,01/07/2025,09:05:11,11600.26,0,0,0,0,0,0
BSE200.BSE_IDX,01/07/2025,09:05:19,11605.55,0,0,0,0,0,0
BSE200.BSE_IDX,01/07/2025,09:05:27,11605.31,0,0,0,0,0,0
BSE200.BSE_IDX,01/07/2025,09:05:35,11606.22,0,0,0,0,0,0
BSE200.BSE_IDX,01/07/2025,09:05:43,11604.93,0,0,0,0,0,0
BSE200.BSE_IDX,01/07/2025,09:05:51,11605.72,0,0,0,0,0,0
BSE200.BSE_IDX,01/07/2025,09:05:59,11608.76,0,0,0,0,0,0
BSE200.BSE_IDX,01/07/2025,09:06:07,11608.54,0,0,0,0,0,0
BSE200.BSE_IDX,01/07/2025,09:06:15,11608.9,0,0,0,0,0,0
BSE200.BSE_IDX,01/07/2025,09:06:23,11611.24,0,0,0,0,0,0
BSE200.BSE_IDX,01/07/2025,09:06:31,11613.96,0,0,0,0,0,0
BSE200.BSE_IDX,01/07/2025,09:06:39,11614.07,0,0,0,0,0,0
BSE200.BSE_IDX,01/07/2025,09:06:47,11611.14,0,0,0,0,0,0
BSE200.BSE_IDX,01/07/2025,09:06:55,11612.33,0,0,0,0,0,0
BSE200.BSE_IDX,01/07/2025,09:07:04,11612.62,0,0,0,0,0,0
BSE200.BSE_IDX,01/07/2025,09:07:11,11612.62,0,0,0,0,0,0
BSE200.BSE_IDX,01/07/2025,09:07:19,11612.62,0,0,0,0,0,0
BSE200.BSE_IDX,01/07/2025,09:07:27,11612.62,0,0,0,0,0,0
BSE200.BSE_IDX,01/07/2025,09:07:35,11612.62,0,0,0,0,0,0
BSE200.BSE_IDX,01/07/2025,09:07:43,11612.62,0,0,0,0,0,0
BSE200.BSE_IDX,01/07/2025,09:07:51,11612.62,0,0,0,0,0,0
BSE200.BSE_IDX,01/07/2025,09:07:59,11612.62,0,0,0,0,0,0
BSE200.BSE_IDX,01/07/2025,09:08:07,11612.62,0,0,0,0,0,0
BSE200.BSE_IDX,01/07/2025,09:08:15,11612.62,0,0,0,0,0,0
BSE200.BSE_IDX,01/07/2025,09:08:23,11612.62,0,0,0,0,0,0
BSE200.BSE_IDX,01/07/2025,09:08:31,11612.62,0,0,0,0,0,0
BSE200.BSE_IDX,01/07/2025,09:08:39,11612.62,0,0,0,0,0,0
BSE200.BSE_IDX,01/07/2025,09:08:47,11612.62,0,0,0,0,0,0
BSE200.BSE_IDX,01/07/2025,09:08:55,11612.62,0,0,0,0,0,0
BSE200.BSE_IDX,01/07/2025,09:09:03,11612.22,0,0,0,0,0,0
BSE200.BSE_IDX,01/07/2025,09:09:11,11612.22,0,0,0,0,0,0
BSE200.BSE_IDX,01/07/2025,09:09:19,11612.22,0,0,0,0,0,0
BSE200.BSE_IDX,01/07/2025,09:09:27,11612.22,0,0,0,0,0,0
BSE200.BSE_IDX,01/07/2025,09:09:35,11612.22,0,0,0,0,0,0
BSE200.BSE_IDX,01/07/2025,09:09:43,11612.22,0,0,0,0,0,0
BSE200.BSE_IDX,01/07/2025,09:09:51,11612.22,0,0,0,0,0,0
BSE200.BSE_IDX,01/07/2025,09:09:59,11612.22,0,0,0,0,0,0
BSE200.BSE_IDX,01/07/2025,09:10:07,11612.22,0,0,0,0,0,0
BSE200.BSE_IDX,01/07/2025,09:10:15,11612.22,0,0,0,0,0,0
BSE200.BSE_IDX,01/07/2025,09:10:23,11612.22,0,0,0,0,0,0
BSE200.BSE_IDX,01/07/2025,09:10:31,11612.22,0,0,0,0,0,0
BSE200.BSE_IDX,01/07/2025,09:10:39,11612.22,0,0,0,0,0,0
BSE200.BSE_IDX,01/07/2025,09:10:47,11612.22,0,0,0,0,0,0
BSE200.BSE_IDX,01/07/2025,09:10:55,11612.22,0,0,0,0,0,0
BSE200.BSE_IDX,01/07/2025,09:11:03,11612.22,0,0,0,0,0,0
BSE200.BSE_IDX,01/07/2025,09:11:11,11612.22,0,0,0,0,0,0
BSE200.BSE_IDX,01/07/2025,09:11:19,11612.22,0,0,0,0,0,0
BSE200.BSE_IDX,01/07/2025,09:11:27,11612.22,0,0,0,0,0,0
BSE200.BSE_IDX,01/07/2025,09:11:35,11612.22,0,0,0,0,0,0
BSE200.BSE_IDX,01/07/2025,09:11:43,11612.22,0,0,0,0,0,0
BSE200.BSE_IDX,01/07/2025,09:11:51,11612.22,0,0,0,0,0,0
BSE200.BSE_IDX,01/07/2025,09:11:59,11612.22,0,0,0,0,0,0
BSE200.BSE_IDX,01/07/2025,09:12:07,11612.22,0,0,0,0,0,0
BSE200.BSE_IDX,01/07/2025,09:12:16,11612.22,0,0,0,0,0,0
BSE200.BSE_IDX,01/07/2025,09:12:23,11612.22,0,0,0,0,0,0
BSE200.BSE_IDX,01/07/2025,09:12:31,11612.22,0,0,0,0,0,0
BSE200.BSE_IDX,01/07/2025,09:12:39,11612.22,0,0,0,0,0,0
BSE200.BSE_IDX,01/07/2025,09:12:47,11612.22,0,0,0,0,0,0
BSE200.BSE_IDX,01/07/2025,09:12:55,11612.22,0,0,0,0,0,0
BSE200.BSE_IDX,01/07/2025,09:13:03,11612.22,0,0,0,0,0,0
BSE200.BSE_IDX,01/07/2025,09:13:11,11612.22,0,0,0,0,0,0
BSE200.BSE_IDX,01/07/2025,09:13:19,11612.22,0,0,0,0,0,0
BSE200.BSE_IDX,01/07/2025,09:13:27,11612.22,0,0,0,0,0,0
BSE200.BSE_IDX,01/07/2025,09:13:35,11612.22,0,0,0,0,0,0
BSE200.BSE_IDX,01/07/2025,09:13:43,11612.22,0,0,0,0,0,0
BSE200.BSE_IDX,01/07/2025,09:13:51,11612.22,0,0,0,0,0,0
BSE200.BSE_IDX,01/07/2025,09:13:59,11612.22,0,0,0,0,0,0
BSE200.BSE_IDX,01/07/2025,09:14:07,11612.22,0,0,0,0,0,0
BSE200.BSE_IDX,01/07/2025,09:14:15,11612.22,0,0,0,0,0,0
BSE200.BSE_IDX,01/07/2025,09:14:23,11612.22,0,0,0,0,0,0
BSE200.BSE_IDX,01/07/2025,09:14:31,11612.22,0,0,0,0,0,0
BSE200.BSE_IDX,01/07/2025,09:14:39,11612.22,0,0,0,0,0,0
BSE200.BSE_IDX,01/07/2025,09:14:47,11612.22,0,0,0,0,0,0
BSE200.BSE_IDX,01/07/2025,09:14:55,11612.22,0,0,0,0,0,0
BSE200.BSE_IDX,01/07/2025,09:15:04,11615.43,0,0,0,0,0,0
BSE200.BSE_IDX,01/07/2025,09:15:11,11617.62,0,0,0,0,0,0
BSE200.BSE_IDX,01/07/2025,09:15:19,11612.63,0,0,0,0,0,0
BSE200.BSE_IDX,01/07/2025,09:15:27,11607.42,0,0,0,0,0,0
BSE200.BSE_IDX,01/07/2025,09:15:35,11607.4,0,0,0,0,0,0
BSE200.BSE_IDX,01/07/2025,09:15:43,11606.27,0,0,0,0,0,0
BSE200.BSE_IDX,01/07/2025,09:15:51,11604.42,0,0,0,0,0,0
BSE200.BSE_IDX,01/07/2025,09:15:59,11601.68,0,0,0,0,0,0
BSE200.BSE_IDX,01/07/2025,09:16:07,11601.11,0,0,0,0,0,0
BSE200.BSE_IDX,01/07/2025,09:16:15,11603.67,0,0,0,0,0,0
BSE200.BSE_IDX,01/07/2025,09:16:24,11604.5,0,0,0,0,0,0
BSE200.BSE_IDX,01/07/2025,09:16:31,11603.55,0,0,0,0,0,0
BSE200.BSE_IDX,01/07/2025,09:16:39,11603.13,0,0,0,0,0,0
BSE200.BSE_IDX,01/07/2025,09:16:48,11600.98,0,0,0,0,0,0
BSE200.BSE_IDX,01/07/2025,09:16:55,11601.38,0,0,0,0,0,0
BSE200.BSE_IDX,01/07/2025,09:17:03,11602.43,0,0,0,0,0,0
BSE200.BSE_IDX,01/07/2025,09:17:12,11599.74,0,0,0,0,0,0
BSE200.BSE_IDX,01/07/2025,09:17:19,11599.87,0,0,0,0,0,0
BSE200.BSE_IDX,01/07/2025,09:17:27,11600.57,0,0,0,0,0,0
BSE200.BSE_IDX,01/07/2025,09:17:35,11601.85,0,0,0,0,0,0
BSE200.BSE_IDX,01/07/2025,09:17:44,11604.76,0,0,0,0,0,0
BSE200.BSE_IDX,01/07/2025,09:17:51,11606.17,0,0,0,0,0,0
BSE200.BSE_IDX,01/07/2025,09:17:59,11605.81,0,0,0,0,0,0
BSE200.BSE_IDX,01/07/2025,09:18:07,11607.4,0,0,0,0,0,0
BSE200.BSE_IDX,01/07/2025,09:18:15,11607.13,0,0,0,0,0,0
BSE200.BSE_IDX,01/07/2025,09:18:23,11606.7,0,0,0,0,0,0
BSE200.BSE_IDX,01/07/2025,09:18:31,11606.16,0,0,0,0,0,0
BSE200.BSE_IDX,01/07/2025,09:18:39,11607.05,0,0,0,0,0,0
BSE200.BSE_IDX,01/07/2025,09:18:47,11607.49,0,0,0,0,0,0
BSE200.BSE_IDX,01/07/2025,09:18:56,11607.55,0,0,0,0,0,0
BSE200.BSE_IDX,01/07/2025,09:19:03,11606.93,0,0,0,0,0,0
BSE200.BSE_IDX,01/07/2025,09:19:11,11605.71,0,0,0,0,0,0
BSE200.BSE_IDX,01/07/2025,09:19:19,11605.93,0,0,0,0,0,0
BSE200.BSE_IDX,01/07/2025,09:19:28,11605.21,0,0,0,0,0,0
BSE200.BSE_IDX,01/07/2025,09:19:35,11606.66,0,0,0,0,0,0
BSE200.BSE_IDX,01/07/2025,09:19:43,11605.93,0,0,0,0,0,0
BSE200.BSE_IDX,01/07/2025,09:19:52,11606.44,0,0,0,0,0,0
BSE200.BSE_IDX,01/07/2025,09:19:59,11605.78,0,0,0,0,0,0
BSE200.BSE_IDX,01/07/2025,09:20:07,11607.25,0,0,0,0,0,0
BSE200.BSE_IDX,01/07/2025,09:20:15,11608.48,0,0,0,0,0,0
BSE200.BSE_IDX,01/07/2025,09:20:24,11607.35,0,0,0,0,0,0
BSE200.BSE_IDX,01/07/2025,09:20:31,11608.63,0,0,0,0,0,0
BSE200.BSE_IDX,01/07/2025,09:20:39,11608.52,0,0,0,0,0,0
BSE200.BSE_IDX,01/07/2025,09:20:47,11608.22,0,0,0,0,0,0
BSE200.BSE_IDX,01/07/2025,09:20:55,11607.12,0,0,0,0,0,0
BSE200.BSE_IDX,01/07/2025,09:21:03,11607.17,0,0,0,0,0,0
BSE200.BSE_IDX,01/07/2025,09:21:11,11608.43,0,0,0,0,0,0
BSE200.BSE_IDX,01/07/2025,09:21:19,11611.69,0,0,0,0,0,0
BSE200.BSE_IDX,01/07/2025,09:21:27,11611.57,0,0,0,0,0,0
BSE200.BSE_IDX,01/07/2025,09:21:36,11612.19,0,0,0,0,0,0
BSE200.BSE_IDX,01/07/2025,09:21:43,11613.71,0,0,0,0,0,0
BSE200.BSE_IDX,01/07/2025,09:21:51,11614.48,0,0,0,0,0,0
BSE200.BSE_IDX,01/07/2025,09:21:59,11614.71,0,0,0,0,0,0
BSE200.BSE_IDX,01/07/2025,09:22:07,11614.29,0,0,0,0,0,0
BSE200.BSE_IDX,01/07/2025,09:22:15,11614.3,0,0,0,0,0,0
BSE200.BSE_IDX,01/07/2025,09:22:23,11616.63,0,0,0,0,0,0
BSE200.BSE_IDX,01/07/2025,09:22:31,11618.02,0,0,0,0,0,0
BSE200.BSE_IDX,01/07/2025,09:22:39,11618.09,0,0,0,0,0,0
BSE200.BSE_IDX,01/07/2025,09:22:47,11618.69,0,0,0,0,0,0
BSE200.BSE_IDX,01/07/2025,09:22:55,11618.74,0,0,0,0,0,0
BSE200.BSE_IDX,01/07/2025,09:23:03,11618.43,0,0,0,0,0,0
BSE200.BSE_IDX,01/07/2025,09:23:11,11617.45,0,0,0,0,0,0
BSE200.BSE_IDX,01/07/2025,09:23:19,11616.4,0,0,0,0,0,0
BSE200.BSE_IDX,01/07/2025,09:23:27,11615.42,0,0,0,0,0,0
BSE200.BSE_IDX,01/07/2025,09:23:35,11614.64,0,0,0,0,0,0
BSE200.BSE_IDX,01/07/2025,09:23:44,11614.2,0,0,0,0,0,0
BSE200.BSE_IDX,01/07/2025,09:23:51,11612.74,0,0,0,0,0,0
BSE200.BSE_IDX,01/07/2025,09:23:59,11612.42,0,0,0,0,0,0
BSE200.BSE_IDX,01/07/2025,09:24:08,11614.01,0,0,0,0,0,0
BSE200.BSE_IDX,01/07/2025,09:24:15,11613.95,0,0,0,0,0,0
BSE200.BSE_IDX,01/07/2025,09:24:23,11613.89,0,0,0,0,0,0
BSE200.BSE_IDX,01/07/2025,09:24:32,11613.25,0,0,0,0,0,0
BSE200.BSE_IDX,01/07/2025,09:24:39,11613.21,0,0,0,0,0,0
BSE200.BSE_IDX,01/07/2025,09:24:48,11613.98,0,0,0,0,0,0
BSE200.BSE_IDX,01/07/2025,09:24:57,11613.49,0,0,0,0,0,0
BSE200.BSE_IDX,01/07/2025,09:25:03,11613.82,0,0,0,0,0,0
BSE200.BSE_IDX,01/07/2025,09:25:12,11614.78,0,0,0,0,0,0
BSE200.BSE_IDX,01/07/2025,09:25:19,11615.58,0,0,0,0,0,0
BSE200.BSE_IDX,01/07/2025,09:25:29,11615.17,0,0,0,0,0,0
BSE200.BSE_IDX,01/07/2025,09:25:35,11617.48,0,0,0,0,0,0
BSE200.BSE_IDX,01/07/2025,09:25:43,11617.45,0,0,0,0,0,0
BSE200.BSE_IDX,01/07/2025,09:25:51,11617.59,0,0,0,0,0,0
BSE200.BSE_IDX,01/07/2025,09:25:59,11617.77,0,0,0,0,0,0
BSE200.BSE_IDX,01/07/2025,09:26:08,11616.58,0,0,0,0,0,0
BSE200.BSE_IDX,01/07/2025,09:26:15,11615.99,0,0,0,0,0,0
BSE200.BSE_IDX,01/07/2025,09:26:23,11617.27,0,0,0,0,0,0
BSE200.BSE_IDX,01/07/2025,09:26:31,11617.75,0,0,0,0,0,0
BSE200.BSE_IDX,01/07/2025,09:26:39,11617.83,0,0,0,0,0,0
BSE200.BSE_IDX,01/07/2025,09:26:48,11617.94,0,0,0,0,0,0
BSE200.BSE_IDX,01/07/2025,09:26:55,11618.97,0,0,0,0,0,0
BSE200.BSE_IDX,01/07/2025,09:27:04,11619.63,0,0,0,0,0,0
BSE200.BSE_IDX,01/07/2025,09:27:12,11618.84,0,0,0,0,0,0
BSE200.BSE_IDX,01/07/2025,09:27:19,11619.34,0,0,0,0,0,0
BSE200.BSE_IDX,01/07/2025,09:27:28,11618.66,0,0,0,0,0,0
BSE200.BSE_IDX,01/07/2025,09:27:36,11618.21,0,0,0,0,0,0
BSE200.BSE_IDX,01/07/2025,09:27:44,11617.98,0,0,0,0,0,0
BSE200.BSE_IDX,01/07/2025,09:27:51,11618.22,0,0,0,0,0,0
BSE200.BSE_IDX,01/07/2025,09:28:00,11619.61,0,0,0,0,0,0
BSE200.BSE_IDX,01/07/2025,09:28:08,11618.53,0,0,0,0,0,0
BSE200.BSE_IDX,01/07/2025,09:28:16,11618.26,0,0,0,0,0,0
BSE200.BSE_IDX,01/07/2025,09:28:24,11616.82,0,0,0,0,0,0
BSE200.BSE_IDX,01/07/2025,09:28:32,11616.02,0,0,0,0,0,0
BSE200.BSE_IDX,01/07/2025,09:28:40,11614.45,0,0,0,0,0,0
BSE200.BSE_IDX,01/07/2025,09:28:48,11614.36,0,0,0,0,0,0
BSE200.BSE_IDX,01/07/2025,09:28:56,11613.73,0,0,0,0,0,0
BSE200.BSE_IDX,01/07/2025,09:29:04,11614.33,0,0,0,0,0,0
BSE200.BSE_IDX,01/07/2025,09:29:12,11614.3,0,0,0,0,0,0
BSE200.BSE_IDX,01/07/2025,09:29:20,11613.12,0,0,0,0,0,0
BSE200.BSE_IDX,01/07/2025,09:29:28,11613.1,0,0,0,0,0,0
BSE200.BSE_IDX,01/07/2025,09:29:36,11613.27,0,0,0,0,0,0
BSE200.BSE_IDX,01/07/2025,09:29:44,11614.32,0,0,0,0,0,0
BSE200.BSE_IDX,01/07/2025,09:29:52,11614.53,0,0,0,0,0,0
BSE200.BSE_IDX,01/07/2025,09:30:00,11615.39,0,0,0,0,0,0
BSE200.BSE_IDX,01/07/2025,09:30:08,11616.83,0,0,0,0,0,0
BSE200.BSE_IDX,01/07/2025,09:30:16,11620.33,0,0,0,0,0,0
BSE200.BSE_IDX,01/07/2025,09:30:24,11620.83,0,0,0,0,0,0
BSE200.BSE_IDX,01/07/2025,09:30:32,11621.87,0,0,0,0,0,0
BSE200.BSE_IDX,01/07/2025,09:30:40,11622.59,0,0,0,0,0,0
BSE200.BSE_IDX,01/07/2025,09:30:48,11622.76,0,0,0,0,0,0
BSE200.BSE_IDX,01/07/2025,09:30:56,11621.35,0,0,0,0,0,0
BSE200.BSE_IDX,01/07/2025,09:31:04,11621.5,0,0,0,0,0,0
BSE200.BSE_IDX,01/07/2025,09:31:12,11619.39,0,0,0,0,0,0
BSE200.BSE_IDX,01/07/2025,09:31:20,11618.23,0,0,0,0,0,0
BSE200.BSE_IDX,01/07/2025,09:31:28,11617.68,0,0,0,0,0,0
BSE200.BSE_IDX,01/07/2025,09:31:36,11617.27,0,0,0,0,0,0
BSE200.BSE_IDX,01/07/2025,09:31:44,11616.48,0,0,0,0,0,0
BSE200.BSE_IDX,01/07/2025,09:31:52,11617.24,0,0,0,0,0,0
BSE200.BSE_IDX,01/07/2025,09:32:00,11618.05,0,0,0,0,0,0
BSE200.BSE_IDX,01/07/2025,09:32:08,11616.86,0,0,0,0,0,0
BSE200.BSE_IDX,01/07/2025,09:32:16,11616.23,0,0,0,0,0,0
BSE200.BSE_IDX,01/07/2025,09:32:24,11616.07,0,0,0,0,0,0
BSE200.BSE_IDX,01/07/2025,09:32:32,11616.84,0,0,0,0,0,0
BSE200.BSE_IDX,01/07/2025,09:32:40,11616.5,0,0,0,0,0,0
BSE200.BSE_IDX,01/07/2025,09:32:48,11617.41,0,0,0,0,0,0
BSE200.BSE_IDX,01/07/2025,09:32:56,11618.78,0,0,0,0,0,0
BSE200.BSE_IDX,01/07/2025,09:33:04,11619.95,0,0,0,0,0,0
BSE200.BSE_IDX,01/07/2025,09:33:12,11620.41,0,0,0,0,0,0
BSE200.BSE_IDX,01/07/2025,09:33:20,11620.98,0,0,0,0,0,0
BSE200.BSE_IDX,01/07/2025,09:33:28,11621.1,0,0,0,0,0,0
BSE200.BSE_IDX,01/07/2025,09:33:36,11620.8,0,0,0,0,0,0
BSE200.BSE_IDX,01/07/2025,09:33:44,11620.37,0,0,0,0,0,0
BSE200.BSE_IDX,01/07/2025,09:33:52,11620.34,0,0,0,0,0,0
BSE200.BSE_IDX,01/07/2025,09:34:00,11620.28,0,0,0,0,0,0
BSE200.BSE_IDX,01/07/2025,09:34:08,11619.72,0,0,0,0,0,0
BSE200.BSE_IDX,01/07/2025,09:34:16,11619.18,0,0,0,0,0,0
BSE200.BSE_IDX,01/07/2025,09:34:24,11619.66,0,0,0,0,0,0
BSE200.BSE_IDX,01/07/2025,09:34:32,11619.77,0,0,0,0,0,0
BSE200.BSE_IDX,01/07/2025,09:34:40,11620.27,0,0,0,0,0,0
BSE200.BSE_IDX,01/07/2025,09:34:48,11620.72,0,0,0,0,0,0
BSE200.BSE_IDX,01/07/2025,09:34:56,11620.74,0,0,0,0,0,0
BSE200.BSE_IDX,01/07/2025,09:35:05,11620.01,0,0,0,0,0,0
BSE200.BSE_IDX,01/07/2025,09:35:12,11619.73,0,0,0,0,0,0
BSE200.BSE_IDX,01/07/2025,09:35:20,11618.18,0,0,0,0,0,0
BSE200.BSE_IDX,01/07/2025,09:35:28,11617.86,0,0,0,0,0,0
BSE200.BSE_IDX,01/07/2025,09:35:36,11618.53,0,0,0,0,0,0
BSE200.BSE_IDX,01/07/2025,09:35:44,11618.58,0,0,0,0,0,0
BSE200.BSE_IDX,01/07/2025,09:35:52,11617.85,0,0,0,0,0,0
BSE200.BSE_IDX,01/07/2025,09:36:00,11618.18,0,0,0,0,0,0
BSE200.BSE_IDX,01/07/2025,09:36:08,11617.81,0,0,0,0,0,0
BSE200.BSE_IDX,01/07/2025,09:36:16,11617.45,0,0,0,0,0,0
BSE200.BSE_IDX,01/07/2025,09:36:24,11617.4,0,0,0,0,0,0
BSE200.BSE_IDX,01/07/2025,09:36:33,11616.86,0,0,0,0,0,0
BSE200.BSE_IDX,01/07/2025,09:36:40,11615.44,0,0,0,0,0,0
BSE200.BSE_IDX,01/07/2025,09:36:48,11617.21,0,0,0,0,0,0
BSE200.BSE_IDX,01/07/2025,09:36:56,11617.18,0,0,0,0,0,0
BSE200.BSE_IDX,01/07/2025,09:37:04,11617.79,0,0,0,0,0,0
BSE200.BSE_IDX,01/07/2025,09:37:12,11618.27,0,0,0,0,0,0
BSE200.BSE_IDX,01/07/2025,09:37:20,11618.04,0,0,0,0,0,0
BSE200.BSE_IDX,01/07/2025,09:37:28,11618.57,0,0,0,0,0,0
BSE200.BSE_IDX,01/07/2025,09:37:36,11618,0,0,0,0,0,0
BSE200.BSE_IDX,01/07/2025,09:37:44,11618.49,0,0,0,0,0,0
BSE200.BSE_IDX,01/07/2025,09:37:52,11618.15,0,0,0,0,0,0
BSE200.BSE_IDX,01/07/2025,09:38:00,11618.59,0,0,0,0,0,0
BSE200.BSE_IDX,01/07/2025,09:38:08,11617.81,0,0,0,0,0,0
BSE200.BSE_IDX,01/07/2025,09:38:16,11616.87,0,0,0,0,0,0
BSE200.BSE_IDX,01/07/2025,09:38:24,11617.12,0,0,0,0,0,0
BSE200.BSE_IDX,01/07/2025,09:38:32,11616.22,0,0,0,0,0,0
BSE200.BSE_IDX,01/07/2025,09:38:40,11614.95,0,0,0,0,0,0
BSE200.BSE_IDX,01/07/2025,09:38:48,11615.36,0,0,0,0,0,0
BSE200.BSE_IDX,01/07/2025,09:38:56,11615.23,0,0,0,0,0,0
BSE200.BSE_IDX,01/07/2025,09:39:04,11613.66,0,0,0,0,0,0
BSE200.BSE_IDX,01/07/2025,09:39:12,11614.8,0,0,0,0,0,0
BSE200.BSE_IDX,01/07/2025,09:39:20,11615.37,0,0,0,0,0,0
BSE200.BSE_IDX,01/07/2025,09:39:28,11615.4,0,0,0,0,0,0
BSE200.BSE_IDX,01/07/2025,09:39:36,11615.9,0,0,0,0,0,0
BSE200.BSE_IDX,01/07/2025,09:39:44,11616.73,0,0,0,0,0,0
BSE200.BSE_IDX,01/07/2025,09:39:52,11617.23,0,0,0,0,0,0
BSE200.BSE_IDX,01/07/2025,09:40:00,11617.6,0,0,0,0,0,0
BSE200.BSE_IDX,01/07/2025,09:40:08,11618.45,0,0,0,0,0,0
BSE200.BSE_IDX,01/07/2025,09:40:16,11618.66,0,0,0,0,0,0
BSE200.BSE_IDX,01/07/2025,09:40:24,11619.19,0,0,0,0,0,0
BSE200.BSE_IDX,01/07/2025,09:40:32,11617.4,0,0,0,0,0,0
BSE200.BSE_IDX,01/07/2025,09:40:40,11617.35,0,0,0,0,0,0
BSE200.BSE_IDX,01/07/2025,09:40:48,11617.22,0,0,0,0,0,0
BSE200.BSE_IDX,01/07/2025,09:40:56,11617.08,0,0,0,0,0,0
BSE200.BSE_IDX,01/07/2025,09:41:04,11616.31,0,0,0,0,0,0
BSE200.BSE_IDX,01/07/2025,09:41:12,11616.9,0,0,0,0,0,0
BSE200.BSE_IDX,01/07/2025,09:41:20,11617.54,0,0,0,0,0,0
BSE200.BSE_IDX,01/07/2025,09:41:28,11618.01,0,0,0,0,0,0
BSE200.BSE_IDX,01/07/2025,09:41:36,11618.46,0,0,0,0,0,0
BSE200.BSE_IDX,01/07/2025,09:41:44,11617.59,0,0,0,0,0,0
BSE200.BSE_IDX,01/07/2025,09:41:52,11617.6,0,0,0,0,0,0
BSE200.BSE_IDX,01/07/2025,09:42:00,11618.3,0,0,0,0,0,0
BSE200.BSE_IDX,01/07/2025,09:42:08,11619.11,0,0,0,0,0,0
BSE200.BSE_IDX,01/07/2025,09:42:16,11618.96,0,0,0,0,0,0
BSE200.BSE_IDX,01/07/2025,09:42:24,11618.13,0,0,0,0,0,0
BSE200.BSE_IDX,01/07/2025,09:42:32,11617.97,0,0,0,0,0,0
BSE200.BSE_IDX,01/07/2025,09:42:40,11618,0,0,0,0,0,0
BSE200.BSE_IDX,01/07/2025,09:42:48,11618.91,0,0,0,0,0,0
BSE200.BSE_IDX,01/07/2025,09:42:56,11620.3,0,0,0,0,0,0
BSE200.BSE_IDX,01/07/2025,09:43:04,11619.46,0,0,0,0,0,0
BSE200.BSE_IDX,01/07/2025,09:43:12,11618.94,0,0,0,0,0,0
BSE200.BSE_IDX,01/07/2025,09:43:20,11618.52,0,0,0,0,0,0
BSE200.BSE_IDX,01/07/2025,09:43:28,11619.08,0,0,0,0,0,0
BSE200.BSE_IDX,01/07/2025,09:43:36,11618.79,0,0,0,0,0,0
BSE200.BSE_IDX,01/07/2025,09:43:44,11618.48,0,0,0,0,0,0
BSE200.BSE_IDX,01/07/2025,09:43:53,11618.07,0,0,0,0,0,0
BSE200.BSE_IDX,01/07/2025,09:44:00,11618.07,0,0,0,0,0,0
BSE200.BSE_IDX,01/07/2025,09:44:08,11617.96,0,0,0,0,0,0
BSE200.BSE_IDX,01/07/2025,09:44:16,11617.62,0,0,0,0,0,0
BSE200.BSE_IDX,01/07/2025,09:44:24,11618.4,0,0,0,0,0,0
BSE200.BSE_IDX,01/07/2025,09:44:32,11618.47,0,0,0,0,0,0
BSE200.BSE_IDX,01/07/2025,09:44:40,11618.03,0,0,0,0,0,0
BSE200.BSE_IDX,01/07/2025,09:44:48,11617.73,0,0,0,0,0,0
BSE200.BSE_IDX,01/07/2025,09:44:56,11616.98,0,0,0,0,0,0
BSE200.BSE_IDX,01/07/2025,09:45:05,11615.92,0,0,0,0,0,0
BSE200.BSE_IDX,01/07/2025,09:45:12,11614.44,0,0,0,0,0,0
BSE200.BSE_IDX,01/07/2025,09:45:20,11613.66,0,0,0,0,0,0
BSE200.BSE_IDX,01/07/2025,09:45:28,11614.41,0,0,0,0,0,0
BSE200.BSE_IDX,01/07/2025,09:45:36,11613.3,0,0,0,0,0,0
BSE200.BSE_IDX,01/07/2025,09:45:44,11611.72,0,0,0,0,0,0
BSE200.BSE_IDX,01/07/2025,09:45:52,11612.03,0,0,0,0,0,0
BSE200.BSE_IDX,01/07/2025,09:46:01,11611.78,0,0,0,0,0,0
BSE200.BSE_IDX,01/07/2025,09:46:08,11610.32,0,0,0,0,0,0
BSE200.BSE_IDX,01/07/2025,09:46:16,11610.59,0,0,0,0,0,0
BSE200.BSE_IDX,01/07/2025,09:46:24,11610.87,0,0,0,0,0,0
BSE200.BSE_IDX,01/07/2025,09:46:32,11611.23,0,0,0,0,0,0
BSE200.BSE_IDX,01/07/2025,09:46:40,11611.63,0,0,0,0,0,0
BSE200.BSE_IDX,01/07/2025,09:46:48,11611.3,0,0,0,0,0,0
BSE200.BSE_IDX,01/07/2025,09:46:56,11611.49,0,0,0,0,0,0
BSE200.BSE_IDX,01/07/2025,09:47:04,11611.08,0,0,0,0,0,0
BSE200.BSE_IDX,01/07/2025,09:47:12,11611.65,0,0,0,0,0,0
BSE200.BSE_IDX,01/07/2025,09:47:20,11611.09,0,0,0,0,0,0
BSE200.BSE_IDX,01/07/2025,09:47:28,11610.72,0,0,0,0,0,0
BSE200.BSE_IDX,01/07/2025,09:47:36,11610.28,0,0,0,0,0,0
BSE200.BSE_IDX,01/07/2025,09:47:44,11610.57,0,0,0,0,0,0
BSE200.BSE_IDX,01/07/2025,09:47:52,11612.4,0,0,0,0,0,0
BSE200.BSE_IDX,01/07/2025,09:48:00,11613.25,0,0,0,0,0,0
BSE200.BSE_IDX,01/07/2025,09:48:08,11613.53,0,0,0,0,0,0
BSE200.BSE_IDX,01/07/2025,09:48:16,11615.03,0,0,0,0,0,0
BSE200.BSE_IDX,01/07/2025,09:48:24,11616.59,0,0,0,0,0,0
BSE200.BSE_IDX,01/07/2025,09:48:32,11617.68,0,0,0,0,0,0
BSE200.BSE_IDX,01/07/2025,09:48:40,11616.65,0,0,0,0,0,0
BSE200.BSE_IDX,01/07/2025,09:48:48,11616.22,0,0,0,0,0,0
BSE200.BSE_IDX,01/07/2025,09:48:56,11616.51,0,0,0,0,0,0
BSE200.BSE_IDX,01/07/2025,09:49:04,11617.41,0,0,0,0,0,0
BSE200.BSE_IDX,01/07/2025,09:49:12,11617.57,0,0,0,0,0,0
BSE200.BSE_IDX,01/07/2025,09:49:20,11617.49,0,0,0,0,0,0
BSE200.BSE_IDX,01/07/2025,09:49:28,11618.05,0,0,0,0,0,0
BSE200.BSE_IDX,01/07/2025,09:49:36,11618.33,0,0,0,0,0,0
BSE200.BSE_IDX,01/07/2025,09:49:44,11618.96,0,0,0,0,0,0
BSE200.BSE_IDX,01/07/2025,09:49:52,11619.39,0,0,0,0,0,0
BSE200.BSE_IDX,01/07/2025,09:50:00,11619.05,0,0,0,0,0,0
BSE200.BSE_IDX,01/07/2025,09:50:08,11619.53,0,0,0,0,0,0
BSE200.BSE_IDX,01/07/2025,09:50:16,11619.6,0,0,0,0,0,0
BSE200.BSE_IDX,01/07/2025,09:50:24,11619.77,0,0,0,0,0,0
BSE200.BSE_IDX,01/07/2025,09:50:32,11618.32,0,0,0,0,0,0
BSE200.BSE_IDX,01/07/2025,09:50:40,11616.59,0,0,0,0,0,0
BSE200.BSE_IDX,01/07/2025,09:50:48,11616.83,0,0,0,0,0,0
BSE200.BSE_IDX,01/07/2025,09:50:57,11616.3,0,0,0,0,0,0
BSE200.BSE_IDX,01/07/2025,09:51:04,11616.16,0,0,0,0,0,0
BSE200.BSE_IDX,01/07/2025,09:51:12,11617.34,0,0,0,0,0,0
BSE200.BSE_IDX,01/07/2025,09:51:20,11617.05,0,0,0,0,0,0
BSE200.BSE_IDX,01/07/2025,09:51:28,11615.69,0,0,0,0,0,0
BSE200.BSE_IDX,01/07/2025,09:51:37,11613.99,0,0,0,0,0,0
BSE200.BSE_IDX,01/07/2025,09:51:44,11615.08,0,0,0,0,0,0
BSE200.BSE_IDX,01/07/2025,09:51:52,11613.86,0,0,0,0,0,0
BSE200.BSE_IDX,01/07/2025,09:52:01,11612.95,0,0,0,0,0,0
BSE200.BSE_IDX,01/07/2025,09:52:08,11611.43,0,0,0,0,0,0
BSE200.BSE_IDX,01/07/2025,09:52:17,11609.36,0,0,0,0,0,0
BSE200.BSE_IDX,01/07/2025,09:52:24,11608.86,0,0,0,0,0,0
BSE200.BSE_IDX,01/07/2025,09:52:32,11610.2,0,0,0,0,0,0
BSE200.BSE_IDX,01/07/2025,09:52:40,11609.97,0,0,0,0,0,0
BSE200.BSE_IDX,01/07/2025,09:52:48,11610.54,0,0,0,0,0,0
BSE200.BSE_IDX,01/07/2025,09:52:57,11610.37,0,0,0,0,0,0
BSE200.BSE_IDX,01/07/2025,09:53:04,11610.45,0,0,0,0,0,0
BSE200.BSE_IDX,01/07/2025,09:53:13,11610.88,0,0,0,0,0,0
BSE200.BSE_IDX,01/07/2025,09:53:20,11611.56,0,0,0,0,0,0
BSE200.BSE_IDX,01/07/2025,09:53:28,11611.75,0,0,0,0,0,0
BSE200.BSE_IDX,01/07/2025,09:53:36,11611.58,0,0,0,0,0,0
BSE200.BSE_IDX,01/07/2025,09:53:44,11610.83,0,0,0,0,0,0
BSE200.BSE_IDX,01/07/2025,09:53:52,11610.46,0,0,0,0,0,0
BSE200.BSE_IDX,01/07/2025,09:54:00,11608.66,0,0,0,0,0,0
BSE200.BSE_IDX,01/07/2025,09:54:08,11607.25,0,0,0,0,0,0
BSE200.BSE_IDX,01/07/2025,09:54:16,11607.13,0,0,0,0,0,0
BSE200.BSE_IDX,01/07/2025,09:54:24,11606,0,0,0,0,0,0
BSE200.BSE_IDX,01/07/2025,09:54:32,11605.62,0,0,0,0,0,0
BSE200.BSE_IDX,01/07/2025,09:54:40,11605.08,0,0,0,0,0,0
BSE200.BSE_IDX,01/07/2025,09:54:48,11605.23,0,0,0,0,0,0
BSE200.BSE_IDX,01/07/2025,09:54:56,11605.05,0,0,0,0,0,0
BSE200.BSE_IDX,01/07/2025,09:55:04,11604.34,0,0,0,0,0,0
BSE200.BSE_IDX,01/07/2025,09:55:12,11604.68,0,0,0,0,0,0
BSE200.BSE_IDX,01/07/2025,09:55:20,11604.24,0,0,0,0,0,0
BSE200.BSE_IDX,01/07/2025,09:55:28,11604.34,0,0,0,0,0,0
BSE200.BSE_IDX,01/07/2025,09:55:36,11604.37,0,0,0,0,0,0
BSE200.BSE_IDX,01/07/2025,09:55:44,11603.45,0,0,0,0,0,0
BSE200.BSE_IDX,01/07/2025,09:55:52,11602.73,0,0,0,0,0,0
BSE200.BSE_IDX,01/07/2025,09:56:00,11602.87,0,0,0,0,0,0
BSE200.BSE_IDX,01/07/2025,09:56:08,11602.65,0,0,0,0,0,0
BSE200.BSE_IDX,01/07/2025,09:56:16,11602.82,0,0,0,0,0,0
BSE200.BSE_IDX,01/07/2025,09:56:25,11603.07,0,0,0,0,0,0
BSE200.BSE_IDX,01/07/2025,09:56:32,11602.35,0,0,0,0,0,0
BSE200.BSE_IDX,01/07/2025,09:56:41,11602.27,0,0,0,0,0,0
BSE200.BSE_IDX,01/07/2025,09:56:48,11602.76,0,0,0,0,0,0
BSE200.BSE_IDX,01/07/2025,09:56:57,11602.29,0,0,0,0,0,0
BSE200.BSE_IDX,01/07/2025,09:57:04,11602.32,0,0,0,0,0,0
BSE200.BSE_IDX,01/07/2025,09:57:12,11603.06,0,0,0,0,0,0
BSE200.BSE_IDX,01/07/2025,09:57:20,11603.91,0,0,0,0,0,0
BSE200.BSE_IDX,01/07/2025,09:57:28,11604.09,0,0,0,0,0,0
BSE200.BSE_IDX,01/07/2025,09:57:36,11603.48,0,0,0,0,0,0
BSE200.BSE_IDX,01/07/2025,09:57:44,11604.62,0,0,0,0,0,0
BSE200.BSE_IDX,01/07/2025,09:57:52,11604.44,0,0,0,0,0,0
BSE200.BSE_IDX,01/07/2025,09:58:00,11604.07,0,0,0,0,0,0
BSE200.BSE_IDX,01/07/2025,09:58:08,11604.46,0,0,0,0,0,0
BSE200.BSE_IDX,01/07/2025,09:58:16,11605.2,0,0,0,0,0,0
BSE200.BSE_IDX,01/07/2025,09:58:24,11604.3,0,0,0,0,0,0
BSE200.BSE_IDX,01/07/2025,09:58:32,11605.31,0,0,0,0,0,0
BSE200.BSE_IDX,01/07/2025,09:58:40,11606.32,0,0,0,0,0,0
BSE200.BSE_IDX,01/07/2025,09:58:48,11606.86,0,0,0,0,0,0
BSE200.BSE_IDX,01/07/2025,09:58:56,11607.79,0,0,0,0,0,0
BSE200.BSE_IDX,01/07/2025,09:59:05,11608.81,0,0,0,0,0,0
BSE200.BSE_IDX,01/07/2025,09:59:12,11608.43,0,0,0,0,0,0
BSE200.BSE_IDX,01/07/2025,09:59:20,11608.93,0,0,0,0,0,0
BSE200.BSE_IDX,01/07/2025,09:59:28,11609.4,0,0,0,0,0,0
BSE200.BSE_IDX,01/07/2025,09:59:36,11609.34,0,0,0,0,0,0
BSE200.BSE_IDX,01/07/2025,09:59:45,11609.53,0,0,0,0,0,0
BSE200.BSE_IDX,01/07/2025,09:59:52,11609.5,0,0,0,0,0,0
BSE200.BSE_IDX,01/07/2025,10:00:00,11609.41,0,0,0,0,0,0
BSE200.BSE_IDX,01/07/2025,10:00:08,11611.16,0,0,0,0,0,0
BSE200.BSE_IDX,01/07/2025,10:00:16,11611.59,0,0,0,0,0,0
BSE200.BSE_IDX,01/07/2025,10:00:24,11610.84,0,0,0,0,0,0
BSE200.BSE_IDX,01/07/2025,10:00:32,11610.56,0,0,0,0,0,0
BSE200.BSE_IDX,01/07/2025,10:00:40,11610.47,0,0,0,0,0,0
BSE200.BSE_IDX,01/07/2025,10:00:48,11610.23,0,0,0,0,0,0
BSE200.BSE_IDX,01/07/2025,10:00:56,11610.18,0,0,0,0,0,0
BSE200.BSE_IDX,01/07/2025,10:01:04,11608.8,0,0,0,0,0,0
BSE200.BSE_IDX,01/07/2025,10:01:12,11607.1,0,0,0,0,0,0
BSE200.BSE_IDX,01/07/2025,10:01:21,11607.08,0,0,0,0,0,0
BSE200.BSE_IDX,01/07/2025,10:01:28,11606.39,0,0,0,0,0,0
BSE200.BSE_IDX,01/07/2025,10:01:36,11606.01,0,0,0,0,0,0
BSE200.BSE_IDX,01/07/2025,10:01:44,11605.85,0,0,0,0,0,0
BSE200.BSE_IDX,01/07/2025,10:01:52,11604.89,0,0,0,0,0,0
BSE200.BSE_IDX,01/07/2025,10:02:00,11604.36,0,0,0,0,0,0
BSE200.BSE_IDX,01/07/2025,10:02:08,11604.17,0,0,0,0,0,0
BSE200.BSE_IDX,01/07/2025,10:02:16,11603.78,0,0,0,0,0,0
BSE200.BSE_IDX,01/07/2025,10:02:24,11603.84,0,0,0,0,0,0
BSE200.BSE_IDX,01/07/2025,10:02:32,11602.33,0,0,0,0,0,0
BSE200.BSE_IDX,01/07/2025,10:02:41,11602.5,0,0,0,0,0,0
BSE200.BSE_IDX,01/07/2025,10:02:49,11602.62,0,0,0,0,0,0
BSE200.BSE_IDX,01/07/2025,10:02:56,11601.77,0,0,0,0,0,0
BSE200.BSE_IDX,01/07/2025,10:03:04,11601.05,0,0,0,0,0,0
BSE200.BSE_IDX,01/07/2025,10:03:13,11600.03,0,0,0,0,0,0
BSE200.BSE_IDX,01/07/2025,10:03:20,11598.18,0,0,0,0,0,0
BSE200.BSE_IDX,01/07/2025,10:03:29,11597.85,0,0,0,0,0,0
BSE200.BSE_IDX,01/07/2025,10:03:37,11598.62,0,0,0,0,0,0
BSE200.BSE_IDX,01/07/2025,10:03:45,11598.78,0,0,0,0,0,0
BSE200.BSE_IDX,01/07/2025,10:03:53,11599.19,0,0,0,0,0,0
BSE200.BSE_IDX,01/07/2025,10:04:01,11599.67,0,0,0,0,0,0
BSE200.BSE_IDX,01/07/2025,10:04:09,11599.61,0,0,0,0,0,0
BSE200.BSE_IDX,01/07/2025,10:04:17,11599.35,0,0,0,0,0,0
BSE200.BSE_IDX,01/07/2025,10:04:25,11599.04,0,0,0,0,0,0
BSE200.BSE_IDX,01/07/2025,10:04:33,11601.49,0,0,0,0,0,0
BSE200.BSE_IDX,01/07/2025,10:04:41,11602.65,0,0,0,0,0,0
BSE200.BSE_IDX,01/07/2025,10:04:50,11602.89,0,0,0,0,0,0
BSE200.BSE_IDX,01/07/2025,10:04:57,11602.79,0,0,0,0,0,0
BSE200.BSE_IDX,01/07/2025,10:05:05,11600.41,0,0,0,0,0,0
BSE200.BSE_IDX,01/07/2025,10:05:14,11599.68,0,0,0,0,0,0
BSE200.BSE_IDX,01/07/2025,10:05:21,11598.58,0,0,0,0,0,0
BSE200.BSE_IDX,01/07/2025,10:05:29,11595.86,0,0,0,0,0,0
BSE200.BSE_IDX,01/07/2025,10:05:37,11595.24,0,0,0,0,0,0
BSE200.BSE_IDX,01/07/2025,10:05:45,11597.75,0,0,0,0,0,0
BSE200.BSE_IDX,01/07/2025,10:05:53,11598.76,0,0,0,0,0,0
BSE200.BSE_IDX,01/07/2025,10:06:01,11598.82,0,0,0,0,0,0
BSE200.BSE_IDX,01/07/2025,10:06:09,11599.45,0,0,0,0,0,0
BSE200.BSE_IDX,01/07/2025,10:06:17,11600.23,0,0,0,0,0,0
BSE200.BSE_IDX,01/07/2025,10:06:25,11600.87,0,0,0,0,0,0
BSE200.BSE_IDX,01/07/2025,10:06:33,11601.33,0,0,0,0,0,0
BSE200.BSE_IDX,01/07/2025,10:06:41,11601.55,0,0,0,0,0,0
BSE200.BSE_IDX,01/07/2025,10:06:49,11601.25,0,0,0,0,0,0
BSE200.BSE_IDX,01/07/2025,10:06:57,11601.4,0,0,0,0,0,0
BSE200.BSE_IDX,01/07/2025,10:07:05,11602.13,0,0,0,0,0,0
BSE200.BSE_IDX,01/07/2025,10:07:13,11602.42,0,0,0,0,0,0
BSE200.BSE_IDX,01/07/2025,10:07:21,11602.58,0,0,0,0,0,0
BSE200.BSE_IDX,01/07/2025,10:07:29,11603.11,0,0,0,0,0,0
BSE200.BSE_IDX,01/07/2025,10:07:37,11603.91,0,0,0,0,0,0
BSE200.BSE_IDX,01/07/2025,10:07:45,11604.35,0,0,0,0,0,0
BSE200.BSE_IDX,01/07/2025,10:07:53,11604.31,0,0,0,0,0,0
BSE200.BSE_IDX,01/07/2025,10:08:01,11604.49,0,0,0,0,0,0
BSE200.BSE_IDX,01/07/2025,10:08:09,11604.63,0,0,0,0,0,0
BSE200.BSE_IDX,01/07/2025,10:08:17,11605.51,0,0,0,0,0,0
BSE200.BSE_IDX,01/07/2025,10:08:25,11605.69,0,0,0,0,0,0
BSE200.BSE_IDX,01/07/2025,10:08:33,11605.25,0,0,0,0,0,0
BSE200.BSE_IDX,01/07/2025,10:08:41,11604.43,0,0,0,0,0,0
BSE200.BSE_IDX,01/07/2025,10:08:49,11604.37,0,0,0,0,0,0
BSE200.BSE_IDX,01/07/2025,10:08:57,11603.49,0,0,0,0,0,0
BSE200.BSE_IDX,01/07/2025,10:09:05,11601.01,0,0,0,0,0,0
BSE200.BSE_IDX,01/07/2025,10:09:13,11600.57,0,0,0,0,0,0
BSE200.BSE_IDX,01/07/2025,10:09:21,11599.69,0,0,0,0,0,0
BSE200.BSE_IDX,01/07/2025,10:09:29,11599.39,0,0,0,0,0,0
BSE200.BSE_IDX,01/07/2025,10:09:37,11600.55,0,0,0,0,0,0
BSE200.BSE_IDX,01/07/2025,10:09:45,11600.59,0,0,0,0,0,0
BSE200.BSE_IDX,01/07/2025,10:09:53,11600.81,0,0,0,0,0,0
BSE200.BSE_IDX,01/07/2025,10:10:01,11601.81,0,0,0,0,0,0
BSE200.BSE_IDX,01/07/2025,10:10:09,11601.24,0,0,0,0,0,0
BSE200.BSE_IDX,01/07/2025,10:10:17,11601.28,0,0,0,0,0,0
BSE200.BSE_IDX,01/07/2025,10:10:25,11601.32,0,0,0,0,0,0
BSE200.BSE_IDX,01/07/2025,10:10:33,11601.69,0,0,0,0,0,0
BSE200.BSE_IDX,01/07/2025,10:10:41,11601.4,0,0,0,0,0,0
BSE200.BSE_IDX,01/07/2025,10:10:49,11601.51,0,0,0,0,0,0
BSE200.BSE_IDX,01/07/2025,10:10:57,11601.21,0,0,0,0,0,0
BSE200.BSE_IDX,01/07/2025,10:11:05,11601.01,0,0,0,0,0,0
BSE200.BSE_IDX,01/07/2025,10:11:13,11600.38,0,0,0,0,0,0
BSE200.BSE_IDX,01/07/2025,10:11:22,11600.3,0,0,0,0,0,0
BSE200.BSE_IDX,01/07/2025,10:11:29,11599.03,0,0,0,0,0,0
BSE200.BSE_IDX,01/07/2025,10:11:37,11598.83,0,0,0,0,0,0
BSE200.BSE_IDX,01/07/2025,10:11:45,11598.49,0,0,0,0,0,0
BSE200.BSE_IDX,01/07/2025,10:11:53,11599.19,0,0,0,0,0,0
BSE200.BSE_IDX,01/07/2025,10:12:01,11600.55,0,0,0,0,0,0
BSE200.BSE_IDX,01/07/2025,10:12:09,11600.66,0,0,0,0,0,0
BSE200.BSE_IDX,01/07/2025,10:12:17,11598.88,0,0,0,0,0,0
BSE200.BSE_IDX,01/07/2025,10:12:25,11598.05,0,0,0,0,0,0
BSE200.BSE_IDX,01/07/2025,10:12:33,11597.5,0,0,0,0,0,0
BSE200.BSE_IDX,01/07/2025,10:12:41,11596.95,0,0,0,0,0,0
BSE200.BSE_IDX,01/07/2025,10:12:49,11595.65,0,0,0,0,0,0
BSE200.BSE_IDX,01/07/2025,10:12:57,11592.82,0,0,0,0,0,0
BSE200.BSE_IDX,01/07/2025,10:13:05,11592.28,0,0,0,0,0,0
BSE200.BSE_IDX,01/07/2025,10:13:13,11592.56,0,0,0,0,0,0
BSE200.BSE_IDX,01/07/2025,10:13:21,11594.57,0,0,0,0,0,0
BSE200.BSE_IDX,01/07/2025,10:13:29,11594.57,0,0,0,0,0,0
BSE200.BSE_IDX,01/07/2025,10:13:37,11594.37,0,0,0,0,0,0
BSE200.BSE_IDX,01/07/2025,10:13:45,11594.11,0,0,0,0,0,0
BSE200.BSE_IDX,01/07/2025,10:13:53,11593.77,0,0,0,0,0,0
BSE200.BSE_IDX,01/07/2025,10:14:01,11592.21,0,0,0,0,0,0
BSE200.BSE_IDX,01/07/2025,10:14:09,11591.99,0,0,0,0,0,0
BSE200.BSE_IDX,01/07/2025,10:14:17,11592.33,0,0,0,0,0,0
BSE200.BSE_IDX,01/07/2025,10:14:25,11591.86,0,0,0,0,0,0
BSE200.BSE_IDX,01/07/2025,10:14:33,11592.3,0,0,0,0,0,0
BSE200.BSE_IDX,01/07/2025,10:14:41,11590.83,0,0,0,0,0,0
BSE200.BSE_IDX,01/07/2025,10:14:49,11590.87,0,0,0,0,0,0
BSE200.BSE_IDX,01/07/2025,10:14:57,11591.2,0,0,0,0,0,0
BSE200.BSE_IDX,01/07/2025,10:15:05,11590.23,0,0,0,0,0,0
BSE200.BSE_IDX,01/07/2025,10:15:13,11589.38,0,0,0,0,0,0
BSE200.BSE_IDX,01/07/2025,10:15:21,11589.49,0,0,0,0,0,0
BSE200.BSE_IDX,01/07/2025,10:15:29,11588.36,0,0,0,0,0,0
BSE200.BSE_IDX,01/07/2025,10:15:37,11589.42,0,0,0,0,0,0
BSE200.BSE_IDX,01/07/2025,10:15:45,11590.47,0,0,0,0,0,0
BSE200.BSE_IDX,01/07/2025,10:15:53,11590.76,0,0,0,0,0,0
BSE200.BSE_IDX,01/07/2025,10:16:01,11590.35,0,0,0,0,0,0
BSE200.BSE_IDX,01/07/2025,10:16:09,11591.44,0,0,0,0,0,0
BSE200.BSE_IDX,01/07/2025,10:16:17,11591.26,0,0,0,0,0,0
BSE200.BSE_IDX,01/07/2025,10:16:25,11591.77,0,0,0,0,0,0
BSE200.BSE_IDX,01/07/2025,10:16:33,11591.52,0,0,0,0,0,0
BSE200.BSE_IDX,01/07/2025,10:16:41,11591.47,0,0,0,0,0,0
BSE200.BSE_IDX,01/07/2025,10:16:49,11591.42,0,0,0,0,0,0
BSE200.BSE_IDX,01/07/2025,10:16:57,11591.48,0,0,0,0,0,0
BSE200.BSE_IDX,01/07/2025,10:17:05,11591.66,0,0,0,0,0,0
BSE200.BSE_IDX,01/07/2025,10:17:13,11591.2,0,0,0,0,0,0
BSE200.BSE_IDX,01/07/2025,10:17:21,11592.59,0,0,0,0,0,0
BSE200.BSE_IDX,01/07/2025,10:17:29,11592.48,0,0,0,0,0,0
BSE200.BSE_IDX,01/07/2025,10:17:37,11593.4,0,0,0,0,0,0
BSE200.BSE_IDX,01/07/2025,10:17:45,11594.26,0,0,0,0,0,0
BSE200.BSE_IDX,01/07/2025,10:17:53,11595.06,0,0,0,0,0,0
BSE200.BSE_IDX,01/07/2025,10:18:01,11595.24,0,0,0,0,0,0
BSE200.BSE_IDX,01/07/2025,10:18:09,11595.87,0,0,0,0,0,0
BSE200.BSE_IDX,01/07/2025,10:18:17,11596.74,0,0,0,0,0,0
BSE200.BSE_IDX,01/07/2025,10:18:25,11596.82,0,0,0,0,0,0
BSE200.BSE_IDX,01/07/2025,10:18:33,11596.59,0,0,0,0,0,0
BSE200.BSE_IDX,01/07/2025,10:18:41,11596.25,0,0,0,0,0,0
BSE200.BSE_IDX,01/07/2025,10:18:49,11595.66,0,0,0,0,0,0
BSE200.BSE_IDX,01/07/2025,10:18:57,11595.04,0,0,0,0,0,0
BSE200.BSE_IDX,01/07/2025,10:19:05,11593.76,0,0,0,0,0,0
BSE200.BSE_IDX,01/07/2025,10:19:13,11593.99,0,0,0,0,0,0
BSE200.BSE_IDX,01/07/2025,10:19:21,11594.38,0,0,0,0,0,0
BSE200.BSE_IDX,01/07/2025,10:19:29,11594.79,0,0,0,0,0,0
BSE200.BSE_IDX,01/07/2025,10:19:37,11593.57,0,0,0,0,0,0
BSE200.BSE_IDX,01/07/2025,10:19:45,11594.25,0,0,0,0,0,0
BSE200.BSE_IDX,01/07/2025,10:19:53,11593.09,0,0,0,0,0,0
BSE200.BSE_IDX,01/07/2025,10:20:01,11593.24,0,0,0,0,0,0
BSE200.BSE_IDX,01/07/2025,10:20:09,11593.81,0,0,0,0,0,0
BSE200.BSE_IDX,01/07/2025,10:20:17,11593.94,0,0,0,0,0,0
BSE200.BSE_IDX,01/07/2025,10:20:25,11593.67,0,0,0,0,0,0
BSE200.BSE_IDX,01/07/2025,10:20:33,11593.44,0,0,0,0,0,0
BSE200.BSE_IDX,01/07/2025,10:20:41,11593.91,0,0,0,0,0,0
BSE200.BSE_IDX,01/07/2025,10:20:49,11592.8,0,0,0,0,0,0
BSE200.BSE_IDX,01/07/2025,10:20:57,11592.27,0,0,0,0,0,0
BSE200.BSE_IDX,01/07/2025,10:21:05,11591.83,0,0,0,0,0,0
BSE200.BSE_IDX,01/07/2025,10:21:13,11591.08,0,0,0,0,0,0
BSE200.BSE_IDX,01/07/2025,10:21:21,11591.17,0,0,0,0,0,0
BSE200.BSE_IDX,01/07/2025,10:21:29,11590.81,0,0,0,0,0,0
BSE200.BSE_IDX,01/07/2025,10:21:37,11590.72,0,0,0,0,0,0
BSE200.BSE_IDX,01/07/2025,10:21:45,11589.53,0,0,0,0,0,0
BSE200.BSE_IDX,01/07/2025,10:21:53,11590.3,0,0,0,0,0,0
BSE200.BSE_IDX,01/07/2025,10:22:01,11590.38,0,0,0,0,0,0
BSE200.BSE_IDX,01/07/2025,10:22:09,11590.27,0,0,0,0,0,0
BSE200.BSE_IDX,01/07/2025,10:22:17,11589.32,0,0,0,0,0,0
BSE200.BSE_IDX,01/07/2025,10:22:25,11589.47,0,0,0,0,0,0
BSE200.BSE_IDX,01/07/2025,10:22:33,11588.87,0,0,0,0,0,0
BSE200.BSE_IDX,01/07/2025,10:22:41,11589.25,0,0,0,0,0,0
BSE200.BSE_IDX,01/07/2025,10:22:49,11589.06,0,0,0,0,0,0
BSE200.BSE_IDX,01/07/2025,10:22:57,11589.82,0,0,0,0,0,0
BSE200.BSE_IDX,01/07/2025,10:23:05,11589.35,0,0,0,0,0,0
BSE200.BSE_IDX,01/07/2025,10:23:13,11589.7,0,0,0,0,0,0
BSE200.BSE_IDX,01/07/2025,10:23:21,11589.32,0,0,0,0,0,0
BSE200.BSE_IDX,01/07/2025,10:23:29,11590.02,0,0,0,0,0,0
BSE200.BSE_IDX,01/07/2025,10:23:37,11590.35,0,0,0,0,0,0
BSE200.BSE_IDX,01/07/2025,10:23:45,11590.57,0,0,0,0,0,0
BSE200.BSE_IDX,01/07/2025,10:23:53,11590.24,0,0,0,0,0,0
BSE200.BSE_IDX,01/07/2025,10:24:01,11590.65,0,0,0,0,0,0
BSE200.BSE_IDX,01/07/2025,10:24:09,11590.16,0,0,0,0,0,0
BSE200.BSE_IDX,01/07/2025,10:24:17,11589.22,0,0,0,0,0,0
BSE200.BSE_IDX,01/07/2025,10:24:25,11589.26,0,0,0,0,0,0
BSE200.BSE_IDX,01/07/2025,10:24:33,11588.33,0,0,0,0,0,0
BSE200.BSE_IDX,01/07/2025,10:24:41,11588.18,0,0,0,0,0,0
BSE200.BSE_IDX,01/07/2025,10:24:49,11588.43,0,0,0,0,0,0
BSE200.BSE_IDX,01/07/2025,10:24:57,11588.58,0,0,0,0,0,0
BSE200.BSE_IDX,01/07/2025,10:25:05,11588.23,0,0,0,0,0,0
BSE200.BSE_IDX,01/07/2025,10:25:13,11588.55,0,0,0,0,0,0
BSE200.BSE_IDX,01/07/2025,10:25:21,11588.24,0,0,0,0,0,0
BSE200.BSE_IDX,01/07/2025,10:25:29,11587.77,0,0,0,0,0,0
BSE200.BSE_IDX,01/07/2025,10:25:37,11588.06,0,0,0,0,0,0
BSE200.BSE_IDX,01/07/2025,10:25:45,11587.95,0,0,0,0,0,0
BSE200.BSE_IDX,01/07/2025,10:25:53,11588.45,0,0,0,0,0,0
BSE200.BSE_IDX,01/07/2025,10:26:01,11589.07,0,0,0,0,0,0
BSE200.BSE_IDX,01/07/2025,10:26:09,11589.24,0,0,0,0,0,0
BSE200.BSE_IDX,01/07/2025,10:26:17,11589.22,0,0,0,0,0,0
BSE200.BSE_IDX,01/07/2025,10:26:25,11589.4,0,0,0,0,0,0
BSE200.BSE_IDX,01/07/2025,10:26:33,11589.3,0,0,0,0,0,0
BSE200.BSE_IDX,01/07/2025,10:26:41,11589.95,0,0,0,0,0,0
BSE200.BSE_IDX,01/07/2025,10:26:49,11589.41,0,0,0,0,0,0
BSE200.BSE_IDX,01/07/2025,10:26:57,11589.61,0,0,0,0,0,0
BSE200.BSE_IDX,01/07/2025,10:27:05,11590.2,0,0,0,0,0,0
BSE200.BSE_IDX,01/07/2025,10:27:13,11590.49,0,0,0,0,0,0
BSE200.BSE_IDX,01/07/2025,10:27:21,11590.14,0,0,0,0,0,0
BSE200.BSE_IDX,01/07/2025,10:27:29,11591.1,0,0,0,0,0,0
BSE200.BSE_IDX,01/07/2025,10:27:37,11591.19,0,0,0,0,0,0
BSE200.BSE_IDX,01/07/2025,10:27:45,11591.29,0,0,0,0,0,0
BSE200.BSE_IDX,01/07/2025,10:27:53,11591.79,0,0,0,0,0,0
BSE200.BSE_IDX,01/07/2025,10:28:01,11593.02,0,0,0,0,0,0
BSE200.BSE_IDX,01/07/2025,10:28:09,11593.7,0,0,0,0,0,0
BSE200.BSE_IDX,01/07/2025,10:28:17,11592.88,0,0,0,0,0,0
BSE200.BSE_IDX,01/07/2025,10:28:25,11592.61,0,0,0,0,0,0
BSE200.BSE_IDX,01/07/2025,10:28:33,11593.36,0,0,0,0,0,0
BSE200.BSE_IDX,01/07/2025,10:28:41,11593.19,0,0,0,0,0,0
BSE200.BSE_IDX,01/07/2025,10:28:49,11594.42,0,0,0,0,0,0
BSE200.BSE_IDX,01/07/2025,10:28:57,11594.29,0,0,0,0,0,0
BSE200.BSE_IDX,01/07/2025,10:29:05,11594.76,0,0,0,0,0,0
BSE200.BSE_IDX,01/07/2025,10:29:13,11595,0,0,0,0,0,0
BSE200.BSE_IDX,01/07/2025,10:29:21,11595.34,0,0,0,0,0,0
BSE200.BSE_IDX,01/07/2025,10:29:29,11594.86,0,0,0,0,0,0
BSE200.BSE_IDX,01/07/2025,10:29:37,11594.4,0,0,0,0,0,0
BSE200.BSE_IDX,01/07/2025,10:29:46,11594.33,0,0,0,0,0,0
BSE200.BSE_IDX,01/07/2025,10:29:54,11594.83,0,0,0,0,0,0
BSE200.BSE_IDX,01/07/2025,10:30:01,11594.9,0,0,0,0,0,0
BSE200.BSE_IDX,01/07/2025,10:30:09,11594.9,0,0,0,0,0,0
BSE200.BSE_IDX,01/07/2025,10:30:17,11595.95,0,0,0,0,0,0
BSE200.BSE_IDX,01/07/2025,10:30:25,11597.36,0,0,0,0,0,0
BSE200.BSE_IDX,01/07/2025,10:30:33,11597.06,0,0,0,0,0,0
BSE200.BSE_IDX,01/07/2025,10:30:41,11597.34,0,0,0,0,0,0
BSE200.BSE_IDX,01/07/2025,10:30:49,11596.81,0,0,0,0,0,0
BSE200.BSE_IDX,01/07/2025,10:30:57,11595.59,0,0,0,0,0,0
BSE200.BSE_IDX,01/07/2025,10:31:05,11596.22,0,0,0,0,0,0
BSE200.BSE_IDX,01/07/2025,10:31:13,11595.95,0,0,0,0,0,0
BSE200.BSE_IDX,01/07/2025,10:31:21,11595.63,0,0,0,0,0,0
BSE200.BSE_IDX,01/07/2025,10:31:29,11595.54,0,0,0,0,0,0
BSE200.BSE_IDX,01/07/2025,10:31:37,11595.08,0,0,0,0,0,0
BSE200.BSE_IDX,01/07/2025,10:31:45,11594.29,0,0,0,0,0,0
BSE200.BSE_IDX,01/07/2025,10:31:53,11594.96,0,0,0,0,0,0
BSE200.BSE_IDX,01/07/2025,10:32:01,11595.5,0,0,0,0,0,0
BSE200.BSE_IDX,01/07/2025,10:32:09,11594.37,0,0,0,0,0,0
BSE200.BSE_IDX,01/07/2025,10:32:17,11594.48,0,0,0,0,0,0
BSE200.BSE_IDX,01/07/2025,10:32:25,11595.3,0,0,0,0,0,0
BSE200.BSE_IDX,01/07/2025,10:32:33,11595.56,0,0,0,0,0,0
BSE200.BSE_IDX,01/07/2025,10:32:41,11595.74,0,0,0,0,0,0
BSE200.BSE_IDX,01/07/2025,10:32:49,11596.29,0,0,0,0,0,0
BSE200.BSE_IDX,01/07/2025,10:32:57,11597.2,0,0,0,0,0,0
BSE200.BSE_IDX,01/07/2025,10:33:05,11597.41,0,0,0,0,0,0
BSE200.BSE_IDX,01/07/2025,10:33:13,11597.84,0,0,0,0,0,0
BSE200.BSE_IDX,01/07/2025,10:33:21,11597.92,0,0,0,0,0,0
BSE200.BSE_IDX,01/07/2025,10:33:29,11597.86,0,0,0,0,0,0
BSE200.BSE_IDX,01/07/2025,10:33:37,11598.28,0,0,0,0,0,0
BSE200.BSE_IDX,01/07/2025,10:33:45,11598.61,0,0,0,0,0,0
BSE200.BSE_IDX,01/07/2025,10:33:53,11598.28,0,0,0,0,0,0
BSE200.BSE_IDX,01/07/2025,10:34:01,11597.59,0,0,0,0,0,0
BSE200.BSE_IDX,01/07/2025,10:34:09,11597.38,0,0,0,0,0,0
BSE200.BSE_IDX,01/07/2025,10:34:17,11596.95,0,0,0,0,0,0
BSE200.BSE_IDX,01/07/2025,10:34:25,11597.21,0,0,0,0,0,0
BSE200.BSE_IDX,01/07/2025,10:34:33,11597.64,0,0,0,0,0,0
BSE200.BSE_IDX,01/07/2025,10:34:41,11597.28,0,0,0,0,0,0
BSE200.BSE_IDX,01/07/2025,10:34:49,11597.39,0,0,0,0,0,0
BSE200.BSE_IDX,01/07/2025,10:34:58,11597.1,0,0,0,0,0,0
BSE200.BSE_IDX,01/07/2025,10:35:06,11597.41,0,0,0,0,0,0
BSE200.BSE_IDX,01/07/2025,10:35:14,11597.36,0,0,0,0,0,0
BSE200.BSE_IDX,01/07/2025,10:35:21,11597.42,0,0,0,0,0,0
BSE200.BSE_IDX,01/07/2025,10:35:29,11596.67,0,0,0,0,0,0
BSE200.BSE_IDX,01/07/2025,10:35:37,11596.03,0,0,0,0,0,0
BSE200.BSE_IDX,01/07/2025,10:35:45,11595.63,0,0,0,0,0,0
BSE200.BSE_IDX,01/07/2025,10:35:54,11595.95,0,0,0,0,0,0
BSE200.BSE_IDX,01/07/2025,10:36:02,11596.05,0,0,0,0,0,0
BSE200.BSE_IDX,01/07/2025,10:36:10,11595.33,0,0,0,0,0,0
BSE200.BSE_IDX,01/07/2025,10:36:17,11595.46,0,0,0,0,0,0
BSE200.BSE_IDX,01/07/2025,10:36:25,11594.97,0,0,0,0,0,0
BSE200.BSE_IDX,01/07/2025,10:36:34,11596.09,0,0,0,0,0,0
BSE200.BSE_IDX,01/07/2025,10:36:42,11596.15,0,0,0,0,0,0
BSE200.BSE_IDX,01/07/2025,10:36:49,11595.83,0,0,0,0,0,0
BSE200.BSE_IDX,01/07/2025,10:36:58,11595.23,0,0,0,0,0,0
BSE200.BSE_IDX,01/07/2025,10:37:05,11595.27,0,0,0,0,0,0
BSE200.BSE_IDX,01/07/2025,10:37:14,11594.78,0,0,0,0,0,0
BSE200.BSE_IDX,01/07/2025,10:37:21,11594.5,0,0,0,0,0,0
BSE200.BSE_IDX,01/07/2025,10:37:30,11594.51,0,0,0,0,0,0
BSE200.BSE_IDX,01/07/2025,10:37:38,11593.9,0,0,0,0,0,0
BSE200.BSE_IDX,01/07/2025,10:37:46,11593.42,0,0,0,0,0,0
BSE200.BSE_IDX,01/07/2025,10:37:54,11592.56,0,0,0,0,0,0
BSE200.BSE_IDX,01/07/2025,10:38:02,11592.39,0,0,0,0,0,0
BSE200.BSE_IDX,01/07/2025,10:38:10,11592.67,0,0,0,0,0,0
BSE200.BSE_IDX,01/07/2025,10:38:18,11592.95,0,0,0,0,0,0
BSE200.BSE_IDX,01/07/2025,10:38:26,11593.33,0,0,0,0,0,0
BSE200.BSE_IDX,01/07/2025,10:38:34,11592.79,0,0,0,0,0,0
BSE200.BSE_IDX,01/07/2025,10:38:42,11593.43,0,0,0,0,0,0
BSE200.BSE_IDX,01/07/2025,10:38:50,11593.93,0,0,0,0,0,0
BSE200.BSE_IDX,01/07/2025,10:38:58,11594.3,0,0,0,0,0,0
BSE200.BSE_IDX,01/07/2025,10:39:06,11595.81,0,0,0,0,0,0
BSE200.BSE_IDX,01/07/2025,10:39:14,11596.36,0,0,0,0,0,0
BSE200.BSE_IDX,01/07/2025,10:39:22,11596.88,0,0,0,0,0,0
BSE200.BSE_IDX,01/07/2025,10:39:30,11597.04,0,0,0,0,0,0
BSE200.BSE_IDX,01/07/2025,10:39:38,11597.07,0,0,0,0,0,0
BSE200.BSE_IDX,01/07/2025,10:39:46,11597.3,0,0,0,0,0,0
BSE200.BSE_IDX,01/07/2025,10:39:54,11597.77,0,0,0,0,0,0
BSE200.BSE_IDX,01/07/2025,10:40:02,11598.26,0,0,0,0,0,0
BSE200.BSE_IDX,01/07/2025,10:40:10,11597.09,0,0,0,0,0,0
BSE200.BSE_IDX,01/07/2025,10:40:18,11597.39,0,0,0,0,0,0
BSE200.BSE_IDX,01/07/2025,10:40:26,11596.74,0,0,0,0,0,0
BSE200.BSE_IDX,01/07/2025,10:40:34,11596.88,0,0,0,0,0,0
BSE200.BSE_IDX,01/07/2025,10:40:42,11596.32,0,0,0,0,0,0
BSE200.BSE_IDX,01/07/2025,10:40:50,11596.49,0,0,0,0,0,0
BSE200.BSE_IDX,01/07/2025,10:40:58,11596.5,0,0,0,0,0,0
BSE200.BSE_IDX,01/07/2025,10:41:06,11596.24,0,0,0,0,0,0
BSE200.BSE_IDX,01/07/2025,10:41:14,11595.44,0,0,0,0,0,0
BSE200.BSE_IDX,01/07/2025,10:41:22,11596.29,0,0,0,0,0,0
BSE200.BSE_IDX,01/07/2025,10:41:30,11596.09,0,0,0,0,0,0
BSE200.BSE_IDX,01/07/2025,10:41:38,11597.58,0,0,0,0,0,0
BSE200.BSE_IDX,01/07/2025,10:41:46,11596.89,0,0,0,0,0,0
BSE200.BSE_IDX,01/07/2025,10:41:54,11596.76,0,0,0,0,0,0
BSE200.BSE_IDX,01/07/2025,10:42:02,11597.03,0,0,0,0,0,0
BSE200.BSE_IDX,01/07/2025,10:42:10,11597.31,0,0,0,0,0,0
BSE200.BSE_IDX,01/07/2025,10:42:18,11597.76,0,0,0,0,0,0
BSE200.BSE_IDX,01/07/2025,10:42:26,11597.59,0,0,0,0,0,0
BSE200.BSE_IDX,01/07/2025,10:42:34,11597.15,0,0,0,0,0,0
BSE200.BSE_IDX,01/07/2025,10:42:42,11596.62,0,0,0,0,0,0
BSE200.BSE_IDX,01/07/2025,10:42:50,11596.45,0,0,0,0,0,0
BSE200.BSE_IDX,01/07/2025,10:42:58,11595.66,0,0,0,0,0,0
BSE200.BSE_IDX,01/07/2025,10:43:06,11596.24,0,0,0,0,0,0
BSE200.BSE_IDX,01/07/2025,10:43:14,11596.58,0,0,0,0,0,0
BSE200.BSE_IDX,01/07/2025,10:43:22,11596.16,0,0,0,0,0,0
BSE200.BSE_IDX,01/07/2025,10:43:30,11596.24,0,0,0,0,0,0
BSE200.BSE_IDX,01/07/2025,10:43:38,11595.35,0,0,0,0,0,0
BSE200.BSE_IDX,01/07/2025,10:43:46,11595.71,0,0,0,0,0,0
BSE200.BSE_IDX,01/07/2025,10:43:54,11595.01,0,0,0,0,0,0
BSE200.BSE_IDX,01/07/2025,10:44:02,11594.63,0,0,0,0,0,0
BSE200.BSE_IDX,01/07/2025,10:44:10,11593.79,0,0,0,0,0,0
BSE200.BSE_IDX,01/07/2025,10:44:18,11593.54,0,0,0,0,0,0
BSE200.BSE_IDX,01/07/2025,10:44:26,11593.61,0,0,0,0,0,0
BSE200.BSE_IDX,01/07/2025,10:44:34,11593.35,0,0,0,0,0,0
BSE200.BSE_IDX,01/07/2025,10:44:42,11593.46,0,0,0,0,0,0
BSE200.BSE_IDX,01/07/2025,10:44:50,11593.65,0,0,0,0,0,0
BSE200.BSE_IDX,01/07/2025,10:44:58,11592.52,0,0,0,0,0,0
BSE200.BSE_IDX,01/07/2025,10:45:07,11591.97,0,0,0,0,0,0
BSE200.BSE_IDX,01/07/2025,10:45:14,11592.12,0,0,0,0,0,0
BSE200.BSE_IDX,01/07/2025,10:45:22,11591.52,0,0,0,0,0,0
BSE200.BSE_IDX,01/07/2025,10:45:30,11591.98,0,0,0,0,0,0
BSE200.BSE_IDX,01/07/2025,10:45:38,11591.62,0,0,0,0,0,0
BSE200.BSE_IDX,01/07/2025,10:45:46,11592.43,0,0,0,0,0,0
BSE200.BSE_IDX,01/07/2025,10:45:54,11591.39,0,0,0,0,0,0
BSE200.BSE_IDX,01/07/2025,10:46:02,11591.06,0,0,0,0,0,0
BSE200.BSE_IDX,01/07/2025,10:46:10,11590.67,0,0,0,0,0,0
BSE200.BSE_IDX,01/07/2025,10:46:18,11590.85,0,0,0,0,0,0
BSE200.BSE_IDX,01/07/2025,10:46:26,11591.23,0,0,0,0,0,0
BSE200.BSE_IDX,01/07/2025,10:46:34,11590.84,0,0,0,0,0,0
BSE200.BSE_IDX,01/07/2025,10:46:42,11590.94,0,0,0,0,0,0
BSE200.BSE_IDX,01/07/2025,10:46:50,11591.47,0,0,0,0,0,0
BSE200.BSE_IDX,01/07/2025,10:46:58,11591.01,0,0,0,0,0,0
BSE200.BSE_IDX,01/07/2025,10:47:06,11591.31,0,0,0,0,0,0
BSE200.BSE_IDX,01/07/2025,10:47:14,11590.8,0,0,0,0,0,0
BSE200.BSE_IDX,01/07/2025,10:47:22,11590.44,0,0,0,0,0,0
BSE200.BSE_IDX,01/07/2025,10:47:30,11590.4,0,0,0,0,0,0
BSE200.BSE_IDX,01/07/2025,10:47:38,11590.9,0,0,0,0,0,0
BSE200.BSE_IDX,01/07/2025,10:47:46,11591.17,0,0,0,0,0,0
BSE200.BSE_IDX,01/07/2025,10:47:54,11592.04,0,0,0,0,0,0
BSE200.BSE_IDX,01/07/2025,10:48:02,11592.03,0,0,0,0,0,0
BSE200.BSE_IDX,01/07/2025,10:48:10,11591.81,0,0,0,0,0,0
BSE200.BSE_IDX,01/07/2025,10:48:18,11592.07,0,0,0,0,0,0
BSE200.BSE_IDX,01/07/2025,10:48:26,11592.81,0,0,0,0,0,0
BSE200.BSE_IDX,01/07/2025,10:48:34,11592.56,0,0,0,0,0,0
BSE200.BSE_IDX,01/07/2025,10:48:42,11592.67,0,0,0,0,0,0
BSE200.BSE_IDX,01/07/2025,10:48:50,11593.57,0,0,0,0,0,0
BSE200.BSE_IDX,01/07/2025,10:48:58,11593.23,0,0,0,0,0,0
BSE200.BSE_IDX,01/07/2025,10:49:06,11592.94,0,0,0,0,0,0
BSE200.BSE_IDX,01/07/2025,10:49:14,11591.59,0,0,0,0,0,0
BSE200.BSE_IDX,01/07/2025,10:49:22,11590.86,0,0,0,0,0,0
BSE200.BSE_IDX,01/07/2025,10:49:30,11590.5,0,0,0,0,0,0
BSE200.BSE_IDX,01/07/2025,10:49:38,11589.95,0,0,0,0,0,0
BSE200.BSE_IDX,01/07/2025,10:49:46,11590.2,0,0,0,0,0,0
BSE200.BSE_IDX,01/07/2025,10:49:54,11589.69,0,0,0,0,0,0
BSE200.BSE_IDX,01/07/2025,10:50:02,11589.59,0,0,0,0,0,0
BSE200.BSE_IDX,01/07/2025,10:50:10,11588.99,0,0,0,0,0,0
BSE200.BSE_IDX,01/07/2025,10:50:18,11589.05,0,0,0,0,0,0
BSE200.BSE_IDX,01/07/2025,10:50:26,11588.8,0,0,0,0,0,0
BSE200.BSE_IDX,01/07/2025,10:50:34,11589.66,0,0,0,0,0,0
BSE200.BSE_IDX,01/07/2025,10:50:42,11589.48,0,0,0,0,0,0
BSE200.BSE_IDX,01/07/2025,10:50:50,11589.05,0,0,0,0,0,0
BSE200.BSE_IDX,01/07/2025,10:50:58,11589.21,0,0,0,0,0,0
BSE200.BSE_IDX,01/07/2025,10:51:06,11588.87,0,0,0,0,0,0
BSE200.BSE_IDX,01/07/2025,10:51:14,11588.74,0,0,0,0,0,0
BSE200.BSE_IDX,01/07/2025,10:51:22,11588.34,0,0,0,0,0,0
BSE200.BSE_IDX,01/07/2025,10:51:30,11588.24,0,0,0,0,0,0
BSE200.BSE_IDX,01/07/2025,10:51:38,11588.42,0,0,0,0,0,0
BSE200.BSE_IDX,01/07/2025,10:51:46,11588.24,0,0,0,0,0,0
BSE200.BSE_IDX,01/07/2025,10:51:54,11587.24,0,0,0,0,0,0
BSE200.BSE_IDX,01/07/2025,10:52:02,11587.01,0,0,0,0,0,0
BSE200.BSE_IDX,01/07/2025,10:52:10,11587.06,0,0,0,0,0,0
BSE200.BSE_IDX,01/07/2025,10:52:18,11585.86,0,0,0,0,0,0
BSE200.BSE_IDX,01/07/2025,10:52:26,11584.97,0,0,0,0,0,0
BSE200.BSE_IDX,01/07/2025,10:52:34,11584.64,0,0,0,0,0,0
BSE200.BSE_IDX,01/07/2025,10:52:43,11583.34,0,0,0,0,0,0
BSE200.BSE_IDX,01/07/2025,10:52:50,11582.91,0,0,0,0,0,0
BSE200.BSE_IDX,01/07/2025,10:52:58,11582.23,0,0,0,0,0,0
BSE200.BSE_IDX,01/07/2025,10:53:06,11581.93,0,0,0,0,0,0
BSE200.BSE_IDX,01/07/2025,10:53:14,11581.74,0,0,0,0,0,0
BSE200.BSE_IDX,01/07/2025,10:53:22,11581.75,0,0,0,0,0,0
BSE200.BSE_IDX,01/07/2025,10:53:30,11582.38,0,0,0,0,0,0
BSE200.BSE_IDX,01/07/2025,10:53:38,11582.77,0,0,0,0,0,0
BSE200.BSE_IDX,01/07/2025,10:53:46,11583.17,0,0,0,0,0,0
BSE200.BSE_IDX,01/07/2025,10:53:54,11583.13,0,0,0,0,0,0
BSE200.BSE_IDX,01/07/2025,10:54:02,11583.64,0,0,0,0,0,0
BSE200.BSE_IDX,01/07/2025,10:54:10,11583.58,0,0,0,0,0,0
BSE200.BSE_IDX,01/07/2025,10:54:18,11583.71,0,0,0,0,0,0
BSE200.BSE_IDX,01/07/2025,10:54:26,11583.59,0,0,0,0,0,0
BSE200.BSE_IDX,01/07/2025,10:54:34,11584.37,0,0,0,0,0,0
BSE200.BSE_IDX,01/07/2025,10:54:42,11585.13,0,0,0,0,0,0
BSE200.BSE_IDX,01/07/2025,10:54:51,11585.42,0,0,0,0,0,0
BSE200.BSE_IDX,01/07/2025,10:54:58,11585.25,0,0,0,0,0,0
BSE200.BSE_IDX,01/07/2025,10:55:06,11585.3,0,0,0,0,0,0
BSE200.BSE_IDX,01/07/2025,10:55:14,11584.8,0,0,0,0,0,0
BSE200.BSE_IDX,01/07/2025,10:55:22,11584.85,0,0,0,0,0,0
BSE200.BSE_IDX,01/07/2025,10:55:30,11584.67,0,0,0,0,0,0
BSE200.BSE_IDX,01/07/2025,10:55:38,11584.57,0,0,0,0,0,0
BSE200.BSE_IDX,01/07/2025,10:55:46,11584.02,0,0,0,0,0,0
BSE200.BSE_IDX,01/07/2025,10:55:54,11583.85,0,0,0,0,0,0
BSE200.BSE_IDX,01/07/2025,10:56:02,11582.98,0,0,0,0,0,0
BSE200.BSE_IDX,01/07/2025,10:56:10,11582.83,0,0,0,0,0,0
BSE200.BSE_IDX,01/07/2025,10:56:18,11582.34,0,0,0,0,0,0
BSE200.BSE_IDX,01/07/2025,10:56:26,11581.69,0,0,0,0,0,0
BSE200.BSE_IDX,01/07/2025,10:56:34,11582.01,0,0,0,0,0,0
BSE200.BSE_IDX,01/07/2025,10:56:42,11581.71,0,0,0,0,0,0
BSE200.BSE_IDX,01/07/2025,10:56:50,11581.73,0,0,0,0,0,0
BSE200.BSE_IDX,01/07/2025,10:56:58,11580.79,0,0,0,0,0,0
BSE200.BSE_IDX,01/07/2025,10:57:06,11580.45,0,0,0,0,0,0
BSE200.BSE_IDX,01/07/2025,10:57:14,11580.1,0,0,0,0,0,0
BSE200.BSE_IDX,01/07/2025,10:57:22,11580.08,0,0,0,0,0,0
BSE200.BSE_IDX,01/07/2025,10:57:30,11579.78,0,0,0,0,0,0
BSE200.BSE_IDX,01/07/2025,10:57:39,11580.52,0,0,0,0,0,0
BSE200.BSE_IDX,01/07/2025,10:57:46,11580.72,0,0,0,0,0,0
BSE200.BSE_IDX,01/07/2025,10:57:54,11580.45,0,0,0,0,0,0
BSE200.BSE_IDX,01/07/2025,10:58:02,11580.3,0,0,0,0,0,0
BSE200.BSE_IDX,01/07/2025,10:58:10,11580.54,0,0,0,0,0,0
BSE200.BSE_IDX,01/07/2025,10:58:18,11579.61,0,0,0,0,0,0
BSE200.BSE_IDX,01/07/2025,10:58:26,11579.54,0,0,0,0,0,0
BSE200.BSE_IDX,01/07/2025,10:58:34,11579.95,0,0,0,0,0,0
BSE200.BSE_IDX,01/07/2025,10:58:42,11579.93,0,0,0,0,0,0
BSE200.BSE_IDX,01/07/2025,10:58:50,11580.77,0,0,0,0,0,0
BSE200.BSE_IDX,01/07/2025,10:58:58,11579.76,0,0,0,0,0,0
BSE200.BSE_IDX,01/07/2025,10:59:06,11579.52,0,0,0,0,0,0
BSE200.BSE_IDX,01/07/2025,10:59:14,11579.5,0,0,0,0,0,0
BSE200.BSE_IDX,01/07/2025,10:59:22,11579.35,0,0,0,0,0,0
BSE200.BSE_IDX,01/07/2025,10:59:30,11579.14,0,0,0,0,0,0
BSE200.BSE_IDX,01/07/2025,10:59:38,11578.51,0,0,0,0,0,0
BSE200.BSE_IDX,01/07/2025,10:59:47,11578.57,0,0,0,0,0,0
BSE200.BSE_IDX,01/07/2025,10:59:55,11578.52,0,0,0,0,0,0
BSE200.BSE_IDX,01/07/2025,11:00:03,11578.48,0,0,0,0,0,0
BSE200.BSE_IDX,01/07/2025,11:00:11,11577.83,0,0,0,0,0,0
BSE200.BSE_IDX,01/07/2025,11:00:18,11578.48,0,0,0,0,0,0
BSE200.BSE_IDX,01/07/2025,11:00:26,11578.63,0,0,0,0,0,0
BSE200.BSE_IDX,01/07/2025,11:00:34,11578.88,0,0,0,0,0,0
BSE200.BSE_IDX,01/07/2025,11:00:42,11578.5,0,0,0,0,0,0
BSE200.BSE_IDX,01/07/2025,11:00:50,11578.97,0,0,0,0,0,0
BSE200.BSE_IDX,01/07/2025,11:00:58,11579.16,0,0,0,0,0,0
BSE200.BSE_IDX,01/07/2025,11:01:06,11579.29,0,0,0,0,0,0
BSE200.BSE_IDX,01/07/2025,11:01:15,11579.64,0,0,0,0,0,0
BSE200.BSE_IDX,01/07/2025,11:01:22,11578.26,0,0,0,0,0,0
BSE200.BSE_IDX,01/07/2025,11:01:30,11578.33,0,0,0,0,0,0
BSE200.BSE_IDX,01/07/2025,11:01:38,11577.96,0,0,0,0,0,0
BSE200.BSE_IDX,01/07/2025,11:01:46,11576.98,0,0,0,0,0,0
BSE200.BSE_IDX,01/07/2025,11:01:54,11576.75,0,0,0,0,0,0
BSE200.BSE_IDX,01/07/2025,11:02:02,11577.54,0,0,0,0,0,0
BSE200.BSE_IDX,01/07/2025,11:02:10,11576.46,0,0,0,0,0,0
BSE200.BSE_IDX,01/07/2025,11:02:18,11576.76,0,0,0,0,0,0
BSE200.BSE_IDX,01/07/2025,11:02:27,11577,0,0,0,0,0,0
BSE200.BSE_IDX,01/07/2025,11:02:34,11577.18,0,0,0,0,0,0
BSE200.BSE_IDX,01/07/2025,11:02:42,11576.19,0,0,0,0,0,0
BSE200.BSE_IDX,01/07/2025,11:02:51,11576.49,0,0,0,0,0,0
BSE200.BSE_IDX,01/07/2025,11:02:58,11575.78,0,0,0,0,0,0
BSE200.BSE_IDX,01/07/2025,11:03:06,11575.34,0,0,0,0,0,0
BSE200.BSE_IDX,01/07/2025,11:03:14,11575.24,0,0,0,0,0,0
BSE200.BSE_IDX,01/07/2025,11:03:22,11575.14,0,0,0,0,0,0
BSE200.BSE_IDX,01/07/2025,11:03:31,11574.8,0,0,0,0,0,0
BSE200.BSE_IDX,01/07/2025,11:03:38,11574.94,0,0,0,0,0,0
BSE200.BSE_IDX,01/07/2025,11:03:46,11575.21,0,0,0,0,0,0
BSE200.BSE_IDX,01/07/2025,11:03:54,11574.99,0,0,0,0,0,0
BSE200.BSE_IDX,01/07/2025,11:04:02,11575.28,0,0,0,0,0,0
BSE200.BSE_IDX,01/07/2025,11:04:10,11574.73,0,0,0,0,0,0
BSE200.BSE_IDX,01/07/2025,11:04:18,11574.83,0,0,0,0,0,0
BSE200.BSE_IDX,01/07/2025,11:04:27,11574.74,0,0,0,0,0,0
BSE200.BSE_IDX,01/07/2025,11:04:34,11575.02,0,0,0,0,0,0
BSE200.BSE_IDX,01/07/2025,11:04:42,11574.74,0,0,0,0,0,0
BSE200.BSE_IDX,01/07/2025,11:04:51,11575.55,0,0,0,0,0,0
BSE200.BSE_IDX,01/07/2025,11:04:58,11575.64,0,0,0,0,0,0
BSE200.BSE_IDX,01/07/2025,11:05:06,11576.29,0,0,0,0,0,0
BSE200.BSE_IDX,01/07/2025,11:05:14,11576.78,0,0,0,0,0,0
BSE200.BSE_IDX,01/07/2025,11:05:22,11576.56,0,0,0,0,0,0
BSE200.BSE_IDX,01/07/2025,11:05:30,11577.12,0,0,0,0,0,0
BSE200.BSE_IDX,01/07/2025,11:05:38,11577.07,0,0,0,0,0,0
BSE200.BSE_IDX,01/07/2025,11:05:46,11577.32,0,0,0,0,0,0
BSE200.BSE_IDX,01/07/2025,11:05:54,11577.57,0,0,0,0,0,0
BSE200.BSE_IDX,01/07/2025,11:06:02,11577.68,0,0,0,0,0,0
BSE200.BSE_IDX,01/07/2025,11:06:11,11578.54,0,0,0,0,0,0
BSE200.BSE_IDX,01/07/2025,11:06:19,11579.66,0,0,0,0,0,0
BSE200.BSE_IDX,01/07/2025,11:06:26,11579.52,0,0,0,0,0,0
BSE200.BSE_IDX,01/07/2025,11:06:34,11578.65,0,0,0,0,0,0
BSE200.BSE_IDX,01/07/2025,11:06:42,11578.78,0,0,0,0,0,0
BSE200.BSE_IDX,01/07/2025,11:06:50,11579.42,0,0,0,0,0,0
BSE200.BSE_IDX,01/07/2025,11:06:58,11579.56,0,0,0,0,0,0
BSE200.BSE_IDX,01/07/2025,11:07:06,11579.61,0,0,0,0,0,0
BSE200.BSE_IDX,01/07/2025,11:07:15,11579.92,0,0,0,0,0,0
BSE200.BSE_IDX,01/07/2025,11:07:22,11579.92,0,0,0,0,0,0
BSE200.BSE_IDX,01/07/2025,11:07:30,11580,0,0,0,0,0,0
BSE200.BSE_IDX,01/07/2025,11:07:38,11580.14,0,0,0,0,0,0
BSE200.BSE_IDX,01/07/2025,11:07:46,11580.87,0,0,0,0,0,0
BSE200.BSE_IDX,01/07/2025,11:07:54,11581.42,0,0,0,0,0,0
BSE200.BSE_IDX,01/07/2025,11:08:02,11581.73,0,0,0,0,0,0
BSE200.BSE_IDX,01/07/2025,11:08:11,11581.47,0,0,0,0,0,0
BSE200.BSE_IDX,01/07/2025,11:08:18,11581.6,0,0,0,0,0,0
BSE200.BSE_IDX,01/07/2025,11:08:26,11582.01,0,0,0,0,0,0
BSE200.BSE_IDX,01/07/2025,11:08:35,11580.86,0,0,0,0,0,0
BSE200.BSE_IDX,01/07/2025,11:08:43,11581.24,0,0,0,0,0,0
BSE200.BSE_IDX,01/07/2025,11:08:51,11581.87,0,0,0,0,0,0
BSE200.BSE_IDX,01/07/2025,11:08:58,11582.36,0,0,0,0,0,0
BSE200.BSE_IDX,01/07/2025,11:09:07,11582.41,0,0,0,0,0,0
BSE200.BSE_IDX,01/07/2025,11:09:15,11581.1,0,0,0,0,0,0
BSE200.BSE_IDX,01/07/2025,11:09:23,11580.39,0,0,0,0,0,0
BSE200.BSE_IDX,01/07/2025,11:09:31,11581.04,0,0,0,0,0,0
BSE200.BSE_IDX,01/07/2025,11:09:39,11580.86,0,0,0,0,0,0
BSE200.BSE_IDX,01/07/2025,11:09:46,11581.66,0,0,0,0,0,0
BSE200.BSE_IDX,01/07/2025,11:09:55,11581.24,0,0,0,0,0,0
BSE200.BSE_IDX,01/07/2025,11:10:03,11581.59,0,0,0,0,0,0
BSE200.BSE_IDX,01/07/2025,11:10:11,11581.72,0,0,0,0,0,0
BSE200.BSE_IDX,01/07/2025,11:10:19,11581.28,0,0,0,0,0,0
BSE200.BSE_IDX,01/07/2025,11:10:27,11581.46,0,0,0,0,0,0
BSE200.BSE_IDX,01/07/2025,11:10:35,11581.94,0,0,0,0,0,0
BSE200.BSE_IDX,01/07/2025,11:10:43,11582.23,0,0,0,0,0,0
BSE200.BSE_IDX,01/07/2025,11:10:51,11582.14,0,0,0,0,0,0
BSE200.BSE_IDX,01/07/2025,11:10:59,11582.16,0,0,0,0,0,0
BSE200.BSE_IDX,01/07/2025,11:11:07,11582.78,0,0,0,0,0,0
BSE200.BSE_IDX,01/07/2025,11:11:15,11582.4,0,0,0,0,0,0
BSE200.BSE_IDX,01/07/2025,11:11:23,11582.26,0,0,0,0,0,0
BSE200.BSE_IDX,01/07/2025,11:11:31,11582,0,0,0,0,0,0
BSE200.BSE_IDX,01/07/2025,11:11:39,11581.79,0,0,0,0,0,0
BSE200.BSE_IDX,01/07/2025,11:11:47,11581.27,0,0,0,0,0,0
BSE200.BSE_IDX,01/07/2025,11:11:55,11581.45,0,0,0,0,0,0
BSE200.BSE_IDX,01/07/2025,11:12:03,11581.66,0,0,0,0,0,0
BSE200.BSE_IDX,01/07/2025,11:12:11,11581.95,0,0,0,0,0,0
BSE200.BSE_IDX,01/07/2025,11:12:19,11581.7,0,0,0,0,0,0
BSE200.BSE_IDX,01/07/2025,11:12:27,11581.56,0,0,0,0,0,0
BSE200.BSE_IDX,01/07/2025,11:12:35,11581.99,0,0,0,0,0,0
BSE200.BSE_IDX,01/07/2025,11:12:43,11581.29,0,0,0,0,0,0
BSE200.BSE_IDX,01/07/2025,11:12:51,11581.45,0,0,0,0,0,0
BSE200.BSE_IDX,01/07/2025,11:12:59,11581.56,0,0,0,0,0,0
BSE200.BSE_IDX,01/07/2025,11:13:07,11581.75,0,0,0,0,0,0
BSE200.BSE_IDX,01/07/2025,11:13:16,11581.46,0,0,0,0,0,0
BSE200.BSE_IDX,01/07/2025,11:13:23,11581.01,0,0,0,0,0,0
BSE200.BSE_IDX,01/07/2025,11:13:31,11580.84,0,0,0,0,0,0
BSE200.BSE_IDX,01/07/2025,11:13:39,11580.87,0,0,0,0,0,0
BSE200.BSE_IDX,01/07/2025,11:13:47,11581.51,0,0,0,0,0,0
BSE200.BSE_IDX,01/07/2025,11:13:55,11581.7,0,0,0,0,0,0
BSE200.BSE_IDX,01/07/2025,11:14:03,11582.24,0,0,0,0,0,0
BSE200.BSE_IDX,01/07/2025,11:14:11,11581.48,0,0,0,0,0,0
BSE200.BSE_IDX,01/07/2025,11:14:19,11581.99,0,0,0,0,0,0
BSE200.BSE_IDX,01/07/2025,11:14:27,11582.73,0,0,0,0,0,0
BSE200.BSE_IDX,01/07/2025,11:14:35,11582.87,0,0,0,0,0,0
BSE200.BSE_IDX,01/07/2025,11:14:43,11583.05,0,0,0,0,0,0
BSE200.BSE_IDX,01/07/2025,11:14:51,11583.3,0,0,0,0,0,0
BSE200.BSE_IDX,01/07/2025,11:14:59,11583.45,0,0,0,0,0,0
BSE200.BSE_IDX,01/07/2025,11:15:07,11583.53,0,0,0,0,0,0
BSE200.BSE_IDX,01/07/2025,11:15:15,11583.56,0,0,0,0,0,0
BSE200.BSE_IDX,01/07/2025,11:15:23,11584.23,0,0,0,0,0,0
BSE200.BSE_IDX,01/07/2025,11:15:31,11583.28,0,0,0,0,0,0
BSE200.BSE_IDX,01/07/2025,11:15:39,11583.95,0,0,0,0,0,0
BSE200.BSE_IDX,01/07/2025,11:15:47,11584.09,0,0,0,0,0,0
BSE200.BSE_IDX,01/07/2025,11:15:56,11584.65,0,0,0,0,0,0
BSE200.BSE_IDX,01/07/2025,11:16:03,11583.89,0,0,0,0,0,0
BSE200.BSE_IDX,01/07/2025,11:16:11,11583.68,0,0,0,0,0,0
BSE200.BSE_IDX,01/07/2025,11:16:19,11583.7,0,0,0,0,0,0
BSE200.BSE_IDX,01/07/2025,11:16:27,11582.34,0,0,0,0,0,0
BSE200.BSE_IDX,01/07/2025,11:16:35,11582.04,0,0,0,0,0,0
BSE200.BSE_IDX,01/07/2025,11:16:43,11581.47,0,0,0,0,0,0
BSE200.BSE_IDX,01/07/2025,11:16:51,11581.53,0,0,0,0,0,0
BSE200.BSE_IDX,01/07/2025,11:16:59,11581.6,0,0,0,0,0,0
BSE200.BSE_IDX,01/07/2025,11:17:07,11581.65,0,0,0,0,0,0
BSE200.BSE_IDX,01/07/2025,11:17:15,11582.13,0,0,0,0,0,0
BSE200.BSE_IDX,01/07/2025,11:17:23,11583.11,0,0,0,0,0,0
BSE200.BSE_IDX,01/07/2025,11:17:31,11584.43,0,0,0,0,0,0
BSE200.BSE_IDX,01/07/2025,11:17:39,11585.19,0,0,0,0,0,0
BSE200.BSE_IDX,01/07/2025,11:17:47,11586.49,0,0,0,0,0,0
BSE200.BSE_IDX,01/07/2025,11:17:57,11586.78,0,0,0,0,0,0
BSE200.BSE_IDX,01/07/2025,11:18:03,11586.68,0,0,0,0,0,0
BSE200.BSE_IDX,01/07/2025,11:18:11,11586.48,0,0,0,0,0,0
BSE200.BSE_IDX,01/07/2025,11:18:19,11586.47,0,0,0,0,0,0
BSE200.BSE_IDX,01/07/2025,11:18:27,11586.76,0,0,0,0,0,0
BSE200.BSE_IDX,01/07/2025,11:18:35,11587.62,0,0,0,0,0,0
BSE200.BSE_IDX,01/07/2025,11:18:44,11587.54,0,0,0,0,0,0
BSE200.BSE_IDX,01/07/2025,11:18:51,11588.14,0,0,0,0,0,0
BSE200.BSE_IDX,01/07/2025,11:18:59,11587.08,0,0,0,0,0,0
BSE200.BSE_IDX,01/07/2025,11:19:08,11586.76,0,0,0,0,0,0
BSE200.BSE_IDX,01/07/2025,11:19:15,11587.03,0,0,0,0,0,0
BSE200.BSE_IDX,01/07/2025,11:19:23,11586.77,0,0,0,0,0,0
BSE200.BSE_IDX,01/07/2025,11:19:31,11586.13,0,0,0,0,0,0
BSE200.BSE_IDX,01/07/2025,11:19:39,11585.68,0,0,0,0,0,0
BSE200.BSE_IDX,01/07/2025,11:19:47,11585.25,0,0,0,0,0,0
BSE200.BSE_IDX,01/07/2025,11:19:55,11583.48,0,0,0,0,0,0
BSE200.BSE_IDX,01/07/2025,11:20:03,11583.42,0,0,0,0,0,0
BSE200.BSE_IDX,01/07/2025,11:20:11,11584.14,0,0,0,0,0,0
BSE200.BSE_IDX,01/07/2025,11:20:19,11584.17,0,0,0,0,0,0
BSE200.BSE_IDX,01/07/2025,11:20:27,11584.48,0,0,0,0,0,0
BSE200.BSE_IDX,01/07/2025,11:20:35,11584.92,0,0,0,0,0,0
BSE200.BSE_IDX,01/07/2025,11:20:43,11584.89,0,0,0,0,0,0
BSE200.BSE_IDX,01/07/2025,11:20:51,11584.83,0,0,0,0,0,0
BSE200.BSE_IDX,01/07/2025,11:20:59,11585.03,0,0,0,0,0,0
BSE200.BSE_IDX,01/07/2025,11:21:07,11584.78,0,0,0,0,0,0
BSE200.BSE_IDX,01/07/2025,11:21:15,11585.1,0,0,0,0,0,0
BSE200.BSE_IDX,01/07/2025,11:21:24,11585.36,0,0,0,0,0,0
BSE200.BSE_IDX,01/07/2025,11:21:31,11585.44,0,0,0,0,0,0
BSE200.BSE_IDX,01/07/2025,11:21:39,11584.65,0,0,0,0,0,0
BSE200.BSE_IDX,01/07/2025,11:21:47,11584.47,0,0,0,0,0,0
BSE200.BSE_IDX,01/07/2025,11:21:56,11584.76,0,0,0,0,0,0
BSE200.BSE_IDX,01/07/2025,11:22:03,11585.01,0,0,0,0,0,0
BSE200.BSE_IDX,01/07/2025,11:22:11,11584.72,0,0,0,0,0,0
BSE200.BSE_IDX,01/07/2025,11:22:19,11584.9,0,0,0,0,0,0
BSE200.BSE_IDX,01/07/2025,11:22:28,11584.79,0,0,0,0,0,0
BSE200.BSE_IDX,01/07/2025,11:22:35,11584.95,0,0,0,0,0,0
BSE200.BSE_IDX,01/07/2025,11:22:43,11584.64,0,0,0,0,0,0
BSE200.BSE_IDX,01/07/2025,11:22:51,11584.5,0,0,0,0,0,0
BSE200.BSE_IDX,01/07/2025,11:22:59,11584.69,0,0,0,0,0,0
BSE200.BSE_IDX,01/07/2025,11:23:07,11584.63,0,0,0,0,0,0
BSE200.BSE_IDX,01/07/2025,11:23:15,11585.3,0,0,0,0,0,0
BSE200.BSE_IDX,01/07/2025,11:23:23,11585,0,0,0,0,0,0
BSE200.BSE_IDX,01/07/2025,11:23:31,11584.69,0,0,0,0,0,0
BSE200.BSE_IDX,01/07/2025,11:23:39,11584.71,0,0,0,0,0,0
BSE200.BSE_IDX,01/07/2025,11:23:47,11584.89,0,0,0,0,0,0
BSE200.BSE_IDX,01/07/2025,11:23:55,11584.64,0,0,0,0,0,0
BSE200.BSE_IDX,01/07/2025,11:24:04,11583.99,0,0,0,0,0,0
BSE200.BSE_IDX,01/07/2025,11:24:11,11584.51,0,0,0,0,0,0
BSE200.BSE_IDX,01/07/2025,11:24:19,11584.17,0,0,0,0,0,0
BSE200.BSE_IDX,01/07/2025,11:24:27,11584.03,0,0,0,0,0,0
BSE200.BSE_IDX,01/07/2025,11:24:35,11583.36,0,0,0,0,0,0
BSE200.BSE_IDX,01/07/2025,11:24:43,11583.43,0,0,0,0,0,0
BSE200.BSE_IDX,01/07/2025,11:24:52,11583.04,0,0,0,0,0,0
BSE200.BSE_IDX,01/07/2025,11:25:00,11583.38,0,0,0,0,0,0
BSE200.BSE_IDX,01/07/2025,11:25:07,11583.75,0,0,0,0,0,0
BSE200.BSE_IDX,01/07/2025,11:25:15,11583.51,0,0,0,0,0,0
BSE200.BSE_IDX,01/07/2025,11:25:23,11583.05,0,0,0,0,0,0
BSE200.BSE_IDX,01/07/2025,11:25:31,11583.2,0,0,0,0,0,0
BSE200.BSE_IDX,01/07/2025,11:25:41,11582.9,0,0,0,0,0,0
BSE200.BSE_IDX,01/07/2025,11:25:47,11582.33,0,0,0,0,0,0
BSE200.BSE_IDX,01/07/2025,11:25:55,11582.16,0,0,0,0,0,0
BSE200.BSE_IDX,01/07/2025,11:26:03,11582.52,0,0,0,0,0,0
BSE200.BSE_IDX,01/07/2025,11:26:11,11581.98,0,0,0,0,0,0
BSE200.BSE_IDX,01/07/2025,11:26:19,11582.41,0,0,0,0,0,0
BSE200.BSE_IDX,01/07/2025,11:26:27,11582.35,0,0,0,0,0,0
BSE200.BSE_IDX,01/07/2025,11:26:35,11582.69,0,0,0,0,0,0
BSE200.BSE_IDX,01/07/2025,11:26:43,11582.66,0,0,0,0,0,0
BSE200.BSE_IDX,01/07/2025,11:26:51,11582.31,0,0,0,0,0,0
BSE200.BSE_IDX,01/07/2025,11:26:59,11582.87,0,0,0,0,0,0
BSE200.BSE_IDX,01/07/2025,11:27:07,11582.67,0,0,0,0,0,0
BSE200.BSE_IDX,01/07/2025,11:27:15,11583,0,0,0,0,0,0
BSE200.BSE_IDX,01/07/2025,11:27:23,11582.26,0,0,0,0,0,0
BSE200.BSE_IDX,01/07/2025,11:27:31,11582.78,0,0,0,0,0,0
BSE200.BSE_IDX,01/07/2025,11:27:39,11583.04,0,0,0,0,0,0
BSE200.BSE_IDX,01/07/2025,11:27:47,11582.85,0,0,0,0,0,0
BSE200.BSE_IDX,01/07/2025,11:27:55,11583,0,0,0,0,0,0
BSE200.BSE_IDX,01/07/2025,11:28:03,11583,0,0,0,0,0,0
BSE200.BSE_IDX,01/07/2025,11:28:11,11582.53,0,0,0,0,0,0
BSE200.BSE_IDX,01/07/2025,11:28:19,11581.91,0,0,0,0,0,0
BSE200.BSE_IDX,01/07/2025,11:28:27,11582.16,0,0,0,0,0,0
BSE200.BSE_IDX,01/07/2025,11:28:36,11583.19,0,0,0,0,0,0
BSE200.BSE_IDX,01/07/2025,11:28:43,11583.02,0,0,0,0,0,0
BSE200.BSE_IDX,01/07/2025,11:28:51,11583.24,0,0,0,0,0,0
BSE200.BSE_IDX,01/07/2025,11:28:59,11583.24,0,0,0,0,0,0
BSE200.BSE_IDX,01/07/2025,11:29:07,11583.17,0,0,0,0,0,0
BSE200.BSE_IDX,01/07/2025,11:29:16,11583.14,0,0,0,0,0,0
BSE200.BSE_IDX,01/07/2025,11:29:24,11582.78,0,0,0,0,0,0
BSE200.BSE_IDX,01/07/2025,11:29:31,11583.07,0,0,0,0,0,0
BSE200.BSE_IDX,01/07/2025,11:29:39,11583.6,0,0,0,0,0,0
BSE200.BSE_IDX,01/07/2025,11:29:47,11584.18,0,0,0,0,0,0
BSE200.BSE_IDX,01/07/2025,11:29:55,11584.33,0,0,0,0,0,0
BSE200.BSE_IDX,01/07/2025,11:30:03,11584.96,0,0,0,0,0,0
BSE200.BSE_IDX,01/07/2025,11:30:11,11584.59,0,0,0,0,0,0
BSE200.BSE_IDX,01/07/2025,11:30:19,11584.84,0,0,0,0,0,0
BSE200.BSE_IDX,01/07/2025,11:30:27,11584.96,0,0,0,0,0,0
BSE200.BSE_IDX,01/07/2025,11:30:35,11584.97,0,0,0,0,0,0
BSE200.BSE_IDX,01/07/2025,11:30:43,11585.61,0,0,0,0,0,0
BSE200.BSE_IDX,01/07/2025,11:30:51,11585.58,0,0,0,0,0,0
BSE200.BSE_IDX,01/07/2025,11:30:59,11585.38,0,0,0,0,0,0
BSE200.BSE_IDX,01/07/2025,11:31:07,11584.52,0,0,0,0,0,0
BSE200.BSE_IDX,01/07/2025,11:31:15,11583.93,0,0,0,0,0,0
BSE200.BSE_IDX,01/07/2025,11:31:23,11583.41,0,0,0,0,0,0
BSE200.BSE_IDX,01/07/2025,11:31:31,11583.19,0,0,0,0,0,0
BSE200.BSE_IDX,01/07/2025,11:31:39,11583.2,0,0,0,0,0,0
BSE200.BSE_IDX,01/07/2025,11:31:47,11583.4,0,0,0,0,0,0
BSE200.BSE_IDX,01/07/2025,11:31:55,11583.5,0,0,0,0,0,0
BSE200.BSE_IDX,01/07/2025,11:32:04,11583.22,0,0,0,0,0,0
BSE200.BSE_IDX,01/07/2025,11:32:11,11582.94,0,0,0,0,0,0
BSE200.BSE_IDX,01/07/2025,11:32:19,11583.49,0,0,0,0,0,0
BSE200.BSE_IDX,01/07/2025,11:32:27,11583.17,0,0,0,0,0,0
BSE200.BSE_IDX,01/07/2025,11:32:35,11583.28,0,0,0,0,0,0
BSE200.BSE_IDX,01/07/2025,11:32:43,11583.17,0,0,0,0,0,0
BSE200.BSE_IDX,01/07/2025,11:32:51,11582.46,0,0,0,0,0,0
BSE200.BSE_IDX,01/07/2025,11:32:59,11582.08,0,0,0,0,0,0
BSE200.BSE_IDX,01/07/2025,11:33:07,11581.41,0,0,0,0,0,0
BSE200.BSE_IDX,01/07/2025,11:33:15,11580.47,0,0,0,0,0,0
BSE200.BSE_IDX,01/07/2025,11:33:23,11580.87,0,0,0,0,0,0
BSE200.BSE_IDX,01/07/2025,11:33:31,11580.49,0,0,0,0,0,0
BSE200.BSE_IDX,01/07/2025,11:33:39,11580.98,0,0,0,0,0,0
BSE200.BSE_IDX,01/07/2025,11:33:47,11580.36,0,0,0,0,0,0
BSE200.BSE_IDX,01/07/2025,11:33:55,11580.49,0,0,0,0,0,0
BSE200.BSE_IDX,01/07/2025,11:34:03,11580.42,0,0,0,0,0,0
BSE200.BSE_IDX,01/07/2025,11:34:12,11579.87,0,0,0,0,0,0
BSE200.BSE_IDX,01/07/2025,11:34:19,11579.97,0,0,0,0,0,0
BSE200.BSE_IDX,01/07/2025,11:34:27,11579.57,0,0,0,0,0,0
BSE200.BSE_IDX,01/07/2025,11:34:35,11579.37,0,0,0,0,0,0
BSE200.BSE_IDX,01/07/2025,11:34:43,11579.8,0,0,0,0,0,0
BSE200.BSE_IDX,01/07/2025,11:34:51,11580.02,0,0,0,0,0,0
BSE200.BSE_IDX,01/07/2025,11:34:59,11579.71,0,0,0,0,0,0
BSE200.BSE_IDX,01/07/2025,11:35:07,11579.8,0,0,0,0,0,0
BSE200.BSE_IDX,01/07/2025,11:35:16,11579.88,0,0,0,0,0,0
BSE200.BSE_IDX,01/07/2025,11:35:23,11580.67,0,0,0,0,0,0
BSE200.BSE_IDX,01/07/2025,11:35:32,11580.23,0,0,0,0,0,0
BSE200.BSE_IDX,01/07/2025,11:35:39,11580.29,0,0,0,0,0,0
BSE200.BSE_IDX,01/07/2025,11:35:47,11580.58,0,0,0,0,0,0
BSE200.BSE_IDX,01/07/2025,11:35:55,11580.4,0,0,0,0,0,0
BSE200.BSE_IDX,01/07/2025,11:36:04,11580.25,0,0,0,0,0,0
BSE200.BSE_IDX,01/07/2025,11:36:11,11580.76,0,0,0,0,0,0
BSE200.BSE_IDX,01/07/2025,11:36:19,11580.22,0,0,0,0,0,0
BSE200.BSE_IDX,01/07/2025,11:36:28,11580.57,0,0,0,0,0,0
BSE200.BSE_IDX,01/07/2025,11:36:35,11579.93,0,0,0,0,0,0
BSE200.BSE_IDX,01/07/2025,11:36:43,11580.16,0,0,0,0,0,0
BSE200.BSE_IDX,01/07/2025,11:36:54,11580.64,0,0,0,0,0,0
BSE200.BSE_IDX,01/07/2025,11:36:59,11580.81,0,0,0,0,0,0
BSE200.BSE_IDX,01/07/2025,11:37:07,11580.83,0,0,0,0,0,0
BSE200.BSE_IDX,01/07/2025,11:37:15,11580.93,0,0,0,0,0,0
BSE200.BSE_IDX,01/07/2025,11:37:23,11580.62,0,0,0,0,0,0
BSE200.BSE_IDX,01/07/2025,11:37:31,11580.94,0,0,0,0,0,0
BSE200.BSE_IDX,01/07/2025,11:37:41,11580.36,0,0,0,0,0,0
BSE200.BSE_IDX,01/07/2025,11:37:47,11580.76,0,0,0,0,0,0
BSE200.BSE_IDX,01/07/2025,11:37:55,11581.38,0,0,0,0,0,0
BSE200.BSE_IDX,01/07/2025,11:38:03,11581.42,0,0,0,0,0,0
BSE200.BSE_IDX,01/07/2025,11:38:11,11581.04,0,0,0,0,0,0
BSE200.BSE_IDX,01/07/2025,11:38:20,11580.52,0,0,0,0,0,0
BSE200.BSE_IDX,01/07/2025,11:38:27,11580.86,0,0,0,0,0,0
BSE200.BSE_IDX,01/07/2025,11:38:35,11581.23,0,0,0,0,0,0
BSE200.BSE_IDX,01/07/2025,11:38:43,11580.94,0,0,0,0,0,0
BSE200.BSE_IDX,01/07/2025,11:38:51,11581.03,0,0,0,0,0,0
BSE200.BSE_IDX,01/07/2025,11:38:59,11580.76,0,0,0,0,0,0
BSE200.BSE_IDX,01/07/2025,11:39:07,11580.88,0,0,0,0,0,0
BSE200.BSE_IDX,01/07/2025,11:39:16,11581.27,0,0,0,0,0,0
BSE200.BSE_IDX,01/07/2025,11:39:23,11581.89,0,0,0,0,0,0
BSE200.BSE_IDX,01/07/2025,11:39:31,11582.18,0,0,0,0,0,0
BSE200.BSE_IDX,01/07/2025,11:39:39,11581.41,0,0,0,0,0,0
BSE200.BSE_IDX,01/07/2025,11:39:47,11581.53,0,0,0,0,0,0
BSE200.BSE_IDX,01/07/2025,11:39:55,11581.4,0,0,0,0,0,0
BSE200.BSE_IDX,01/07/2025,11:40:03,11582.12,0,0,0,0,0,0
BSE200.BSE_IDX,01/07/2025,11:40:11,11582.57,0,0,0,0,0,0
BSE200.BSE_IDX,01/07/2025,11:40:19,11582.33,0,0,0,0,0,0
BSE200.BSE_IDX,01/07/2025,11:40:27,11582.41,0,0,0,0,0,0
BSE200.BSE_IDX,01/07/2025,11:40:35,11582.17,0,0,0,0,0,0
BSE200.BSE_IDX,01/07/2025,11:40:43,11582.43,0,0,0,0,0,0
BSE200.BSE_IDX,01/07/2025,11:40:51,11582.17,0,0,0,0,0,0
BSE200.BSE_IDX,01/07/2025,11:41:00,11582.73,0,0,0,0,0,0
BSE200.BSE_IDX,01/07/2025,11:41:07,11582.45,0,0,0,0,0,0
BSE200.BSE_IDX,01/07/2025,11:41:15,11582.31,0,0,0,0,0,0
BSE200.BSE_IDX,01/07/2025,11:41:24,11582.71,0,0,0,0,0,0
BSE200.BSE_IDX,01/07/2025,11:41:32,11582.67,0,0,0,0,0,0
BSE200.BSE_IDX,01/07/2025,11:41:39,11583.25,0,0,0,0,0,0
BSE200.BSE_IDX,01/07/2025,11:41:48,11582.7,0,0,0,0,0,0
BSE200.BSE_IDX,01/07/2025,11:41:56,11582.11,0,0,0,0,0,0
BSE200.BSE_IDX,01/07/2025,11:42:04,11583.04,0,0,0,0,0,0
BSE200.BSE_IDX,01/07/2025,11:42:12,11583.06,0,0,0,0,0,0
BSE200.BSE_IDX,01/07/2025,11:42:20,11582.92,0,0,0,0,0,0
BSE200.BSE_IDX,01/07/2025,11:42:28,11583.08,0,0,0,0,0,0
BSE200.BSE_IDX,01/07/2025,11:42:36,11583.74,0,0,0,0,0,0
BSE200.BSE_IDX,01/07/2025,11:42:44,11584.07,0,0,0,0,0,0
BSE200.BSE_IDX,01/07/2025,11:42:52,11584.51,0,0,0,0,0,0
BSE200.BSE_IDX,01/07/2025,11:43:00,11584.23,0,0,0,0,0,0
BSE200.BSE_IDX,01/07/2025,11:43:08,11583.98,0,0,0,0,0,0
BSE200.BSE_IDX,01/07/2025,11:43:16,11584.53,0,0,0,0,0,0
BSE200.BSE_IDX,01/07/2025,11:43:24,11584.74,0,0,0,0,0,0
BSE200.BSE_IDX,01/07/2025,11:43:32,11584.29,0,0,0,0,0,0
BSE200.BSE_IDX,01/07/2025,11:43:40,11583.81,0,0,0,0,0,0
BSE200.BSE_IDX,01/07/2025,11:43:48,11583.96,0,0,0,0,0,0
BSE200.BSE_IDX,01/07/2025,11:43:56,11583.41,0,0,0,0,0,0
BSE200.BSE_IDX,01/07/2025,11:44:04,11583.88,0,0,0,0,0,0
BSE200.BSE_IDX,01/07/2025,11:44:12,11584.25,0,0,0,0,0,0
BSE200.BSE_IDX,01/07/2025,11:44:20,11584.13,0,0,0,0,0,0
BSE200.BSE_IDX,01/07/2025,11:44:28,11583.2,0,0,0,0,0,0
BSE200.BSE_IDX,01/07/2025,11:44:36,11581.05,0,0,0,0,0,0
BSE200.BSE_IDX,01/07/2025,11:44:44,11580.67,0,0,0,0,0,0
BSE200.BSE_IDX,01/07/2025,11:44:52,11579.98,0,0,0,0,0,0
BSE200.BSE_IDX,01/07/2025,11:45:00,11579.41,0,0,0,0,0,0
BSE200.BSE_IDX,01/07/2025,11:45:08,11580.99,0,0,0,0,0,0
BSE200.BSE_IDX,01/07/2025,11:45:16,11581.18,0,0,0,0,0,0
BSE200.BSE_IDX,01/07/2025,11:45:24,11581.86,0,0,0,0,0,0
BSE200.BSE_IDX,01/07/2025,11:45:32,11581.95,0,0,0,0,0,0
BSE200.BSE_IDX,01/07/2025,11:45:40,11583.04,0,0,0,0,0,0
BSE200.BSE_IDX,01/07/2025,11:45:48,11583.1,0,0,0,0,0,0
BSE200.BSE_IDX,01/07/2025,11:45:56,11583.97,0,0,0,0,0,0
BSE200.BSE_IDX,01/07/2025,11:46:04,11585.81,0,0,0,0,0,0
BSE200.BSE_IDX,01/07/2025,11:46:12,11586.98,0,0,0,0,0,0
BSE200.BSE_IDX,01/07/2025,11:46:20,11585.96,0,0,0,0,0,0
BSE200.BSE_IDX,01/07/2025,11:46:28,11585.48,0,0,0,0,0,0
BSE200.BSE_IDX,01/07/2025,11:46:36,11585.53,0,0,0,0,0,0
BSE200.BSE_IDX,01/07/2025,11:46:44,11585.04,0,0,0,0,0,0
BSE200.BSE_IDX,01/07/2025,11:46:52,11585.28,0,0,0,0,0,0
BSE200.BSE_IDX,01/07/2025,11:47:00,11584.81,0,0,0,0,0,0
BSE200.BSE_IDX,01/07/2025,11:47:08,11584.64,0,0,0,0,0,0
BSE200.BSE_IDX,01/07/2025,11:47:16,11583.41,0,0,0,0,0,0
BSE200.BSE_IDX,01/07/2025,11:47:24,11583.02,0,0,0,0,0,0
BSE200.BSE_IDX,01/07/2025,11:47:32,11583.12,0,0,0,0,0,0
BSE200.BSE_IDX,01/07/2025,11:47:40,11583.21,0,0,0,0,0,0
BSE200.BSE_IDX,01/07/2025,11:47:48,11583.13,0,0,0,0,0,0
BSE200.BSE_IDX,01/07/2025,11:47:56,11581.85,0,0,0,0,0,0
BSE200.BSE_IDX,01/07/2025,11:48:04,11581.8,0,0,0,0,0,0
BSE200.BSE_IDX,01/07/2025,11:48:12,11581.97,0,0,0,0,0,0
BSE200.BSE_IDX,01/07/2025,11:48:20,11582.73,0,0,0,0,0,0
BSE200.BSE_IDX,01/07/2025,11:48:28,11582.93,0,0,0,0,0,0
BSE200.BSE_IDX,01/07/2025,11:48:36,11582.72,0,0,0,0,0,0
BSE200.BSE_IDX,01/07/2025,11:48:44,11583.24,0,0,0,0,0,0
BSE200.BSE_IDX,01/07/2025,11:48:52,11583.25,0,0,0,0,0,0
BSE200.BSE_IDX,01/07/2025,11:49:01,11583.03,0,0,0,0,0,0
BSE200.BSE_IDX,01/07/2025,11:49:09,11582.92,0,0,0,0,0,0
BSE200.BSE_IDX,01/07/2025,11:49:16,11583.09,0,0,0,0,0,0
BSE200.BSE_IDX,01/07/2025,11:49:24,11582.91,0,0,0,0,0,0
BSE200.BSE_IDX,01/07/2025,11:49:32,11582.83,0,0,0,0,0,0
BSE200.BSE_IDX,01/07/2025,11:49:40,11582.83,0,0,0,0,0,0
BSE200.BSE_IDX,01/07/2025,11:49:49,11582.1,0,0,0,0,0,0
BSE200.BSE_IDX,01/07/2025,11:49:56,11582.18,0,0,0,0,0,0
BSE200.BSE_IDX,01/07/2025,11:50:04,11582.26,0,0,0,0,0,0
BSE200.BSE_IDX,01/07/2025,11:50:12,11581.61,0,0,0,0,0,0
BSE200.BSE_IDX,01/07/2025,11:50:20,11581.32,0,0,0,0,0,0
BSE200.BSE_IDX,01/07/2025,11:50:28,11581.7,0,0,0,0,0,0
BSE200.BSE_IDX,01/07/2025,11:50:36,11581.72,0,0,0,0,0,0
BSE200.BSE_IDX,01/07/2025,11:50:44,11581.62,0,0,0,0,0,0
BSE200.BSE_IDX,01/07/2025,11:50:52,11581.54,0,0,0,0,0,0
BSE200.BSE_IDX,01/07/2025,11:51:00,11581.48,0,0,0,0,0,0
BSE200.BSE_IDX,01/07/2025,11:51:08,11582.12,0,0,0,0,0,0
BSE200.BSE_IDX,01/07/2025,11:51:16,11582.12,0,0,0,0,0,0
BSE200.BSE_IDX,01/07/2025,11:51:24,11581.12,0,0,0,0,0,0
BSE200.BSE_IDX,01/07/2025,11:51:32,11581.29,0,0,0,0,0,0
BSE200.BSE_IDX,01/07/2025,11:51:40,11581.47,0,0,0,0,0,0
BSE200.BSE_IDX,01/07/2025,11:51:48,11581.82,0,0,0,0,0,0
BSE200.BSE_IDX,01/07/2025,11:51:56,11581.82,0,0,0,0,0,0
BSE200.BSE_IDX,01/07/2025,11:52:04,11581.74,0,0,0,0,0,0
BSE200.BSE_IDX,01/07/2025,11:52:12,11581,0,0,0,0,0,0
BSE200.BSE_IDX,01/07/2025,11:52:20,11580.99,0,0,0,0,0,0
BSE200.BSE_IDX,01/07/2025,11:52:28,11581.47,0,0,0,0,0,0
BSE200.BSE_IDX,01/07/2025,11:52:36,11581.06,0,0,0,0,0,0
BSE200.BSE_IDX,01/07/2025,11:52:44,11580.76,0,0,0,0,0,0
BSE200.BSE_IDX,01/07/2025,11:52:52,11580.52,0,0,0,0,0,0
BSE200.BSE_IDX,01/07/2025,11:53:00,11579.64,0,0,0,0,0,0
BSE200.BSE_IDX,01/07/2025,11:53:08,11579.18,0,0,0,0,0,0
BSE200.BSE_IDX,01/07/2025,11:53:16,11578.61,0,0,0,0,0,0
BSE200.BSE_IDX,01/07/2025,11:53:24,11578.24,0,0,0,0,0,0
BSE200.BSE_IDX,01/07/2025,11:53:32,11578.09,0,0,0,0,0,0
BSE200.BSE_IDX,01/07/2025,11:53:40,11578.52,0,0,0,0,0,0
BSE200.BSE_IDX,01/07/2025,11:53:48,11578.04,0,0,0,0,0,0
BSE200.BSE_IDX,01/07/2025,11:53:56,11577.62,0,0,0,0,0,0
BSE200.BSE_IDX,01/07/2025,11:54:04,11576.86,0,0,0,0,0,0
BSE200.BSE_IDX,01/07/2025,11:54:12,11575.46,0,0,0,0,0,0
BSE200.BSE_IDX,01/07/2025,11:54:20,11575.31,0,0,0,0,0,0
BSE200.BSE_IDX,01/07/2025,11:54:28,11575.54,0,0,0,0,0,0
BSE200.BSE_IDX,01/07/2025,11:54:36,11575.41,0,0,0,0,0,0
BSE200.BSE_IDX,01/07/2025,11:54:44,11575.31,0,0,0,0,0,0
BSE200.BSE_IDX,01/07/2025,11:54:52,11575.05,0,0,0,0,0,0
BSE200.BSE_IDX,01/07/2025,11:55:00,11575.02,0,0,0,0,0,0
BSE200.BSE_IDX,01/07/2025,11:55:08,11575.38,0,0,0,0,0,0
BSE200.BSE_IDX,01/07/2025,11:55:17,11575.08,0,0,0,0,0,0
BSE200.BSE_IDX,01/07/2025,11:55:24,11575.17,0,0,0,0,0,0
BSE200.BSE_IDX,01/07/2025,11:55:32,11574.95,0,0,0,0,0,0
BSE200.BSE_IDX,01/07/2025,11:55:40,11575.03,0,0,0,0,0,0
BSE200.BSE_IDX,01/07/2025,11:55:48,11574.54,0,0,0,0,0,0
BSE200.BSE_IDX,01/07/2025,11:55:56,11574.81,0,0,0,0,0,0
BSE200.BSE_IDX,01/07/2025,11:56:05,11574.9,0,0,0,0,0,0
BSE200.BSE_IDX,01/07/2025,11:56:12,11574.29,0,0,0,0,0,0
BSE200.BSE_IDX,01/07/2025,11:56:20,11571.9,0,0,0,0,0,0
BSE200.BSE_IDX,01/07/2025,11:56:28,11571.06,0,0,0,0,0,0
BSE200.BSE_IDX,01/07/2025,11:56:36,11571.24,0,0,0,0,0,0
BSE200.BSE_IDX,01/07/2025,11:56:44,11572.68,0,0,0,0,0,0
BSE200.BSE_IDX,01/07/2025,11:56:52,11571.58,0,0,0,0,0,0
BSE200.BSE_IDX,01/07/2025,11:57:00,11571.55,0,0,0,0,0,0
BSE200.BSE_IDX,01/07/2025,11:57:08,11571.02,0,0,0,0,0,0
BSE200.BSE_IDX,01/07/2025,11:57:16,11571.4,0,0,0,0,0,0
BSE200.BSE_IDX,01/07/2025,11:57:24,11571.71,0,0,0,0,0,0
BSE200.BSE_IDX,01/07/2025,11:57:32,11571.7,0,0,0,0,0,0
BSE200.BSE_IDX,01/07/2025,11:57:40,11571.52,0,0,0,0,0,0
BSE200.BSE_IDX,01/07/2025,11:57:48,11571.7,0,0,0,0,0,0
BSE200.BSE_IDX,01/07/2025,11:57:56,11571.67,0,0,0,0,0,0
BSE200.BSE_IDX,01/07/2025,11:58:04,11571.62,0,0,0,0,0,0
BSE200.BSE_IDX,01/07/2025,11:58:12,11571.65,0,0,0,0,0,0
BSE200.BSE_IDX,01/07/2025,11:58:20,11571.55,0,0,0,0,0,0
BSE200.BSE_IDX,01/07/2025,11:58:28,11571.36,0,0,0,0,0,0
BSE200.BSE_IDX,01/07/2025,11:58:36,11571.95,0,0,0,0,0,0
BSE200.BSE_IDX,01/07/2025,11:58:44,11572.59,0,0,0,0,0,0
BSE200.BSE_IDX,01/07/2025,11:58:52,11572.9,0,0,0,0,0,0
BSE200.BSE_IDX,01/07/2025,11:59:00,11572.53,0,0,0,0,0,0
BSE200.BSE_IDX,01/07/2025,11:59:08,11573.13,0,0,0,0,0,0
BSE200.BSE_IDX,01/07/2025,11:59:16,11573.25,0,0,0,0,0,0
BSE200.BSE_IDX,01/07/2025,11:59:24,11573.94,0,0,0,0,0,0
BSE200.BSE_IDX,01/07/2025,11:59:32,11574.92,0,0,0,0,0,0
BSE200.BSE_IDX,01/07/2025,11:59:40,11575.29,0,0,0,0,0,0
BSE200.BSE_IDX,01/07/2025,11:59:48,11575.72,0,0,0,0,0,0
BSE200.BSE_IDX,01/07/2025,11:59:56,11575.83,0,0,0,0,0,0
BSE200.BSE_IDX,01/07/2025,12:00:05,11576.2,0,0,0,0,0,0
BSE200.BSE_IDX,01/07/2025,12:00:12,11575.97,0,0,0,0,0,0
BSE200.BSE_IDX,01/07/2025,12:00:20,11575.26,0,0,0,0,0,0
BSE200.BSE_IDX,01/07/2025,12:00:28,11574.89,0,0,0,0,0,0
BSE200.BSE_IDX,01/07/2025,12:00:37,11574.8,0,0,0,0,0,0
BSE200.BSE_IDX,01/07/2025,12:00:44,11574.34,0,0,0,0,0,0
BSE200.BSE_IDX,01/07/2025,12:00:52,11574.56,0,0,0,0,0,0
BSE200.BSE_IDX,01/07/2025,12:01:00,11574.64,0,0,0,0,0,0
BSE200.BSE_IDX,01/07/2025,12:01:08,11574.62,0,0,0,0,0,0
BSE200.BSE_IDX,01/07/2025,12:01:16,11574.9,0,0,0,0,0,0
BSE200.BSE_IDX,01/07/2025,12:01:24,11575.25,0,0,0,0,0,0
BSE200.BSE_IDX,01/07/2025,12:01:32,11575.36,0,0,0,0,0,0
BSE200.BSE_IDX,01/07/2025,12:01:40,11575.46,0,0,0,0,0,0
BSE200.BSE_IDX,01/07/2025,12:01:48,11575.22,0,0,0,0,0,0
BSE200.BSE_IDX,01/07/2025,12:01:57,11574.95,0,0,0,0,0,0
BSE200.BSE_IDX,01/07/2025,12:02:04,11575.23,0,0,0,0,0,0
BSE200.BSE_IDX,01/07/2025,12:02:12,11575.49,0,0,0,0,0,0
BSE200.BSE_IDX,01/07/2025,12:02:20,11575.25,0,0,0,0,0,0
BSE200.BSE_IDX,01/07/2025,12:02:28,11574.68,0,0,0,0,0,0
BSE200.BSE_IDX,01/07/2025,12:02:36,11575,0,0,0,0,0,0
BSE200.BSE_IDX,01/07/2025,12:02:44,11575.11,0,0,0,0,0,0
BSE200.BSE_IDX,01/07/2025,12:02:52,11575.69,0,0,0,0,0,0
BSE200.BSE_IDX,01/07/2025,12:03:00,11575.54,0,0,0,0,0,0
BSE200.BSE_IDX,01/07/2025,12:03:08,11575.23,0,0,0,0,0,0
BSE200.BSE_IDX,01/07/2025,12:03:17,11575.35,0,0,0,0,0,0
BSE200.BSE_IDX,01/07/2025,12:03:24,11575.26,0,0,0,0,0,0
BSE200.BSE_IDX,01/07/2025,12:03:32,11575.69,0,0,0,0,0,0
BSE200.BSE_IDX,01/07/2025,12:03:40,11575.8,0,0,0,0,0,0
BSE200.BSE_IDX,01/07/2025,12:03:48,11575.42,0,0,0,0,0,0
BSE200.BSE_IDX,01/07/2025,12:03:56,11575.2,0,0,0,0,0,0
BSE200.BSE_IDX,01/07/2025,12:04:04,11575.43,0,0,0,0,0,0
BSE200.BSE_IDX,01/07/2025,12:04:12,11575.43,0,0,0,0,0,0
BSE200.BSE_IDX,01/07/2025,12:04:20,11575.26,0,0,0,0,0,0
BSE200.BSE_IDX,01/07/2025,12:04:28,11575.94,0,0,0,0,0,0
BSE200.BSE_IDX,01/07/2025,12:04:36,11576.21,0,0,0,0,0,0
BSE200.BSE_IDX,01/07/2025,12:04:44,11576.07,0,0,0,0,0,0
BSE200.BSE_IDX,01/07/2025,12:04:52,11575.75,0,0,0,0,0,0
BSE200.BSE_IDX,01/07/2025,12:05:01,11575.52,0,0,0,0,0,0
BSE200.BSE_IDX,01/07/2025,12:05:08,11575.59,0,0,0,0,0,0
BSE200.BSE_IDX,01/07/2025,12:05:16,11576.06,0,0,0,0,0,0
BSE200.BSE_IDX,01/07/2025,12:05:24,11575.55,0,0,0,0,0,0
BSE200.BSE_IDX,01/07/2025,12:05:32,11574.98,0,0,0,0,0,0
BSE200.BSE_IDX,01/07/2025,12:05:40,11575.35,0,0,0,0,0,0
BSE200.BSE_IDX,01/07/2025,12:05:48,11574.49,0,0,0,0,0,0
BSE200.BSE_IDX,01/07/2025,12:05:56,11575.22,0,0,0,0,0,0
BSE200.BSE_IDX,01/07/2025,12:06:04,11575.54,0,0,0,0,0,0
BSE200.BSE_IDX,01/07/2025,12:06:12,11575.92,0,0,0,0,0,0
BSE200.BSE_IDX,01/07/2025,12:06:20,11576.07,0,0,0,0,0,0
BSE200.BSE_IDX,01/07/2025,12:06:28,11575.6,0,0,0,0,0,0
BSE200.BSE_IDX,01/07/2025,12:06:36,11575.08,0,0,0,0,0,0
BSE200.BSE_IDX,01/07/2025,12:06:44,11575.51,0,0,0,0,0,0
BSE200.BSE_IDX,01/07/2025,12:06:53,11575.14,0,0,0,0,0,0
BSE200.BSE_IDX,01/07/2025,12:07:00,11574.57,0,0,0,0,0,0
BSE200.BSE_IDX,01/07/2025,12:07:08,11574.67,0,0,0,0,0,0
BSE200.BSE_IDX,01/07/2025,12:07:16,11574.81,0,0,0,0,0,0
BSE200.BSE_IDX,01/07/2025,12:07:24,11574.45,0,0,0,0,0,0
BSE200.BSE_IDX,01/07/2025,12:07:32,11574.14,0,0,0,0,0,0
BSE200.BSE_IDX,01/07/2025,12:07:40,11574.16,0,0,0,0,0,0
BSE200.BSE_IDX,01/07/2025,12:07:48,11574.55,0,0,0,0,0,0
BSE200.BSE_IDX,01/07/2025,12:07:56,11574.05,0,0,0,0,0,0
BSE200.BSE_IDX,01/07/2025,12:08:04,11574.36,0,0,0,0,0,0
BSE200.BSE_IDX,01/07/2025,12:08:12,11574.4,0,0,0,0,0,0
BSE200.BSE_IDX,01/07/2025,12:08:20,11573.66,0,0,0,0,0,0
BSE200.BSE_IDX,01/07/2025,12:08:28,11573.5,0,0,0,0,0,0
BSE200.BSE_IDX,01/07/2025,12:08:36,11573.36,0,0,0,0,0,0
BSE200.BSE_IDX,01/07/2025,12:08:44,11573.8,0,0,0,0,0,0
BSE200.BSE_IDX,01/07/2025,12:08:52,11574.54,0,0,0,0,0,0
BSE200.BSE_IDX,01/07/2025,12:09:00,11574.55,0,0,0,0,0,0
BSE200.BSE_IDX,01/07/2025,12:09:08,11574.53,0,0,0,0,0,0
BSE200.BSE_IDX,01/07/2025,12:09:16,11575.09,0,0,0,0,0,0
BSE200.BSE_IDX,01/07/2025,12:09:25,11574.72,0,0,0,0,0,0
BSE200.BSE_IDX,01/07/2025,12:09:32,11575.02,0,0,0,0,0,0
BSE200.BSE_IDX,01/07/2025,12:09:40,11575.75,0,0,0,0,0,0
BSE200.BSE_IDX,01/07/2025,12:09:48,11575.6,0,0,0,0,0,0
BSE200.BSE_IDX,01/07/2025,12:09:57,11575.94,0,0,0,0,0,0
BSE200.BSE_IDX,01/07/2025,12:10:05,11575.44,0,0,0,0,0,0
BSE200.BSE_IDX,01/07/2025,12:10:13,11575.06,0,0,0,0,0,0
BSE200.BSE_IDX,01/07/2025,12:10:22,11576,0,0,0,0,0,0
BSE200.BSE_IDX,01/07/2025,12:10:28,11576,0,0,0,0,0,0
BSE200.BSE_IDX,01/07/2025,12:10:36,11575.68,0,0,0,0,0,0
BSE200.BSE_IDX,01/07/2025,12:10:45,11575.4,0,0,0,0,0,0
BSE200.BSE_IDX,01/07/2025,12:10:52,11575.69,0,0,0,0,0,0
BSE200.BSE_IDX,01/07/2025,12:11:00,11575.64,0,0,0,0,0,0
BSE200.BSE_IDX,01/07/2025,12:11:08,11575.89,0,0,0,0,0,0
BSE200.BSE_IDX,01/07/2025,12:11:17,11575.93,0,0,0,0,0,0
BSE200.BSE_IDX,01/07/2025,12:11:24,11576.15,0,0,0,0,0,0
BSE200.BSE_IDX,01/07/2025,12:11:32,11575.9,0,0,0,0,0,0
BSE200.BSE_IDX,01/07/2025,12:11:40,11576.23,0,0,0,0,0,0
BSE200.BSE_IDX,01/07/2025,12:11:49,11577.37,0,0,0,0,0,0
BSE200.BSE_IDX,01/07/2025,12:11:57,11577.95,0,0,0,0,0,0
BSE200.BSE_IDX,01/07/2025,12:12:05,11578.41,0,0,0,0,0,0
BSE200.BSE_IDX,01/07/2025,12:12:13,11578.79,0,0,0,0,0,0
BSE200.BSE_IDX,01/07/2025,12:12:21,11579.36,0,0,0,0,0,0
BSE200.BSE_IDX,01/07/2025,12:12:29,11579.13,0,0,0,0,0,0
BSE200.BSE_IDX,01/07/2025,12:12:37,11579.61,0,0,0,0,0,0
BSE200.BSE_IDX,01/07/2025,12:12:45,11579.5,0,0,0,0,0,0
BSE200.BSE_IDX,01/07/2025,12:12:53,11578.79,0,0,0,0,0,0
BSE200.BSE_IDX,01/07/2025,12:13:01,11579.19,0,0,0,0,0,0
BSE200.BSE_IDX,01/07/2025,12:13:09,11579.4,0,0,0,0,0,0
BSE200.BSE_IDX,01/07/2025,12:13:17,11579.48,0,0,0,0,0,0
BSE200.BSE_IDX,01/07/2025,12:13:25,11579.67,0,0,0,0,0,0
BSE200.BSE_IDX,01/07/2025,12:13:33,11579.99,0,0,0,0,0,0
BSE200.BSE_IDX,01/07/2025,12:13:41,11580.56,0,0,0,0,0,0
BSE200.BSE_IDX,01/07/2025,12:13:49,11580.05,0,0,0,0,0,0
BSE200.BSE_IDX,01/07/2025,12:13:57,11580.02,0,0,0,0,0,0
BSE200.BSE_IDX,01/07/2025,12:14:05,11580.12,0,0,0,0,0,0
BSE200.BSE_IDX,01/07/2025,12:14:13,11580.11,0,0,0,0,0,0
BSE200.BSE_IDX,01/07/2025,12:14:21,11580.55,0,0,0,0,0,0
BSE200.BSE_IDX,01/07/2025,12:14:29,11580.51,0,0,0,0,0,0
BSE200.BSE_IDX,01/07/2025,12:14:37,11580.44,0,0,0,0,0,0
BSE200.BSE_IDX,01/07/2025,12:14:46,11580.72,0,0,0,0,0,0
BSE200.BSE_IDX,01/07/2025,12:14:54,11580.26,0,0,0,0,0,0
BSE200.BSE_IDX,01/07/2025,12:15:01,11580.3,0,0,0,0,0,0
BSE200.BSE_IDX,01/07/2025,12:15:09,11580.45,0,0,0,0,0,0
BSE200.BSE_IDX,01/07/2025,12:15:17,11581.02,0,0,0,0,0,0
BSE200.BSE_IDX,01/07/2025,12:15:25,11581.12,0,0,0,0,0,0
BSE200.BSE_IDX,01/07/2025,12:15:33,11580.94,0,0,0,0,0,0
BSE200.BSE_IDX,01/07/2025,12:15:41,11580.76,0,0,0,0,0,0
BSE200.BSE_IDX,01/07/2025,12:15:49,11580.47,0,0,0,0,0,0
BSE200.BSE_IDX,01/07/2025,12:15:57,11581,0,0,0,0,0,0
BSE200.BSE_IDX,01/07/2025,12:16:05,11580.87,0,0,0,0,0,0
BSE200.BSE_IDX,01/07/2025,12:16:13,11581.22,0,0,0,0,0,0
BSE200.BSE_IDX,01/07/2025,12:16:21,11581.66,0,0,0,0,0,0
BSE200.BSE_IDX,01/07/2025,12:16:29,11582.28,0,0,0,0,0,0
BSE200.BSE_IDX,01/07/2025,12:16:37,11582.64,0,0,0,0,0,0
BSE200.BSE_IDX,01/07/2025,12:16:45,11582.33,0,0,0,0,0,0
BSE200.BSE_IDX,01/07/2025,12:16:53,11581.44,0,0,0,0,0,0
BSE200.BSE_IDX,01/07/2025,12:17:01,11581.28,0,0,0,0,0,0
BSE200.BSE_IDX,01/07/2025,12:17:09,11581.7,0,0,0,0,0,0
BSE200.BSE_IDX,01/07/2025,12:17:17,11582.42,0,0,0,0,0,0
BSE200.BSE_IDX,01/07/2025,12:17:25,11581.64,0,0,0,0,0,0
BSE200.BSE_IDX,01/07/2025,12:17:33,11582.28,0,0,0,0,0,0
BSE200.BSE_IDX,01/07/2025,12:17:41,11582.15,0,0,0,0,0,0
BSE200.BSE_IDX,01/07/2025,12:17:49,11582.36,0,0,0,0,0,0
BSE200.BSE_IDX,01/07/2025,12:17:57,11582.52,0,0,0,0,0,0
BSE200.BSE_IDX,01/07/2025,12:18:05,11583.12,0,0,0,0,0,0
BSE200.BSE_IDX,01/07/2025,12:18:13,11583.21,0,0,0,0,0,0
BSE200.BSE_IDX,01/07/2025,12:18:21,11583.01,0,0,0,0,0,0
BSE200.BSE_IDX,01/07/2025,12:18:29,11583.39,0,0,0,0,0,0
BSE200.BSE_IDX,01/07/2025,12:18:37,11583.45,0,0,0,0,0,0
BSE200.BSE_IDX,01/07/2025,12:18:45,11583.8,0,0,0,0,0,0
BSE200.BSE_IDX,01/07/2025,12:18:53,11583.99,0,0,0,0,0,0
BSE200.BSE_IDX,01/07/2025,12:19:01,11584.67,0,0,0,0,0,0
BSE200.BSE_IDX,01/07/2025,12:19:09,11585.16,0,0,0,0,0,0
BSE200.BSE_IDX,01/07/2025,12:19:17,11584.99,0,0,0,0,0,0
BSE200.BSE_IDX,01/07/2025,12:19:25,11585.47,0,0,0,0,0,0
BSE200.BSE_IDX,01/07/2025,12:19:33,11585.88,0,0,0,0,0,0
BSE200.BSE_IDX,01/07/2025,12:19:41,11586.57,0,0,0,0,0,0
BSE200.BSE_IDX,01/07/2025,12:19:49,11587.11,0,0,0,0,0,0
BSE200.BSE_IDX,01/07/2025,12:19:57,11587.27,0,0,0,0,0,0
BSE200.BSE_IDX,01/07/2025,12:20:05,11588,0,0,0,0,0,0
BSE200.BSE_IDX,01/07/2025,12:20:13,11587.42,0,0,0,0,0,0
BSE200.BSE_IDX,01/07/2025,12:20:21,11588.91,0,0,0,0,0,0
BSE200.BSE_IDX,01/07/2025,12:20:29,11590.5,0,0,0,0,0,0
BSE200.BSE_IDX,01/07/2025,12:20:37,11590.94,0,0,0,0,0,0
BSE200.BSE_IDX,01/07/2025,12:20:45,11590.03,0,0,0,0,0,0
BSE200.BSE_IDX,01/07/2025,12:20:53,11590.59,0,0,0,0,0,0
BSE200.BSE_IDX,01/07/2025,12:21:01,11590.57,0,0,0,0,0,0
BSE200.BSE_IDX,01/07/2025,12:21:09,11590.58,0,0,0,0,0,0
BSE200.BSE_IDX,01/07/2025,12:21:17,11589.47,0,0,0,0,0,0
BSE200.BSE_IDX,01/07/2025,12:21:25,11589.69,0,0,0,0,0,0
BSE200.BSE_IDX,01/07/2025,12:21:33,11589.87,0,0,0,0,0,0
BSE200.BSE_IDX,01/07/2025,12:21:41,11590.9,0,0,0,0,0,0
BSE200.BSE_IDX,01/07/2025,12:21:49,11591.48,0,0,0,0,0,0
BSE200.BSE_IDX,01/07/2025,12:21:57,11591.65,0,0,0,0,0,0
BSE200.BSE_IDX,01/07/2025,12:22:05,11592.55,0,0,0,0,0,0
BSE200.BSE_IDX,01/07/2025,12:22:13,11592.28,0,0,0,0,0,0
BSE200.BSE_IDX,01/07/2025,12:22:21,11592.14,0,0,0,0,0,0
BSE200.BSE_IDX,01/07/2025,12:22:29,11591.83,0,0,0,0,0,0
BSE200.BSE_IDX,01/07/2025,12:22:37,11591.15,0,0,0,0,0,0
BSE200.BSE_IDX,01/07/2025,12:22:45,11590.86,0,0,0,0,0,0
BSE200.BSE_IDX,01/07/2025,12:22:53,11590.88,0,0,0,0,0,0
BSE200.BSE_IDX,01/07/2025,12:23:02,11591.36,0,0,0,0,0,0
BSE200.BSE_IDX,01/07/2025,12:23:09,11591.39,0,0,0,0,0,0
BSE200.BSE_IDX,01/07/2025,12:23:17,11591.26,0,0,0,0,0,0
BSE200.BSE_IDX,01/07/2025,12:23:25,11591.03,0,0,0,0,0,0
BSE200.BSE_IDX,01/07/2025,12:23:33,11590.66,0,0,0,0,0,0
BSE200.BSE_IDX,01/07/2025,12:23:41,11591.11,0,0,0,0,0,0
BSE200.BSE_IDX,01/07/2025,12:23:49,11591.44,0,0,0,0,0,0
BSE200.BSE_IDX,01/07/2025,12:23:57,11591.5,0,0,0,0,0,0
BSE200.BSE_IDX,01/07/2025,12:24:05,11591.63,0,0,0,0,0,0
BSE200.BSE_IDX,01/07/2025,12:24:13,11592,0,0,0,0,0,0
BSE200.BSE_IDX,01/07/2025,12:24:21,11592.52,0,0,0,0,0,0
BSE200.BSE_IDX,01/07/2025,12:24:29,11592.2,0,0,0,0,0,0
BSE200.BSE_IDX,01/07/2025,12:24:37,11592.22,0,0,0,0,0,0
BSE200.BSE_IDX,01/07/2025,12:24:45,11592.54,0,0,0,0,0,0
BSE200.BSE_IDX,01/07/2025,12:24:53,11592.19,0,0,0,0,0,0
BSE200.BSE_IDX,01/07/2025,12:25:01,11592.44,0,0,0,0,0,0
BSE200.BSE_IDX,01/07/2025,12:25:09,11592.53,0,0,0,0,0,0
BSE200.BSE_IDX,01/07/2025,12:25:17,11592.43,0,0,0,0,0,0
BSE200.BSE_IDX,01/07/2025,12:25:25,11592.83,0,0,0,0,0,0
BSE200.BSE_IDX,01/07/2025,12:25:33,11593.34,0,0,0,0,0,0
BSE200.BSE_IDX,01/07/2025,12:25:41,11593.41,0,0,0,0,0,0
BSE200.BSE_IDX,01/07/2025,12:25:49,11593.34,0,0,0,0,0,0
BSE200.BSE_IDX,01/07/2025,12:25:57,11593.93,0,0,0,0,0,0
BSE200.BSE_IDX,01/07/2025,12:26:05,11593.95,0,0,0,0,0,0
BSE200.BSE_IDX,01/07/2025,12:26:13,11593.94,0,0,0,0,0,0
BSE200.BSE_IDX,01/07/2025,12:26:21,11593.65,0,0,0,0,0,0
BSE200.BSE_IDX,01/07/2025,12:26:31,11593.74,0,0,0,0,0,0
BSE200.BSE_IDX,01/07/2025,12:26:37,11594.56,0,0,0,0,0,0
BSE200.BSE_IDX,01/07/2025,12:26:45,11594.66,0,0,0,0,0,0
BSE200.BSE_IDX,01/07/2025,12:26:53,11594.35,0,0,0,0,0,0
BSE200.BSE_IDX,01/07/2025,12:27:01,11593.44,0,0,0,0,0,0
BSE200.BSE_IDX,01/07/2025,12:27:09,11593.24,0,0,0,0,0,0
BSE200.BSE_IDX,01/07/2025,12:27:17,11593.52,0,0,0,0,0,0
BSE200.BSE_IDX,01/07/2025,12:27:25,11593.71,0,0,0,0,0,0
BSE200.BSE_IDX,01/07/2025,12:27:33,11593.24,0,0,0,0,0,0
BSE200.BSE_IDX,01/07/2025,12:27:41,11593.64,0,0,0,0,0,0
BSE200.BSE_IDX,01/07/2025,12:27:49,11593.27,0,0,0,0,0,0
BSE200.BSE_IDX,01/07/2025,12:27:57,11593.21,0,0,0,0,0,0
BSE200.BSE_IDX,01/07/2025,12:28:05,11593.08,0,0,0,0,0,0
BSE200.BSE_IDX,01/07/2025,12:28:13,11593.4,0,0,0,0,0,0
BSE200.BSE_IDX,01/07/2025,12:28:21,11593.03,0,0,0,0,0,0
BSE200.BSE_IDX,01/07/2025,12:28:29,11592.46,0,0,0,0,0,0
BSE200.BSE_IDX,01/07/2025,12:28:37,11592.97,0,0,0,0,0,0
BSE200.BSE_IDX,01/07/2025,12:28:45,11591.97,0,0,0,0,0,0
BSE200.BSE_IDX,01/07/2025,12:28:53,11590.83,0,0,0,0,0,0
BSE200.BSE_IDX,01/07/2025,12:29:01,11590.3,0,0,0,0,0,0
BSE200.BSE_IDX,01/07/2025,12:29:10,11589.77,0,0,0,0,0,0
BSE200.BSE_IDX,01/07/2025,12:29:18,11589.96,0,0,0,0,0,0
BSE200.BSE_IDX,01/07/2025,12:29:25,11590.77,0,0,0,0,0,0
BSE200.BSE_IDX,01/07/2025,12:29:33,11590.25,0,0,0,0,0,0
BSE200.BSE_IDX,01/07/2025,12:29:41,11589.99,0,0,0,0,0,0
BSE200.BSE_IDX,01/07/2025,12:29:49,11589.81,0,0,0,0,0,0
BSE200.BSE_IDX,01/07/2025,12:29:57,11590.29,0,0,0,0,0,0
BSE200.BSE_IDX,01/07/2025,12:30:05,11592.39,0,0,0,0,0,0
BSE200.BSE_IDX,01/07/2025,12:30:13,11592.74,0,0,0,0,0,0
BSE200.BSE_IDX,01/07/2025,12:30:22,11592.46,0,0,0,0,0,0
BSE200.BSE_IDX,01/07/2025,12:30:29,11591.73,0,0,0,0,0,0
BSE200.BSE_IDX,01/07/2025,12:30:37,11591.49,0,0,0,0,0,0
BSE200.BSE_IDX,01/07/2025,12:30:45,11591.71,0,0,0,0,0,0
BSE200.BSE_IDX,01/07/2025,12:30:53,11592.05,0,0,0,0,0,0
BSE200.BSE_IDX,01/07/2025,12:31:01,11592.34,0,0,0,0,0,0
BSE200.BSE_IDX,01/07/2025,12:31:09,11590.61,0,0,0,0,0,0
BSE200.BSE_IDX,01/07/2025,12:31:17,11589.43,0,0,0,0,0,0
BSE200.BSE_IDX,01/07/2025,12:31:25,11589.11,0,0,0,0,0,0
BSE200.BSE_IDX,01/07/2025,12:31:34,11588.81,0,0,0,0,0,0
BSE200.BSE_IDX,01/07/2025,12:31:41,11588.11,0,0,0,0,0,0
BSE200.BSE_IDX,01/07/2025,12:31:49,11587.85,0,0,0,0,0,0
BSE200.BSE_IDX,01/07/2025,12:31:57,11587.53,0,0,0,0,0,0
BSE200.BSE_IDX,01/07/2025,12:32:05,11587.66,0,0,0,0,0,0
BSE200.BSE_IDX,01/07/2025,12:32:13,11587.95,0,0,0,0,0,0
BSE200.BSE_IDX,01/07/2025,12:32:21,11587.95,0,0,0,0,0,0
BSE200.BSE_IDX,01/07/2025,12:32:29,11588.18,0,0,0,0,0,0
BSE200.BSE_IDX,01/07/2025,12:32:37,11587.93,0,0,0,0,0,0
BSE200.BSE_IDX,01/07/2025,12:32:45,11587.79,0,0,0,0,0,0
BSE200.BSE_IDX,01/07/2025,12:32:53,11587.45,0,0,0,0,0,0
BSE200.BSE_IDX,01/07/2025,12:33:01,11587.71,0,0,0,0,0,0
BSE200.BSE_IDX,01/07/2025,12:33:09,11587.42,0,0,0,0,0,0
BSE200.BSE_IDX,01/07/2025,12:33:17,11587,0,0,0,0,0,0
BSE200.BSE_IDX,01/07/2025,12:33:26,11587.07,0,0,0,0,0,0
BSE200.BSE_IDX,01/07/2025,12:33:33,11587.22,0,0,0,0,0,0
BSE200.BSE_IDX,01/07/2025,12:33:41,11587.48,0,0,0,0,0,0
BSE200.BSE_IDX,01/07/2025,12:33:49,11587.26,0,0,0,0,0,0
BSE200.BSE_IDX,01/07/2025,12:33:57,11587.17,0,0,0,0,0,0
BSE200.BSE_IDX,01/07/2025,12:34:05,11587.61,0,0,0,0,0,0
BSE200.BSE_IDX,01/07/2025,12:34:13,11588.08,0,0,0,0,0,0
BSE200.BSE_IDX,01/07/2025,12:34:21,11588.24,0,0,0,0,0,0
BSE200.BSE_IDX,01/07/2025,12:34:29,11588.95,0,0,0,0,0,0
BSE200.BSE_IDX,01/07/2025,12:34:37,11589.07,0,0,0,0,0,0
BSE200.BSE_IDX,01/07/2025,12:34:45,11589.22,0,0,0,0,0,0
BSE200.BSE_IDX,01/07/2025,12:34:53,11589.76,0,0,0,0,0,0
BSE200.BSE_IDX,01/07/2025,12:35:01,11590.24,0,0,0,0,0,0
BSE200.BSE_IDX,01/07/2025,12:35:09,11590.55,0,0,0,0,0,0
BSE200.BSE_IDX,01/07/2025,12:35:17,11591.13,0,0,0,0,0,0
BSE200.BSE_IDX,01/07/2025,12:35:25,11591.67,0,0,0,0,0,0
BSE200.BSE_IDX,01/07/2025,12:35:33,11591.82,0,0,0,0,0,0
BSE200.BSE_IDX,01/07/2025,12:35:41,11591.47,0,0,0,0,0,0
BSE200.BSE_IDX,01/07/2025,12:35:49,11592.5,0,0,0,0,0,0
BSE200.BSE_IDX,01/07/2025,12:35:57,11591.82,0,0,0,0,0,0
BSE200.BSE_IDX,01/07/2025,12:36:05,11592.88,0,0,0,0,0,0
BSE200.BSE_IDX,01/07/2025,12:36:13,11593.04,0,0,0,0,0,0
BSE200.BSE_IDX,01/07/2025,12:36:21,11592.31,0,0,0,0,0,0
BSE200.BSE_IDX,01/07/2025,12:36:29,11592.61,0,0,0,0,0,0
BSE200.BSE_IDX,01/07/2025,12:36:37,11592.66,0,0,0,0,0,0
BSE200.BSE_IDX,01/07/2025,12:36:45,11593.18,0,0,0,0,0,0
BSE200.BSE_IDX,01/07/2025,12:36:53,11593.2,0,0,0,0,0,0
BSE200.BSE_IDX,01/07/2025,12:37:01,11593.55,0,0,0,0,0,0
BSE200.BSE_IDX,01/07/2025,12:37:09,11593.88,0,0,0,0,0,0
BSE200.BSE_IDX,01/07/2025,12:37:17,11593.63,0,0,0,0,0,0
BSE200.BSE_IDX,01/07/2025,12:37:25,11592.8,0,0,0,0,0,0
BSE200.BSE_IDX,01/07/2025,12:37:33,11592.62,0,0,0,0,0,0
BSE200.BSE_IDX,01/07/2025,12:37:41,11591.87,0,0,0,0,0,0
BSE200.BSE_IDX,01/07/2025,12:37:49,11591.55,0,0,0,0,0,0
BSE200.BSE_IDX,01/07/2025,12:37:57,11591.07,0,0,0,0,0,0
BSE200.BSE_IDX,01/07/2025,12:38:05,11591.27,0,0,0,0,0,0
BSE200.BSE_IDX,01/07/2025,12:38:13,11591.29,0,0,0,0,0,0
BSE200.BSE_IDX,01/07/2025,12:38:22,11591.96,0,0,0,0,0,0
BSE200.BSE_IDX,01/07/2025,12:38:29,11591.73,0,0,0,0,0,0
BSE200.BSE_IDX,01/07/2025,12:38:39,11592,0,0,0,0,0,0
BSE200.BSE_IDX,01/07/2025,12:38:45,11592.08,0,0,0,0,0,0
BSE200.BSE_IDX,01/07/2025,12:38:53,11592.61,0,0,0,0,0,0
BSE200.BSE_IDX,01/07/2025,12:39:01,11592.51,0,0,0,0,0,0
BSE200.BSE_IDX,01/07/2025,12:39:10,11591.92,0,0,0,0,0,0
BSE200.BSE_IDX,01/07/2025,12:39:17,11592.58,0,0,0,0,0,0
BSE200.BSE_IDX,01/07/2025,12:39:25,11592.52,0,0,0,0,0,0
BSE200.BSE_IDX,01/07/2025,12:39:34,11592.53,0,0,0,0,0,0
BSE200.BSE_IDX,01/07/2025,12:39:42,11593.07,0,0,0,0,0,0
BSE200.BSE_IDX,01/07/2025,12:39:49,11593.07,0,0,0,0,0,0
BSE200.BSE_IDX,01/07/2025,12:39:57,11593.08,0,0,0,0,0,0
BSE200.BSE_IDX,01/07/2025,12:40:05,11593.55,0,0,0,0,0,0
BSE200.BSE_IDX,01/07/2025,12:40:14,11593.15,0,0,0,0,0,0
BSE200.BSE_IDX,01/07/2025,12:40:21,11593.25,0,0,0,0,0,0
BSE200.BSE_IDX,01/07/2025,12:40:29,11593.02,0,0,0,0,0,0
BSE200.BSE_IDX,01/07/2025,12:40:37,11593.21,0,0,0,0,0,0
BSE200.BSE_IDX,01/07/2025,12:40:45,11593.07,0,0,0,0,0,0
BSE200.BSE_IDX,01/07/2025,12:40:54,11593.1,0,0,0,0,0,0
BSE200.BSE_IDX,01/07/2025,12:41:01,11592.91,0,0,0,0,0,0
BSE200.BSE_IDX,01/07/2025,12:41:09,11592.41,0,0,0,0,0,0
BSE200.BSE_IDX,01/07/2025,12:41:17,11592.48,0,0,0,0,0,0
BSE200.BSE_IDX,01/07/2025,12:41:25,11592.37,0,0,0,0,0,0
BSE200.BSE_IDX,01/07/2025,12:41:33,11592.38,0,0,0,0,0,0
BSE200.BSE_IDX,01/07/2025,12:41:41,11592.66,0,0,0,0,0,0
BSE200.BSE_IDX,01/07/2025,12:41:49,11593.31,0,0,0,0,0,0
BSE200.BSE_IDX,01/07/2025,12:41:57,11593.32,0,0,0,0,0,0
BSE200.BSE_IDX,01/07/2025,12:42:05,11593.01,0,0,0,0,0,0
BSE200.BSE_IDX,01/07/2025,12:42:13,11593.18,0,0,0,0,0,0
BSE200.BSE_IDX,01/07/2025,12:42:21,11593.11,0,0,0,0,0,0
BSE200.BSE_IDX,01/07/2025,12:42:29,11593.82,0,0,0,0,0,0
BSE200.BSE_IDX,01/07/2025,12:42:37,11593.49,0,0,0,0,0,0
BSE200.BSE_IDX,01/07/2025,12:42:45,11593.46,0,0,0,0,0,0
BSE200.BSE_IDX,01/07/2025,12:42:53,11593.52,0,0,0,0,0,0
BSE200.BSE_IDX,01/07/2025,12:43:01,11593.84,0,0,0,0,0,0
BSE200.BSE_IDX,01/07/2025,12:43:10,11593.73,0,0,0,0,0,0
BSE200.BSE_IDX,01/07/2025,12:43:17,11593.81,0,0,0,0,0,0
BSE200.BSE_IDX,01/07/2025,12:43:26,11593.99,0,0,0,0,0,0
BSE200.BSE_IDX,01/07/2025,12:43:33,11593.92,0,0,0,0,0,0
BSE200.BSE_IDX,01/07/2025,12:43:41,11592.94,0,0,0,0,0,0
BSE200.BSE_IDX,01/07/2025,12:43:49,11592.88,0,0,0,0,0,0
BSE200.BSE_IDX,01/07/2025,12:43:58,11592.77,0,0,0,0,0,0
BSE200.BSE_IDX,01/07/2025,12:44:05,11592.82,0,0,0,0,0,0
BSE200.BSE_IDX,01/07/2025,12:44:14,11592.35,0,0,0,0,0,0
BSE200.BSE_IDX,01/07/2025,12:44:21,11591.32,0,0,0,0,0,0
BSE200.BSE_IDX,01/07/2025,12:44:29,11591.05,0,0,0,0,0,0
BSE200.BSE_IDX,01/07/2025,12:44:38,11590.97,0,0,0,0,0,0
BSE200.BSE_IDX,01/07/2025,12:44:45,11591.23,0,0,0,0,0,0
BSE200.BSE_IDX,01/07/2025,12:44:53,11590.75,0,0,0,0,0,0
BSE200.BSE_IDX,01/07/2025,12:45:01,11590.88,0,0,0,0,0,0
BSE200.BSE_IDX,01/07/2025,12:45:11,11590.7,0,0,0,0,0,0
BSE200.BSE_IDX,01/07/2025,12:45:17,11590.3,0,0,0,0,0,0
BSE200.BSE_IDX,01/07/2025,12:45:25,11590.28,0,0,0,0,0,0
BSE200.BSE_IDX,01/07/2025,12:45:34,11590.46,0,0,0,0,0,0
BSE200.BSE_IDX,01/07/2025,12:45:42,11589.99,0,0,0,0,0,0
BSE200.BSE_IDX,01/07/2025,12:45:50,11590.32,0,0,0,0,0,0
BSE200.BSE_IDX,01/07/2025,12:45:58,11589.99,0,0,0,0,0,0
BSE200.BSE_IDX,01/07/2025,12:46:06,11590.23,0,0,0,0,0,0
BSE200.BSE_IDX,01/07/2025,12:46:14,11589.91,0,0,0,0,0,0
BSE200.BSE_IDX,01/07/2025,12:46:22,11589.81,0,0,0,0,0,0
BSE200.BSE_IDX,01/07/2025,12:46:30,11589.23,0,0,0,0,0,0
BSE200.BSE_IDX,01/07/2025,12:46:38,11589.04,0,0,0,0,0,0
BSE200.BSE_IDX,01/07/2025,12:46:46,11589.33,0,0,0,0,0,0
BSE200.BSE_IDX,01/07/2025,12:46:54,11588.51,0,0,0,0,0,0
BSE200.BSE_IDX,01/07/2025,12:47:02,11588.58,0,0,0,0,0,0
BSE200.BSE_IDX,01/07/2025,12:47:10,11588.49,0,0,0,0,0,0
BSE200.BSE_IDX,01/07/2025,12:47:18,11588.61,0,0,0,0,0,0
BSE200.BSE_IDX,01/07/2025,12:47:26,11588.72,0,0,0,0,0,0
BSE200.BSE_IDX,01/07/2025,12:47:34,11589.15,0,0,0,0,0,0
BSE200.BSE_IDX,01/07/2025,12:47:42,11588.44,0,0,0,0,0,0
BSE200.BSE_IDX,01/07/2025,12:47:50,11588.96,0,0,0,0,0,0
BSE200.BSE_IDX,01/07/2025,12:47:58,11588.94,0,0,0,0,0,0
BSE200.BSE_IDX,01/07/2025,12:48:06,11589.18,0,0,0,0,0,0
BSE200.BSE_IDX,01/07/2025,12:48:14,11589.63,0,0,0,0,0,0
BSE200.BSE_IDX,01/07/2025,12:48:22,11589.59,0,0,0,0,0,0
BSE200.BSE_IDX,01/07/2025,12:48:30,11590.29,0,0,0,0,0,0
BSE200.BSE_IDX,01/07/2025,12:48:38,11590.24,0,0,0,0,0,0
BSE200.BSE_IDX,01/07/2025,12:48:46,11590.03,0,0,0,0,0,0
BSE200.BSE_IDX,01/07/2025,12:48:54,11590.14,0,0,0,0,0,0
BSE200.BSE_IDX,01/07/2025,12:49:02,11590.04,0,0,0,0,0,0
BSE200.BSE_IDX,01/07/2025,12:49:10,11590.15,0,0,0,0,0,0
BSE200.BSE_IDX,01/07/2025,12:49:18,11589.94,0,0,0,0,0,0
BSE200.BSE_IDX,01/07/2025,12:49:26,11590.01,0,0,0,0,0,0
BSE200.BSE_IDX,01/07/2025,12:49:34,11589.81,0,0,0,0,0,0
BSE200.BSE_IDX,01/07/2025,12:49:42,11590.09,0,0,0,0,0,0
BSE200.BSE_IDX,01/07/2025,12:49:50,11590.62,0,0,0,0,0,0
BSE200.BSE_IDX,01/07/2025,12:49:58,11590.84,0,0,0,0,0,0
BSE200.BSE_IDX,01/07/2025,12:50:06,11591.01,0,0,0,0,0,0
BSE200.BSE_IDX,01/07/2025,12:50:14,11590.79,0,0,0,0,0,0
BSE200.BSE_IDX,01/07/2025,12:50:22,11591.18,0,0,0,0,0,0
BSE200.BSE_IDX,01/07/2025,12:50:30,11591.38,0,0,0,0,0,0
BSE200.BSE_IDX,01/07/2025,12:50:38,11591.26,0,0,0,0,0,0
BSE200.BSE_IDX,01/07/2025,12:50:47,11591.55,0,0,0,0,0,0
BSE200.BSE_IDX,01/07/2025,12:50:54,11591.61,0,0,0,0,0,0
BSE200.BSE_IDX,01/07/2025,12:51:02,11591.55,0,0,0,0,0,0
BSE200.BSE_IDX,01/07/2025,12:51:10,11592.01,0,0,0,0,0,0
BSE200.BSE_IDX,01/07/2025,12:51:19,11592.53,0,0,0,0,0,0
BSE200.BSE_IDX,01/07/2025,12:51:26,11592.29,0,0,0,0,0,0
BSE200.BSE_IDX,01/07/2025,12:51:34,11592.46,0,0,0,0,0,0
BSE200.BSE_IDX,01/07/2025,12:51:42,11592.28,0,0,0,0,0,0
BSE200.BSE_IDX,01/07/2025,12:51:50,11592.19,0,0,0,0,0,0
BSE200.BSE_IDX,01/07/2025,12:51:58,11592.22,0,0,0,0,0,0
BSE200.BSE_IDX,01/07/2025,12:52:06,11591.85,0,0,0,0,0,0
BSE200.BSE_IDX,01/07/2025,12:52:14,11591.73,0,0,0,0,0,0
BSE200.BSE_IDX,01/07/2025,12:52:22,11591.98,0,0,0,0,0,0
BSE200.BSE_IDX,01/07/2025,12:52:30,11592.02,0,0,0,0,0,0
BSE200.BSE_IDX,01/07/2025,12:52:38,11591.76,0,0,0,0,0,0
BSE200.BSE_IDX,01/07/2025,12:52:46,11591.75,0,0,0,0,0,0
BSE200.BSE_IDX,01/07/2025,12:52:54,11592,0,0,0,0,0,0
BSE200.BSE_IDX,01/07/2025,12:53:02,11592.26,0,0,0,0,0,0
BSE200.BSE_IDX,01/07/2025,12:53:10,11592.33,0,0,0,0,0,0
BSE200.BSE_IDX,01/07/2025,12:53:18,11592.12,0,0,0,0,0,0
BSE200.BSE_IDX,01/07/2025,12:53:26,11591.58,0,0,0,0,0,0
BSE200.BSE_IDX,01/07/2025,12:53:34,11591.35,0,0,0,0,0,0
BSE200.BSE_IDX,01/07/2025,12:53:42,11590.73,0,0,0,0,0,0
BSE200.BSE_IDX,01/07/2025,12:53:50,11590.63,0,0,0,0,0,0
BSE200.BSE_IDX,01/07/2025,12:53:58,11590.79,0,0,0,0,0,0
BSE200.BSE_IDX,01/07/2025,12:54:06,11590.91,0,0,0,0,0,0
BSE200.BSE_IDX,01/07/2025,12:54:14,11590.5,0,0,0,0,0,0
