Ticker,Date,Time,LTP,BuyPrice,BuyQty,SellPrice,SellQty,LTQ,OpenInterest
BSE500.BSE_IDX,01/07/2025,09:00:07,37198.35,0,0,0,0,0,0
BSE500.BSE_IDX,01/07/2025,09:00:15,37183.46,0,0,0,0,0,0
BSE500.BSE_IDX,01/07/2025,09:00:23,37177.59,0,0,0,0,0,0
BSE500.BSE_IDX,01/07/2025,09:00:31,37191.77,0,0,0,0,0,0
BSE500.BSE_IDX,01/07/2025,09:00:39,37169.66,0,0,0,0,0,0
BSE500.BSE_IDX,01/07/2025,09:00:47,37137.23,0,0,0,0,0,0
BSE500.BSE_IDX,01/07/2025,09:00:55,37138.75,0,0,0,0,0,0
BSE500.BSE_IDX,01/07/2025,09:01:03,37143.4,0,0,0,0,0,0
BSE500.BSE_IDX,01/07/2025,09:01:11,37146.84,0,0,0,0,0,0
BSE500.BSE_IDX,01/07/2025,09:01:19,37161.83,0,0,0,0,0,0
BSE500.BSE_IDX,01/07/2025,09:01:27,37155.5,0,0,0,0,0,0
BSE500.BSE_IDX,01/07/2025,09:01:35,37136.6,0,0,0,0,0,0
BSE500.BSE_IDX,01/07/2025,09:01:43,37132.56,0,0,0,0,0,0
BSE500.BSE_IDX,01/07/2025,09:01:51,37110.51,0,0,0,0,0,0
BSE500.BSE_IDX,01/07/2025,09:01:59,37119.51,0,0,0,0,0,0
BSE500.BSE_IDX,01/07/2025,09:02:07,37122.92,0,0,0,0,0,0
BSE500.BSE_IDX,01/07/2025,09:02:15,37125.01,0,0,0,0,0,0
BSE500.BSE_IDX,01/07/2025,09:02:23,37120.04,0,0,0,0,0,0
BSE500.BSE_IDX,01/07/2025,09:02:31,37129.41,0,0,0,0,0,0
BSE500.BSE_IDX,01/07/2025,09:02:39,37132.83,0,0,0,0,0,0
BSE500.BSE_IDX,01/07/2025,09:02:47,37120.66,0,0,0,0,0,0
BSE500.BSE_IDX,01/07/2025,09:02:55,37121.33,0,0,0,0,0,0
BSE500.BSE_IDX,01/07/2025,09:03:03,37140.13,0,0,0,0,0,0
BSE500.BSE_IDX,01/07/2025,09:03:11,37136.29,0,0,0,0,0,0
BSE500.BSE_IDX,01/07/2025,09:03:19,37134.3,0,0,0,0,0,0
BSE500.BSE_IDX,01/07/2025,09:03:27,37126.9,0,0,0,0,0,0
BSE500.BSE_IDX,01/07/2025,09:03:35,37128.79,0,0,0,0,0,0
BSE500.BSE_IDX,01/07/2025,09:03:43,37125.53,0,0,0,0,0,0
BSE500.BSE_IDX,01/07/2025,09:03:51,37113.92,0,0,0,0,0,0
BSE500.BSE_IDX,01/07/2025,09:03:59,37099.85,0,0,0,0,0,0
BSE500.BSE_IDX,01/07/2025,09:04:07,37096.72,0,0,0,0,0,0
BSE500.BSE_IDX,01/07/2025,09:04:15,37092.48,0,0,0,0,0,0
BSE500.BSE_IDX,01/07/2025,09:04:23,37093.35,0,0,0,0,0,0
BSE500.BSE_IDX,01/07/2025,09:04:31,37093.64,0,0,0,0,0,0
BSE500.BSE_IDX,01/07/2025,09:04:39,37092.52,0,0,0,0,0,0
BSE500.BSE_IDX,01/07/2025,09:04:47,37085.37,0,0,0,0,0,0
BSE500.BSE_IDX,01/07/2025,09:04:55,37077.26,0,0,0,0,0,0
BSE500.BSE_IDX,01/07/2025,09:05:03,37077.67,0,0,0,0,0,0
BSE500.BSE_IDX,01/07/2025,09:05:11,37076.28,0,0,0,0,0,0
BSE500.BSE_IDX,01/07/2025,09:05:19,37088.16,0,0,0,0,0,0
BSE500.BSE_IDX,01/07/2025,09:05:27,37087.38,0,0,0,0,0,0
BSE500.BSE_IDX,01/07/2025,09:05:35,37090.02,0,0,0,0,0,0
BSE500.BSE_IDX,01/07/2025,09:05:43,37086.47,0,0,0,0,0,0
BSE500.BSE_IDX,01/07/2025,09:05:51,37089.63,0,0,0,0,0,0
BSE500.BSE_IDX,01/07/2025,09:05:59,37096.72,0,0,0,0,0,0
BSE500.BSE_IDX,01/07/2025,09:06:07,37095.64,0,0,0,0,0,0
BSE500.BSE_IDX,01/07/2025,09:06:15,37094.04,0,0,0,0,0,0
BSE500.BSE_IDX,01/07/2025,09:06:23,37100.5,0,0,0,0,0,0
BSE500.BSE_IDX,01/07/2025,09:06:31,37110.37,0,0,0,0,0,0
BSE500.BSE_IDX,01/07/2025,09:06:39,37111.09,0,0,0,0,0,0
BSE500.BSE_IDX,01/07/2025,09:06:47,37103.28,0,0,0,0,0,0
BSE500.BSE_IDX,01/07/2025,09:06:55,37108.03,0,0,0,0,0,0
BSE500.BSE_IDX,01/07/2025,09:07:04,37108.25,0,0,0,0,0,0
BSE500.BSE_IDX,01/07/2025,09:07:11,37108.25,0,0,0,0,0,0
BSE500.BSE_IDX,01/07/2025,09:07:19,37108.25,0,0,0,0,0,0
BSE500.BSE_IDX,01/07/2025,09:07:27,37108.25,0,0,0,0,0,0
BSE500.BSE_IDX,01/07/2025,09:07:35,37108.25,0,0,0,0,0,0
BSE500.BSE_IDX,01/07/2025,09:07:43,37108.25,0,0,0,0,0,0
BSE500.BSE_IDX,01/07/2025,09:07:51,37108.25,0,0,0,0,0,0
BSE500.BSE_IDX,01/07/2025,09:07:59,37108.25,0,0,0,0,0,0
BSE500.BSE_IDX,01/07/2025,09:08:07,37108.25,0,0,0,0,0,0
BSE500.BSE_IDX,01/07/2025,09:08:15,37108.25,0,0,0,0,0,0
BSE500.BSE_IDX,01/07/2025,09:08:23,37108.25,0,0,0,0,0,0
BSE500.BSE_IDX,01/07/2025,09:08:31,37108.25,0,0,0,0,0,0
BSE500.BSE_IDX,01/07/2025,09:08:39,37108.25,0,0,0,0,0,0
BSE500.BSE_IDX,01/07/2025,09:08:47,37108.25,0,0,0,0,0,0
BSE500.BSE_IDX,01/07/2025,09:08:55,37108.25,0,0,0,0,0,0
BSE500.BSE_IDX,01/07/2025,09:09:03,37107.15,0,0,0,0,0,0
BSE500.BSE_IDX,01/07/2025,09:09:11,37107.15,0,0,0,0,0,0
BSE500.BSE_IDX,01/07/2025,09:09:19,37107.15,0,0,0,0,0,0
BSE500.BSE_IDX,01/07/2025,09:09:27,37107.15,0,0,0,0,0,0
BSE500.BSE_IDX,01/07/2025,09:09:35,37107.15,0,0,0,0,0,0
BSE500.BSE_IDX,01/07/2025,09:09:43,37107.15,0,0,0,0,0,0
BSE500.BSE_IDX,01/07/2025,09:09:51,37107.15,0,0,0,0,0,0
BSE500.BSE_IDX,01/07/2025,09:09:59,37107.15,0,0,0,0,0,0
BSE500.BSE_IDX,01/07/2025,09:10:07,37107.15,0,0,0,0,0,0
BSE500.BSE_IDX,01/07/2025,09:10:15,37107.15,0,0,0,0,0,0
BSE500.BSE_IDX,01/07/2025,09:10:23,37107.15,0,0,0,0,0,0
BSE500.BSE_IDX,01/07/2025,09:10:31,37107.15,0,0,0,0,0,0
BSE500.BSE_IDX,01/07/2025,09:10:39,37107.15,0,0,0,0,0,0
BSE500.BSE_IDX,01/07/2025,09:10:47,37107.15,0,0,0,0,0,0
BSE500.BSE_IDX,01/07/2025,09:10:55,37107.15,0,0,0,0,0,0
BSE500.BSE_IDX,01/07/2025,09:11:03,37107.15,0,0,0,0,0,0
BSE500.BSE_IDX,01/07/2025,09:11:11,37107.15,0,0,0,0,0,0
BSE500.BSE_IDX,01/07/2025,09:11:19,37107.15,0,0,0,0,0,0
BSE500.BSE_IDX,01/07/2025,09:11:27,37107.15,0,0,0,0,0,0
BSE500.BSE_IDX,01/07/2025,09:11:35,37107.15,0,0,0,0,0,0
BSE500.BSE_IDX,01/07/2025,09:11:43,37107.15,0,0,0,0,0,0
BSE500.BSE_IDX,01/07/2025,09:11:51,37107.15,0,0,0,0,0,0
BSE500.BSE_IDX,01/07/2025,09:11:59,37107.15,0,0,0,0,0,0
BSE500.BSE_IDX,01/07/2025,09:12:07,37107.15,0,0,0,0,0,0
BSE500.BSE_IDX,01/07/2025,09:12:16,37107.15,0,0,0,0,0,0
BSE500.BSE_IDX,01/07/2025,09:12:23,37107.15,0,0,0,0,0,0
BSE500.BSE_IDX,01/07/2025,09:12:31,37107.15,0,0,0,0,0,0
BSE500.BSE_IDX,01/07/2025,09:12:39,37107.15,0,0,0,0,0,0
BSE500.BSE_IDX,01/07/2025,09:12:47,37107.15,0,0,0,0,0,0
BSE500.BSE_IDX,01/07/2025,09:12:55,37107.15,0,0,0,0,0,0
BSE500.BSE_IDX,01/07/2025,09:13:03,37107.15,0,0,0,0,0,0
BSE500.BSE_IDX,01/07/2025,09:13:11,37107.15,0,0,0,0,0,0
BSE500.BSE_IDX,01/07/2025,09:13:19,37107.15,0,0,0,0,0,0
BSE500.BSE_IDX,01/07/2025,09:13:27,37107.15,0,0,0,0,0,0
BSE500.BSE_IDX,01/07/2025,09:13:35,37107.15,0,0,0,0,0,0
BSE500.BSE_IDX,01/07/2025,09:13:43,37107.15,0,0,0,0,0,0
BSE500.BSE_IDX,01/07/2025,09:13:51,37107.15,0,0,0,0,0,0
BSE500.BSE_IDX,01/07/2025,09:13:59,37107.15,0,0,0,0,0,0
BSE500.BSE_IDX,01/07/2025,09:14:07,37107.15,0,0,0,0,0,0
BSE500.BSE_IDX,01/07/2025,09:14:15,37107.15,0,0,0,0,0,0
BSE500.BSE_IDX,01/07/2025,09:14:23,37107.15,0,0,0,0,0,0
BSE500.BSE_IDX,01/07/2025,09:14:31,37107.15,0,0,0,0,0,0
BSE500.BSE_IDX,01/07/2025,09:14:39,37107.15,0,0,0,0,0,0
BSE500.BSE_IDX,01/07/2025,09:14:47,37107.15,0,0,0,0,0,0
BSE500.BSE_IDX,01/07/2025,09:14:55,37107.15,0,0,0,0,0,0
BSE500.BSE_IDX,01/07/2025,09:15:04,37119.14,0,0,0,0,0,0
BSE500.BSE_IDX,01/07/2025,09:15:11,37123.2,0,0,0,0,0,0
BSE500.BSE_IDX,01/07/2025,09:15:19,37107.22,0,0,0,0,0,0
BSE500.BSE_IDX,01/07/2025,09:15:27,37089.73,0,0,0,0,0,0
BSE500.BSE_IDX,01/07/2025,09:15:35,37089.35,0,0,0,0,0,0
BSE500.BSE_IDX,01/07/2025,09:15:43,37087.46,0,0,0,0,0,0
BSE500.BSE_IDX,01/07/2025,09:15:51,37082.49,0,0,0,0,0,0
BSE500.BSE_IDX,01/07/2025,09:15:59,37075.92,0,0,0,0,0,0
BSE500.BSE_IDX,01/07/2025,09:16:07,37072.95,0,0,0,0,0,0
BSE500.BSE_IDX,01/07/2025,09:16:15,37081.54,0,0,0,0,0,0
BSE500.BSE_IDX,01/07/2025,09:16:24,37084.44,0,0,0,0,0,0
BSE500.BSE_IDX,01/07/2025,09:16:31,37081.34,0,0,0,0,0,0
BSE500.BSE_IDX,01/07/2025,09:16:39,37081.11,0,0,0,0,0,0
BSE500.BSE_IDX,01/07/2025,09:16:48,37076.15,0,0,0,0,0,0
BSE500.BSE_IDX,01/07/2025,09:16:55,37077.5,0,0,0,0,0,0
BSE500.BSE_IDX,01/07/2025,09:17:03,37080.18,0,0,0,0,0,0
BSE500.BSE_IDX,01/07/2025,09:17:12,37073.14,0,0,0,0,0,0
BSE500.BSE_IDX,01/07/2025,09:17:19,37073.59,0,0,0,0,0,0
BSE500.BSE_IDX,01/07/2025,09:17:27,37075.07,0,0,0,0,0,0
BSE500.BSE_IDX,01/07/2025,09:17:35,37078.62,0,0,0,0,0,0
BSE500.BSE_IDX,01/07/2025,09:17:44,37086.83,0,0,0,0,0,0
BSE500.BSE_IDX,01/07/2025,09:17:51,37090.09,0,0,0,0,0,0
BSE500.BSE_IDX,01/07/2025,09:17:59,37089.29,0,0,0,0,0,0
BSE500.BSE_IDX,01/07/2025,09:18:07,37093.57,0,0,0,0,0,0
BSE500.BSE_IDX,01/07/2025,09:18:15,37091.69,0,0,0,0,0,0
BSE500.BSE_IDX,01/07/2025,09:18:23,37090.73,0,0,0,0,0,0
BSE500.BSE_IDX,01/07/2025,09:18:31,37089.18,0,0,0,0,0,0
BSE500.BSE_IDX,01/07/2025,09:18:39,37092.13,0,0,0,0,0,0
BSE500.BSE_IDX,01/07/2025,09:18:47,37093.54,0,0,0,0,0,0
BSE500.BSE_IDX,01/07/2025,09:18:56,37094.42,0,0,0,0,0,0
BSE500.BSE_IDX,01/07/2025,09:19:03,37092.26,0,0,0,0,0,0
BSE500.BSE_IDX,01/07/2025,09:19:11,37088.1,0,0,0,0,0,0
BSE500.BSE_IDX,01/07/2025,09:19:19,37089.23,0,0,0,0,0,0
BSE500.BSE_IDX,01/07/2025,09:19:28,37087.11,0,0,0,0,0,0
BSE500.BSE_IDX,01/07/2025,09:19:35,37091.13,0,0,0,0,0,0
BSE500.BSE_IDX,01/07/2025,09:19:43,37088.51,0,0,0,0,0,0
BSE500.BSE_IDX,01/07/2025,09:19:52,37089.43,0,0,0,0,0,0
BSE500.BSE_IDX,01/07/2025,09:19:59,37087.9,0,0,0,0,0,0
BSE500.BSE_IDX,01/07/2025,09:20:07,37092.57,0,0,0,0,0,0
BSE500.BSE_IDX,01/07/2025,09:20:15,37095.89,0,0,0,0,0,0
BSE500.BSE_IDX,01/07/2025,09:20:24,37091.82,0,0,0,0,0,0
BSE500.BSE_IDX,01/07/2025,09:20:31,37094.57,0,0,0,0,0,0
BSE500.BSE_IDX,01/07/2025,09:20:39,37094.27,0,0,0,0,0,0
BSE500.BSE_IDX,01/07/2025,09:20:47,37093.23,0,0,0,0,0,0
BSE500.BSE_IDX,01/07/2025,09:20:55,37089.94,0,0,0,0,0,0
BSE500.BSE_IDX,01/07/2025,09:21:03,37090.47,0,0,0,0,0,0
BSE500.BSE_IDX,01/07/2025,09:21:11,37093.98,0,0,0,0,0,0
BSE500.BSE_IDX,01/07/2025,09:21:19,37103.61,0,0,0,0,0,0
BSE500.BSE_IDX,01/07/2025,09:21:27,37102.91,0,0,0,0,0,0
BSE500.BSE_IDX,01/07/2025,09:21:36,37104.71,0,0,0,0,0,0
BSE500.BSE_IDX,01/07/2025,09:21:43,37109,0,0,0,0,0,0
BSE500.BSE_IDX,01/07/2025,09:21:51,37111.74,0,0,0,0,0,0
BSE500.BSE_IDX,01/07/2025,09:21:59,37112.79,0,0,0,0,0,0
BSE500.BSE_IDX,01/07/2025,09:22:07,37111.79,0,0,0,0,0,0
BSE500.BSE_IDX,01/07/2025,09:22:15,37111.49,0,0,0,0,0,0
BSE500.BSE_IDX,01/07/2025,09:22:23,37118.01,0,0,0,0,0,0
BSE500.BSE_IDX,01/07/2025,09:22:31,37122.02,0,0,0,0,0,0
BSE500.BSE_IDX,01/07/2025,09:22:39,37122.5,0,0,0,0,0,0
BSE500.BSE_IDX,01/07/2025,09:22:47,37124.28,0,0,0,0,0,0
BSE500.BSE_IDX,01/07/2025,09:22:55,37124.47,0,0,0,0,0,0
BSE500.BSE_IDX,01/07/2025,09:23:03,37124.11,0,0,0,0,0,0
BSE500.BSE_IDX,01/07/2025,09:23:11,37121.41,0,0,0,0,0,0
BSE500.BSE_IDX,01/07/2025,09:23:19,37118.52,0,0,0,0,0,0
BSE500.BSE_IDX,01/07/2025,09:23:27,37115.75,0,0,0,0,0,0
BSE500.BSE_IDX,01/07/2025,09:23:35,37113.43,0,0,0,0,0,0
BSE500.BSE_IDX,01/07/2025,09:23:44,37112.19,0,0,0,0,0,0
BSE500.BSE_IDX,01/07/2025,09:23:51,37107.83,0,0,0,0,0,0
BSE500.BSE_IDX,01/07/2025,09:23:59,37106.55,0,0,0,0,0,0
BSE500.BSE_IDX,01/07/2025,09:24:08,37110.78,0,0,0,0,0,0
BSE500.BSE_IDX,01/07/2025,09:24:15,37110.77,0,0,0,0,0,0
BSE500.BSE_IDX,01/07/2025,09:24:23,37109.62,0,0,0,0,0,0
BSE500.BSE_IDX,01/07/2025,09:24:32,37107.91,0,0,0,0,0,0
BSE500.BSE_IDX,01/07/2025,09:24:39,37108.25,0,0,0,0,0,0
BSE500.BSE_IDX,01/07/2025,09:24:48,37110.42,0,0,0,0,0,0
BSE500.BSE_IDX,01/07/2025,09:24:57,37108.7,0,0,0,0,0,0
BSE500.BSE_IDX,01/07/2025,09:25:03,37109.26,0,0,0,0,0,0
BSE500.BSE_IDX,01/07/2025,09:25:12,37111.12,0,0,0,0,0,0
BSE500.BSE_IDX,01/07/2025,09:25:19,37112.93,0,0,0,0,0,0
BSE500.BSE_IDX,01/07/2025,09:25:29,37111.58,0,0,0,0,0,0
BSE500.BSE_IDX,01/07/2025,09:25:35,37117.88,0,0,0,0,0,0
BSE500.BSE_IDX,01/07/2025,09:25:43,37117.45,0,0,0,0,0,0
BSE500.BSE_IDX,01/07/2025,09:25:51,37117.14,0,0,0,0,0,0
BSE500.BSE_IDX,01/07/2025,09:25:59,37116.66,0,0,0,0,0,0
BSE500.BSE_IDX,01/07/2025,09:26:08,37112.78,0,0,0,0,0,0
BSE500.BSE_IDX,01/07/2025,09:26:15,37110.98,0,0,0,0,0,0
BSE500.BSE_IDX,01/07/2025,09:26:23,37113.89,0,0,0,0,0,0
BSE500.BSE_IDX,01/07/2025,09:26:31,37115.51,0,0,0,0,0,0
BSE500.BSE_IDX,01/07/2025,09:26:39,37116,0,0,0,0,0,0
BSE500.BSE_IDX,01/07/2025,09:26:48,37116.66,0,0,0,0,0,0
BSE500.BSE_IDX,01/07/2025,09:26:55,37120.17,0,0,0,0,0,0
BSE500.BSE_IDX,01/07/2025,09:27:04,37122.46,0,0,0,0,0,0
BSE500.BSE_IDX,01/07/2025,09:27:12,37119.78,0,0,0,0,0,0
BSE500.BSE_IDX,01/07/2025,09:27:19,37121.74,0,0,0,0,0,0
BSE500.BSE_IDX,01/07/2025,09:27:28,37119.55,0,0,0,0,0,0
BSE500.BSE_IDX,01/07/2025,09:27:36,37118.2,0,0,0,0,0,0
BSE500.BSE_IDX,01/07/2025,09:27:44,37117.25,0,0,0,0,0,0
BSE500.BSE_IDX,01/07/2025,09:27:51,37117.58,0,0,0,0,0,0
BSE500.BSE_IDX,01/07/2025,09:28:00,37121.84,0,0,0,0,0,0
BSE500.BSE_IDX,01/07/2025,09:28:08,37118.07,0,0,0,0,0,0
BSE500.BSE_IDX,01/07/2025,09:28:16,37115.59,0,0,0,0,0,0
BSE500.BSE_IDX,01/07/2025,09:28:24,37110.79,0,0,0,0,0,0
BSE500.BSE_IDX,01/07/2025,09:28:32,37108.26,0,0,0,0,0,0
BSE500.BSE_IDX,01/07/2025,09:28:40,37104.22,0,0,0,0,0,0
BSE500.BSE_IDX,01/07/2025,09:28:48,37103.94,0,0,0,0,0,0
BSE500.BSE_IDX,01/07/2025,09:28:56,37102.78,0,0,0,0,0,0
BSE500.BSE_IDX,01/07/2025,09:29:04,37104.38,0,0,0,0,0,0
BSE500.BSE_IDX,01/07/2025,09:29:12,37104.02,0,0,0,0,0,0
BSE500.BSE_IDX,01/07/2025,09:29:20,37100.04,0,0,0,0,0,0
BSE500.BSE_IDX,01/07/2025,09:29:28,37099.76,0,0,0,0,0,0
BSE500.BSE_IDX,01/07/2025,09:29:36,37100.2,0,0,0,0,0,0
BSE500.BSE_IDX,01/07/2025,09:29:44,37103.52,0,0,0,0,0,0
BSE500.BSE_IDX,01/07/2025,09:29:52,37103.77,0,0,0,0,0,0
BSE500.BSE_IDX,01/07/2025,09:30:00,37106.26,0,0,0,0,0,0
BSE500.BSE_IDX,01/07/2025,09:30:08,37111,0,0,0,0,0,0
BSE500.BSE_IDX,01/07/2025,09:30:16,37120.94,0,0,0,0,0,0
BSE500.BSE_IDX,01/07/2025,09:30:24,37123.22,0,0,0,0,0,0
BSE500.BSE_IDX,01/07/2025,09:30:32,37126.57,0,0,0,0,0,0
BSE500.BSE_IDX,01/07/2025,09:30:40,37128.37,0,0,0,0,0,0
BSE500.BSE_IDX,01/07/2025,09:30:48,37129.33,0,0,0,0,0,0
BSE500.BSE_IDX,01/07/2025,09:30:56,37124.14,0,0,0,0,0,0
BSE500.BSE_IDX,01/07/2025,09:31:04,37123.59,0,0,0,0,0,0
BSE500.BSE_IDX,01/07/2025,09:31:12,37117.25,0,0,0,0,0,0
BSE500.BSE_IDX,01/07/2025,09:31:20,37113.44,0,0,0,0,0,0
BSE500.BSE_IDX,01/07/2025,09:31:28,37111.9,0,0,0,0,0,0
BSE500.BSE_IDX,01/07/2025,09:31:36,37110.89,0,0,0,0,0,0
BSE500.BSE_IDX,01/07/2025,09:31:44,37108.04,0,0,0,0,0,0
BSE500.BSE_IDX,01/07/2025,09:31:52,37109.78,0,0,0,0,0,0
BSE500.BSE_IDX,01/07/2025,09:32:00,37112.1,0,0,0,0,0,0
BSE500.BSE_IDX,01/07/2025,09:32:08,37108.72,0,0,0,0,0,0
BSE500.BSE_IDX,01/07/2025,09:32:16,37107.25,0,0,0,0,0,0
BSE500.BSE_IDX,01/07/2025,09:32:24,37106.64,0,0,0,0,0,0
BSE500.BSE_IDX,01/07/2025,09:32:32,37108.88,0,0,0,0,0,0
BSE500.BSE_IDX,01/07/2025,09:32:40,37108.2,0,0,0,0,0,0
BSE500.BSE_IDX,01/07/2025,09:32:48,37110.94,0,0,0,0,0,0
BSE500.BSE_IDX,01/07/2025,09:32:56,37115.23,0,0,0,0,0,0
BSE500.BSE_IDX,01/07/2025,09:33:04,37118.41,0,0,0,0,0,0
BSE500.BSE_IDX,01/07/2025,09:33:12,37120.12,0,0,0,0,0,0
BSE500.BSE_IDX,01/07/2025,09:33:20,37121.83,0,0,0,0,0,0
BSE500.BSE_IDX,01/07/2025,09:33:28,37122.61,0,0,0,0,0,0
BSE500.BSE_IDX,01/07/2025,09:33:36,37121.88,0,0,0,0,0,0
BSE500.BSE_IDX,01/07/2025,09:33:44,37120.98,0,0,0,0,0,0
BSE500.BSE_IDX,01/07/2025,09:33:52,37121.26,0,0,0,0,0,0
BSE500.BSE_IDX,01/07/2025,09:34:00,37120.93,0,0,0,0,0,0
BSE500.BSE_IDX,01/07/2025,09:34:08,37119.49,0,0,0,0,0,0
BSE500.BSE_IDX,01/07/2025,09:34:16,37117.83,0,0,0,0,0,0
BSE500.BSE_IDX,01/07/2025,09:34:24,37119.17,0,0,0,0,0,0
BSE500.BSE_IDX,01/07/2025,09:34:32,37120.23,0,0,0,0,0,0
BSE500.BSE_IDX,01/07/2025,09:34:40,37122.01,0,0,0,0,0,0
BSE500.BSE_IDX,01/07/2025,09:34:48,37123.19,0,0,0,0,0,0
BSE500.BSE_IDX,01/07/2025,09:34:56,37123.45,0,0,0,0,0,0
BSE500.BSE_IDX,01/07/2025,09:35:05,37121.12,0,0,0,0,0,0
BSE500.BSE_IDX,01/07/2025,09:35:12,37120.14,0,0,0,0,0,0
BSE500.BSE_IDX,01/07/2025,09:35:20,37116.29,0,0,0,0,0,0
BSE500.BSE_IDX,01/07/2025,09:35:28,37115.5,0,0,0,0,0,0
BSE500.BSE_IDX,01/07/2025,09:35:36,37117.92,0,0,0,0,0,0
BSE500.BSE_IDX,01/07/2025,09:35:44,37118.09,0,0,0,0,0,0
BSE500.BSE_IDX,01/07/2025,09:35:52,37116.01,0,0,0,0,0,0
BSE500.BSE_IDX,01/07/2025,09:36:00,37117.08,0,0,0,0,0,0
BSE500.BSE_IDX,01/07/2025,09:36:08,37115.67,0,0,0,0,0,0
BSE500.BSE_IDX,01/07/2025,09:36:16,37114.54,0,0,0,0,0,0
BSE500.BSE_IDX,01/07/2025,09:36:24,37114.18,0,0,0,0,0,0
BSE500.BSE_IDX,01/07/2025,09:36:33,37113,0,0,0,0,0,0
BSE500.BSE_IDX,01/07/2025,09:36:40,37108.96,0,0,0,0,0,0
BSE500.BSE_IDX,01/07/2025,09:36:48,37114.3,0,0,0,0,0,0
BSE500.BSE_IDX,01/07/2025,09:36:56,37113.8,0,0,0,0,0,0
BSE500.BSE_IDX,01/07/2025,09:37:04,37115.9,0,0,0,0,0,0
BSE500.BSE_IDX,01/07/2025,09:37:12,37117,0,0,0,0,0,0
BSE500.BSE_IDX,01/07/2025,09:37:20,37116.12,0,0,0,0,0,0
BSE500.BSE_IDX,01/07/2025,09:37:28,37117.71,0,0,0,0,0,0
BSE500.BSE_IDX,01/07/2025,09:37:36,37116.56,0,0,0,0,0,0
BSE500.BSE_IDX,01/07/2025,09:37:44,37117.81,0,0,0,0,0,0
BSE500.BSE_IDX,01/07/2025,09:37:52,37117.07,0,0,0,0,0,0
BSE500.BSE_IDX,01/07/2025,09:38:00,37118.41,0,0,0,0,0,0
BSE500.BSE_IDX,01/07/2025,09:38:08,37115.91,0,0,0,0,0,0
BSE500.BSE_IDX,01/07/2025,09:38:16,37113.07,0,0,0,0,0,0
BSE500.BSE_IDX,01/07/2025,09:38:24,37113.69,0,0,0,0,0,0
BSE500.BSE_IDX,01/07/2025,09:38:32,37110.58,0,0,0,0,0,0
BSE500.BSE_IDX,01/07/2025,09:38:40,37106.3,0,0,0,0,0,0
BSE500.BSE_IDX,01/07/2025,09:38:48,37107.22,0,0,0,0,0,0
BSE500.BSE_IDX,01/07/2025,09:38:56,37106.18,0,0,0,0,0,0
BSE500.BSE_IDX,01/07/2025,09:39:04,37101.39,0,0,0,0,0,0
BSE500.BSE_IDX,01/07/2025,09:39:12,37104.9,0,0,0,0,0,0
BSE500.BSE_IDX,01/07/2025,09:39:20,37106.64,0,0,0,0,0,0
BSE500.BSE_IDX,01/07/2025,09:39:28,37106.68,0,0,0,0,0,0
BSE500.BSE_IDX,01/07/2025,09:39:36,37108.12,0,0,0,0,0,0
BSE500.BSE_IDX,01/07/2025,09:39:44,37110.23,0,0,0,0,0,0
BSE500.BSE_IDX,01/07/2025,09:39:52,37111.43,0,0,0,0,0,0
BSE500.BSE_IDX,01/07/2025,09:40:00,37112.17,0,0,0,0,0,0
BSE500.BSE_IDX,01/07/2025,09:40:08,37114.3,0,0,0,0,0,0
BSE500.BSE_IDX,01/07/2025,09:40:16,37115.21,0,0,0,0,0,0
BSE500.BSE_IDX,01/07/2025,09:40:24,37116.48,0,0,0,0,0,0
BSE500.BSE_IDX,01/07/2025,09:40:32,37111.12,0,0,0,0,0,0
BSE500.BSE_IDX,01/07/2025,09:40:40,37110.63,0,0,0,0,0,0
BSE500.BSE_IDX,01/07/2025,09:40:48,37110.55,0,0,0,0,0,0
BSE500.BSE_IDX,01/07/2025,09:40:56,37109.86,0,0,0,0,0,0
BSE500.BSE_IDX,01/07/2025,09:41:04,37106.98,0,0,0,0,0,0
BSE500.BSE_IDX,01/07/2025,09:41:12,37108.58,0,0,0,0,0,0
BSE500.BSE_IDX,01/07/2025,09:41:20,37110.74,0,0,0,0,0,0
BSE500.BSE_IDX,01/07/2025,09:41:28,37112.31,0,0,0,0,0,0
BSE500.BSE_IDX,01/07/2025,09:41:36,37113.65,0,0,0,0,0,0
BSE500.BSE_IDX,01/07/2025,09:41:44,37110.77,0,0,0,0,0,0
BSE500.BSE_IDX,01/07/2025,09:41:52,37110.99,0,0,0,0,0,0
BSE500.BSE_IDX,01/07/2025,09:42:00,37113,0,0,0,0,0,0
BSE500.BSE_IDX,01/07/2025,09:42:08,37115.22,0,0,0,0,0,0
BSE500.BSE_IDX,01/07/2025,09:42:16,37114.37,0,0,0,0,0,0
BSE500.BSE_IDX,01/07/2025,09:42:24,37111.84,0,0,0,0,0,0
BSE500.BSE_IDX,01/07/2025,09:42:32,37111.54,0,0,0,0,0,0
BSE500.BSE_IDX,01/07/2025,09:42:40,37111.22,0,0,0,0,0,0
BSE500.BSE_IDX,01/07/2025,09:42:48,37113.89,0,0,0,0,0,0
BSE500.BSE_IDX,01/07/2025,09:42:56,37118.05,0,0,0,0,0,0
BSE500.BSE_IDX,01/07/2025,09:43:04,37115.82,0,0,0,0,0,0
BSE500.BSE_IDX,01/07/2025,09:43:12,37114.05,0,0,0,0,0,0
BSE500.BSE_IDX,01/07/2025,09:43:20,37112.87,0,0,0,0,0,0
BSE500.BSE_IDX,01/07/2025,09:43:28,37114.39,0,0,0,0,0,0
BSE500.BSE_IDX,01/07/2025,09:43:36,37113.7,0,0,0,0,0,0
BSE500.BSE_IDX,01/07/2025,09:43:44,37112.76,0,0,0,0,0,0
BSE500.BSE_IDX,01/07/2025,09:43:53,37111.84,0,0,0,0,0,0
BSE500.BSE_IDX,01/07/2025,09:44:00,37111.97,0,0,0,0,0,0
BSE500.BSE_IDX,01/07/2025,09:44:08,37111.51,0,0,0,0,0,0
BSE500.BSE_IDX,01/07/2025,09:44:16,37110.55,0,0,0,0,0,0
BSE500.BSE_IDX,01/07/2025,09:44:24,37112.66,0,0,0,0,0,0
BSE500.BSE_IDX,01/07/2025,09:44:32,37112.95,0,0,0,0,0,0
BSE500.BSE_IDX,01/07/2025,09:44:40,37111.78,0,0,0,0,0,0
BSE500.BSE_IDX,01/07/2025,09:44:48,37110.19,0,0,0,0,0,0
BSE500.BSE_IDX,01/07/2025,09:44:56,37107.87,0,0,0,0,0,0
BSE500.BSE_IDX,01/07/2025,09:45:05,37104.65,0,0,0,0,0,0
BSE500.BSE_IDX,01/07/2025,09:45:12,37099.88,0,0,0,0,0,0
BSE500.BSE_IDX,01/07/2025,09:45:20,37097.44,0,0,0,0,0,0
BSE500.BSE_IDX,01/07/2025,09:45:28,37099.65,0,0,0,0,0,0
BSE500.BSE_IDX,01/07/2025,09:45:36,37096.2,0,0,0,0,0,0
BSE500.BSE_IDX,01/07/2025,09:45:44,37091.69,0,0,0,0,0,0
BSE500.BSE_IDX,01/07/2025,09:45:52,37092.72,0,0,0,0,0,0
BSE500.BSE_IDX,01/07/2025,09:46:01,37091.94,0,0,0,0,0,0
BSE500.BSE_IDX,01/07/2025,09:46:08,37087.04,0,0,0,0,0,0
BSE500.BSE_IDX,01/07/2025,09:46:16,37088.05,0,0,0,0,0,0
BSE500.BSE_IDX,01/07/2025,09:46:24,37089.29,0,0,0,0,0,0
BSE500.BSE_IDX,01/07/2025,09:46:32,37090.29,0,0,0,0,0,0
BSE500.BSE_IDX,01/07/2025,09:46:40,37091.47,0,0,0,0,0,0
BSE500.BSE_IDX,01/07/2025,09:46:48,37090.7,0,0,0,0,0,0
BSE500.BSE_IDX,01/07/2025,09:46:56,37091.49,0,0,0,0,0,0
BSE500.BSE_IDX,01/07/2025,09:47:04,37090.38,0,0,0,0,0,0
BSE500.BSE_IDX,01/07/2025,09:47:12,37091.88,0,0,0,0,0,0
BSE500.BSE_IDX,01/07/2025,09:47:20,37090.25,0,0,0,0,0,0
BSE500.BSE_IDX,01/07/2025,09:47:28,37089.34,0,0,0,0,0,0
BSE500.BSE_IDX,01/07/2025,09:47:36,37087.88,0,0,0,0,0,0
BSE500.BSE_IDX,01/07/2025,09:47:44,37088.32,0,0,0,0,0,0
BSE500.BSE_IDX,01/07/2025,09:47:52,37093.73,0,0,0,0,0,0
BSE500.BSE_IDX,01/07/2025,09:48:00,37096.81,0,0,0,0,0,0
BSE500.BSE_IDX,01/07/2025,09:48:08,37097.69,0,0,0,0,0,0
BSE500.BSE_IDX,01/07/2025,09:48:16,37102.09,0,0,0,0,0,0
BSE500.BSE_IDX,01/07/2025,09:48:24,37106.79,0,0,0,0,0,0
BSE500.BSE_IDX,01/07/2025,09:48:32,37109.92,0,0,0,0,0,0
BSE500.BSE_IDX,01/07/2025,09:48:40,37107.18,0,0,0,0,0,0
BSE500.BSE_IDX,01/07/2025,09:48:48,37106.39,0,0,0,0,0,0
BSE500.BSE_IDX,01/07/2025,09:48:56,37107.26,0,0,0,0,0,0
BSE500.BSE_IDX,01/07/2025,09:49:04,37109.89,0,0,0,0,0,0
BSE500.BSE_IDX,01/07/2025,09:49:12,37110.52,0,0,0,0,0,0
BSE500.BSE_IDX,01/07/2025,09:49:20,37110.23,0,0,0,0,0,0
BSE500.BSE_IDX,01/07/2025,09:49:28,37111.86,0,0,0,0,0,0
BSE500.BSE_IDX,01/07/2025,09:49:36,37112.65,0,0,0,0,0,0
BSE500.BSE_IDX,01/07/2025,09:49:44,37114.5,0,0,0,0,0,0
BSE500.BSE_IDX,01/07/2025,09:49:52,37115.89,0,0,0,0,0,0
BSE500.BSE_IDX,01/07/2025,09:50:00,37115.34,0,0,0,0,0,0
BSE500.BSE_IDX,01/07/2025,09:50:08,37116.61,0,0,0,0,0,0
BSE500.BSE_IDX,01/07/2025,09:50:16,37117.31,0,0,0,0,0,0
BSE500.BSE_IDX,01/07/2025,09:50:24,37118.16,0,0,0,0,0,0
BSE500.BSE_IDX,01/07/2025,09:50:32,37114.13,0,0,0,0,0,0
BSE500.BSE_IDX,01/07/2025,09:50:40,37109.28,0,0,0,0,0,0
BSE500.BSE_IDX,01/07/2025,09:50:48,37109.95,0,0,0,0,0,0
BSE500.BSE_IDX,01/07/2025,09:50:57,37108.3,0,0,0,0,0,0
BSE500.BSE_IDX,01/07/2025,09:51:04,37107.61,0,0,0,0,0,0
BSE500.BSE_IDX,01/07/2025,09:51:12,37110.81,0,0,0,0,0,0
BSE500.BSE_IDX,01/07/2025,09:51:20,37109.66,0,0,0,0,0,0
BSE500.BSE_IDX,01/07/2025,09:51:28,37105.8,0,0,0,0,0,0
BSE500.BSE_IDX,01/07/2025,09:51:37,37101,0,0,0,0,0,0
BSE500.BSE_IDX,01/07/2025,09:51:44,37103.66,0,0,0,0,0,0
BSE500.BSE_IDX,01/07/2025,09:51:52,37100.29,0,0,0,0,0,0
BSE500.BSE_IDX,01/07/2025,09:52:01,37097.63,0,0,0,0,0,0
BSE500.BSE_IDX,01/07/2025,09:52:08,37093.1,0,0,0,0,0,0
BSE500.BSE_IDX,01/07/2025,09:52:17,37087.07,0,0,0,0,0,0
BSE500.BSE_IDX,01/07/2025,09:52:24,37084.97,0,0,0,0,0,0
BSE500.BSE_IDX,01/07/2025,09:52:32,37088.38,0,0,0,0,0,0
BSE500.BSE_IDX,01/07/2025,09:52:40,37087.83,0,0,0,0,0,0
BSE500.BSE_IDX,01/07/2025,09:52:48,37089.48,0,0,0,0,0,0
BSE500.BSE_IDX,01/07/2025,09:52:57,37089.02,0,0,0,0,0,0
BSE500.BSE_IDX,01/07/2025,09:53:04,37089,0,0,0,0,0,0
BSE500.BSE_IDX,01/07/2025,09:53:13,37090.18,0,0,0,0,0,0
BSE500.BSE_IDX,01/07/2025,09:53:20,37092.16,0,0,0,0,0,0
BSE500.BSE_IDX,01/07/2025,09:53:28,37092.87,0,0,0,0,0,0
BSE500.BSE_IDX,01/07/2025,09:53:36,37092.86,0,0,0,0,0,0
BSE500.BSE_IDX,01/07/2025,09:53:44,37090.64,0,0,0,0,0,0
BSE500.BSE_IDX,01/07/2025,09:53:52,37090.01,0,0,0,0,0,0
BSE500.BSE_IDX,01/07/2025,09:54:00,37084.71,0,0,0,0,0,0
BSE500.BSE_IDX,01/07/2025,09:54:08,37080.04,0,0,0,0,0,0
BSE500.BSE_IDX,01/07/2025,09:54:16,37079.56,0,0,0,0,0,0
BSE500.BSE_IDX,01/07/2025,09:54:24,37075.88,0,0,0,0,0,0
BSE500.BSE_IDX,01/07/2025,09:54:32,37074.56,0,0,0,0,0,0
BSE500.BSE_IDX,01/07/2025,09:54:40,37072.99,0,0,0,0,0,0
BSE500.BSE_IDX,01/07/2025,09:54:48,37073.58,0,0,0,0,0,0
BSE500.BSE_IDX,01/07/2025,09:54:56,37073.07,0,0,0,0,0,0
BSE500.BSE_IDX,01/07/2025,09:55:04,37070.37,0,0,0,0,0,0
BSE500.BSE_IDX,01/07/2025,09:55:12,37071.11,0,0,0,0,0,0
BSE500.BSE_IDX,01/07/2025,09:55:20,37069.59,0,0,0,0,0,0
BSE500.BSE_IDX,01/07/2025,09:55:28,37069.56,0,0,0,0,0,0
BSE500.BSE_IDX,01/07/2025,09:55:36,37069.73,0,0,0,0,0,0
BSE500.BSE_IDX,01/07/2025,09:55:44,37066.71,0,0,0,0,0,0
BSE500.BSE_IDX,01/07/2025,09:55:52,37064.63,0,0,0,0,0,0
BSE500.BSE_IDX,01/07/2025,09:56:00,37064.61,0,0,0,0,0,0
BSE500.BSE_IDX,01/07/2025,09:56:08,37064.18,0,0,0,0,0,0
BSE500.BSE_IDX,01/07/2025,09:56:16,37064.31,0,0,0,0,0,0
BSE500.BSE_IDX,01/07/2025,09:56:25,37065,0,0,0,0,0,0
BSE500.BSE_IDX,01/07/2025,09:56:32,37063.31,0,0,0,0,0,0
BSE500.BSE_IDX,01/07/2025,09:56:41,37063.01,0,0,0,0,0,0
BSE500.BSE_IDX,01/07/2025,09:56:48,37064.76,0,0,0,0,0,0
BSE500.BSE_IDX,01/07/2025,09:56:57,37063.34,0,0,0,0,0,0
BSE500.BSE_IDX,01/07/2025,09:57:04,37063.55,0,0,0,0,0,0
BSE500.BSE_IDX,01/07/2025,09:57:12,37065.66,0,0,0,0,0,0
BSE500.BSE_IDX,01/07/2025,09:57:20,37068.36,0,0,0,0,0,0
BSE500.BSE_IDX,01/07/2025,09:57:28,37069.35,0,0,0,0,0,0
BSE500.BSE_IDX,01/07/2025,09:57:36,37067.59,0,0,0,0,0,0
BSE500.BSE_IDX,01/07/2025,09:57:44,37070.81,0,0,0,0,0,0
BSE500.BSE_IDX,01/07/2025,09:57:52,37070.28,0,0,0,0,0,0
BSE500.BSE_IDX,01/07/2025,09:58:00,37069.58,0,0,0,0,0,0
BSE500.BSE_IDX,01/07/2025,09:58:08,37070.71,0,0,0,0,0,0
BSE500.BSE_IDX,01/07/2025,09:58:16,37072.71,0,0,0,0,0,0
BSE500.BSE_IDX,01/07/2025,09:58:24,37070.1,0,0,0,0,0,0
BSE500.BSE_IDX,01/07/2025,09:58:32,37072.89,0,0,0,0,0,0
BSE500.BSE_IDX,01/07/2025,09:58:40,37076.1,0,0,0,0,0,0
BSE500.BSE_IDX,01/07/2025,09:58:48,37077.64,0,0,0,0,0,0
BSE500.BSE_IDX,01/07/2025,09:58:56,37080.26,0,0,0,0,0,0
BSE500.BSE_IDX,01/07/2025,09:59:05,37083.27,0,0,0,0,0,0
BSE500.BSE_IDX,01/07/2025,09:59:12,37082.32,0,0,0,0,0,0
BSE500.BSE_IDX,01/07/2025,09:59:20,37083.88,0,0,0,0,0,0
BSE500.BSE_IDX,01/07/2025,09:59:28,37085.42,0,0,0,0,0,0
BSE500.BSE_IDX,01/07/2025,09:59:36,37085.37,0,0,0,0,0,0
BSE500.BSE_IDX,01/07/2025,09:59:45,37085.84,0,0,0,0,0,0
BSE500.BSE_IDX,01/07/2025,09:59:52,37085.9,0,0,0,0,0,0
BSE500.BSE_IDX,01/07/2025,10:00:00,37085.51,0,0,0,0,0,0
BSE500.BSE_IDX,01/07/2025,10:00:08,37090.85,0,0,0,0,0,0
BSE500.BSE_IDX,01/07/2025,10:00:16,37092.36,0,0,0,0,0,0
BSE500.BSE_IDX,01/07/2025,10:00:24,37090.01,0,0,0,0,0,0
BSE500.BSE_IDX,01/07/2025,10:00:32,37088.93,0,0,0,0,0,0
BSE500.BSE_IDX,01/07/2025,10:00:40,37088.64,0,0,0,0,0,0
BSE500.BSE_IDX,01/07/2025,10:00:48,37087.93,0,0,0,0,0,0
BSE500.BSE_IDX,01/07/2025,10:00:56,37087.86,0,0,0,0,0,0
BSE500.BSE_IDX,01/07/2025,10:01:04,37083.32,0,0,0,0,0,0
BSE500.BSE_IDX,01/07/2025,10:01:12,37077.86,0,0,0,0,0,0
BSE500.BSE_IDX,01/07/2025,10:01:21,37077.82,0,0,0,0,0,0
BSE500.BSE_IDX,01/07/2025,10:01:28,37076.07,0,0,0,0,0,0
BSE500.BSE_IDX,01/07/2025,10:01:36,37074.99,0,0,0,0,0,0
BSE500.BSE_IDX,01/07/2025,10:01:44,37074.9,0,0,0,0,0,0
BSE500.BSE_IDX,01/07/2025,10:01:52,37072.07,0,0,0,0,0,0
BSE500.BSE_IDX,01/07/2025,10:02:00,37070.88,0,0,0,0,0,0
BSE500.BSE_IDX,01/07/2025,10:02:08,37070.67,0,0,0,0,0,0
BSE500.BSE_IDX,01/07/2025,10:02:16,37069.43,0,0,0,0,0,0
BSE500.BSE_IDX,01/07/2025,10:02:24,37069.66,0,0,0,0,0,0
BSE500.BSE_IDX,01/07/2025,10:02:32,37065.43,0,0,0,0,0,0
BSE500.BSE_IDX,01/07/2025,10:02:41,37065.67,0,0,0,0,0,0
BSE500.BSE_IDX,01/07/2025,10:02:49,37066.17,0,0,0,0,0,0
BSE500.BSE_IDX,01/07/2025,10:02:56,37063.72,0,0,0,0,0,0
BSE500.BSE_IDX,01/07/2025,10:03:04,37061.07,0,0,0,0,0,0
BSE500.BSE_IDX,01/07/2025,10:03:13,37057.09,0,0,0,0,0,0
BSE500.BSE_IDX,01/07/2025,10:03:20,37051.19,0,0,0,0,0,0
BSE500.BSE_IDX,01/07/2025,10:03:29,37049.56,0,0,0,0,0,0
BSE500.BSE_IDX,01/07/2025,10:03:37,37051.41,0,0,0,0,0,0
BSE500.BSE_IDX,01/07/2025,10:03:45,37051.57,0,0,0,0,0,0
BSE500.BSE_IDX,01/07/2025,10:03:53,37052.37,0,0,0,0,0,0
BSE500.BSE_IDX,01/07/2025,10:04:01,37053.61,0,0,0,0,0,0
BSE500.BSE_IDX,01/07/2025,10:04:09,37053.39,0,0,0,0,0,0
BSE500.BSE_IDX,01/07/2025,10:04:17,37052.33,0,0,0,0,0,0
BSE500.BSE_IDX,01/07/2025,10:04:25,37051.46,0,0,0,0,0,0
BSE500.BSE_IDX,01/07/2025,10:04:33,37058.05,0,0,0,0,0,0
BSE500.BSE_IDX,01/07/2025,10:04:41,37061.11,0,0,0,0,0,0
BSE500.BSE_IDX,01/07/2025,10:04:50,37062.16,0,0,0,0,0,0
BSE500.BSE_IDX,01/07/2025,10:04:57,37062.11,0,0,0,0,0,0
BSE500.BSE_IDX,01/07/2025,10:05:05,37055.43,0,0,0,0,0,0
BSE500.BSE_IDX,01/07/2025,10:05:14,37053.55,0,0,0,0,0,0
BSE500.BSE_IDX,01/07/2025,10:05:21,37050.51,0,0,0,0,0,0
BSE500.BSE_IDX,01/07/2025,10:05:29,37043.21,0,0,0,0,0,0
BSE500.BSE_IDX,01/07/2025,10:05:37,37041.53,0,0,0,0,0,0
BSE500.BSE_IDX,01/07/2025,10:05:45,37048.43,0,0,0,0,0,0
BSE500.BSE_IDX,01/07/2025,10:05:53,37051.6,0,0,0,0,0,0
BSE500.BSE_IDX,01/07/2025,10:06:01,37051.81,0,0,0,0,0,0
BSE500.BSE_IDX,01/07/2025,10:06:09,37053.61,0,0,0,0,0,0
BSE500.BSE_IDX,01/07/2025,10:06:17,37055.77,0,0,0,0,0,0
BSE500.BSE_IDX,01/07/2025,10:06:25,37057.52,0,0,0,0,0,0
BSE500.BSE_IDX,01/07/2025,10:06:33,37058.88,0,0,0,0,0,0
BSE500.BSE_IDX,01/07/2025,10:06:41,37059.62,0,0,0,0,0,0
BSE500.BSE_IDX,01/07/2025,10:06:49,37059.28,0,0,0,0,0,0
BSE500.BSE_IDX,01/07/2025,10:06:57,37059.7,0,0,0,0,0,0
BSE500.BSE_IDX,01/07/2025,10:07:05,37062.5,0,0,0,0,0,0
BSE500.BSE_IDX,01/07/2025,10:07:13,37063.28,0,0,0,0,0,0
BSE500.BSE_IDX,01/07/2025,10:07:21,37063.85,0,0,0,0,0,0
BSE500.BSE_IDX,01/07/2025,10:07:29,37065.63,0,0,0,0,0,0
BSE500.BSE_IDX,01/07/2025,10:07:37,37067.88,0,0,0,0,0,0
BSE500.BSE_IDX,01/07/2025,10:07:45,37069.3,0,0,0,0,0,0
BSE500.BSE_IDX,01/07/2025,10:07:53,37069.29,0,0,0,0,0,0
BSE500.BSE_IDX,01/07/2025,10:08:01,37069.84,0,0,0,0,0,0
BSE500.BSE_IDX,01/07/2025,10:08:09,37070.19,0,0,0,0,0,0
BSE500.BSE_IDX,01/07/2025,10:08:17,37072.85,0,0,0,0,0,0
BSE500.BSE_IDX,01/07/2025,10:08:25,37073.39,0,0,0,0,0,0
BSE500.BSE_IDX,01/07/2025,10:08:33,37072.33,0,0,0,0,0,0
BSE500.BSE_IDX,01/07/2025,10:08:41,37070.09,0,0,0,0,0,0
BSE500.BSE_IDX,01/07/2025,10:08:49,37069.61,0,0,0,0,0,0
BSE500.BSE_IDX,01/07/2025,10:08:57,37066.89,0,0,0,0,0,0
BSE500.BSE_IDX,01/07/2025,10:09:05,37059.81,0,0,0,0,0,0
BSE500.BSE_IDX,01/07/2025,10:09:13,37058.59,0,0,0,0,0,0
BSE500.BSE_IDX,01/07/2025,10:09:21,37055.94,0,0,0,0,0,0
BSE500.BSE_IDX,01/07/2025,10:09:29,37054.84,0,0,0,0,0,0
BSE500.BSE_IDX,01/07/2025,10:09:37,37058.09,0,0,0,0,0,0
BSE500.BSE_IDX,01/07/2025,10:09:45,37058.29,0,0,0,0,0,0
BSE500.BSE_IDX,01/07/2025,10:09:53,37058.86,0,0,0,0,0,0
BSE500.BSE_IDX,01/07/2025,10:10:01,37061.64,0,0,0,0,0,0
BSE500.BSE_IDX,01/07/2025,10:10:09,37060.22,0,0,0,0,0,0
BSE500.BSE_IDX,01/07/2025,10:10:17,37060.29,0,0,0,0,0,0
BSE500.BSE_IDX,01/07/2025,10:10:25,37060.37,0,0,0,0,0,0
BSE500.BSE_IDX,01/07/2025,10:10:33,37061.29,0,0,0,0,0,0
BSE500.BSE_IDX,01/07/2025,10:10:41,37060.26,0,0,0,0,0,0
BSE500.BSE_IDX,01/07/2025,10:10:49,37060.46,0,0,0,0,0,0
BSE500.BSE_IDX,01/07/2025,10:10:57,37059.4,0,0,0,0,0,0
BSE500.BSE_IDX,01/07/2025,10:11:05,37058.71,0,0,0,0,0,0
BSE500.BSE_IDX,01/07/2025,10:11:13,37056.63,0,0,0,0,0,0
BSE500.BSE_IDX,01/07/2025,10:11:22,37055.92,0,0,0,0,0,0
BSE500.BSE_IDX,01/07/2025,10:11:29,37052.21,0,0,0,0,0,0
BSE500.BSE_IDX,01/07/2025,10:11:37,37051.84,0,0,0,0,0,0
BSE500.BSE_IDX,01/07/2025,10:11:45,37050.93,0,0,0,0,0,0
BSE500.BSE_IDX,01/07/2025,10:11:53,37052.41,0,0,0,0,0,0
BSE500.BSE_IDX,01/07/2025,10:12:01,37056.28,0,0,0,0,0,0
BSE500.BSE_IDX,01/07/2025,10:12:09,37056.41,0,0,0,0,0,0
BSE500.BSE_IDX,01/07/2025,10:12:17,37051.28,0,0,0,0,0,0
BSE500.BSE_IDX,01/07/2025,10:12:25,37048.6,0,0,0,0,0,0
BSE500.BSE_IDX,01/07/2025,10:12:33,37046.81,0,0,0,0,0,0
BSE500.BSE_IDX,01/07/2025,10:12:41,37045,0,0,0,0,0,0
BSE500.BSE_IDX,01/07/2025,10:12:49,37041.18,0,0,0,0,0,0
BSE500.BSE_IDX,01/07/2025,10:12:57,37033.12,0,0,0,0,0,0
BSE500.BSE_IDX,01/07/2025,10:13:05,37031.37,0,0,0,0,0,0
BSE500.BSE_IDX,01/07/2025,10:13:13,37032.39,0,0,0,0,0,0
BSE500.BSE_IDX,01/07/2025,10:13:21,37037.79,0,0,0,0,0,0
BSE500.BSE_IDX,01/07/2025,10:13:29,37037.49,0,0,0,0,0,0
BSE500.BSE_IDX,01/07/2025,10:13:37,37036.8,0,0,0,0,0,0
BSE500.BSE_IDX,01/07/2025,10:13:45,37035.71,0,0,0,0,0,0
BSE500.BSE_IDX,01/07/2025,10:13:53,37034.42,0,0,0,0,0,0
BSE500.BSE_IDX,01/07/2025,10:14:01,37028.88,0,0,0,0,0,0
BSE500.BSE_IDX,01/07/2025,10:14:09,37027.94,0,0,0,0,0,0
BSE500.BSE_IDX,01/07/2025,10:14:17,37028.62,0,0,0,0,0,0
BSE500.BSE_IDX,01/07/2025,10:14:25,37026.99,0,0,0,0,0,0
BSE500.BSE_IDX,01/07/2025,10:14:33,37027.57,0,0,0,0,0,0
BSE500.BSE_IDX,01/07/2025,10:14:41,37023.49,0,0,0,0,0,0
BSE500.BSE_IDX,01/07/2025,10:14:49,37023.16,0,0,0,0,0,0
BSE500.BSE_IDX,01/07/2025,10:14:57,37023.77,0,0,0,0,0,0
BSE500.BSE_IDX,01/07/2025,10:15:05,37020.69,0,0,0,0,0,0
BSE500.BSE_IDX,01/07/2025,10:15:13,37017.9,0,0,0,0,0,0
BSE500.BSE_IDX,01/07/2025,10:15:21,37017.89,0,0,0,0,0,0
BSE500.BSE_IDX,01/07/2025,10:15:29,37014.52,0,0,0,0,0,0
BSE500.BSE_IDX,01/07/2025,10:15:37,37017.7,0,0,0,0,0,0
BSE500.BSE_IDX,01/07/2025,10:15:45,37020.38,0,0,0,0,0,0
BSE500.BSE_IDX,01/07/2025,10:15:53,37020.92,0,0,0,0,0,0
BSE500.BSE_IDX,01/07/2025,10:16:01,37019.77,0,0,0,0,0,0
BSE500.BSE_IDX,01/07/2025,10:16:09,37022.85,0,0,0,0,0,0
BSE500.BSE_IDX,01/07/2025,10:16:17,37022.43,0,0,0,0,0,0
BSE500.BSE_IDX,01/07/2025,10:16:25,37024.08,0,0,0,0,0,0
BSE500.BSE_IDX,01/07/2025,10:16:33,37023.26,0,0,0,0,0,0
BSE500.BSE_IDX,01/07/2025,10:16:41,37022.9,0,0,0,0,0,0
BSE500.BSE_IDX,01/07/2025,10:16:49,37022.93,0,0,0,0,0,0
BSE500.BSE_IDX,01/07/2025,10:16:57,37023,0,0,0,0,0,0
BSE500.BSE_IDX,01/07/2025,10:17:05,37023.78,0,0,0,0,0,0
BSE500.BSE_IDX,01/07/2025,10:17:13,37022.76,0,0,0,0,0,0
BSE500.BSE_IDX,01/07/2025,10:17:21,37026.72,0,0,0,0,0,0
BSE500.BSE_IDX,01/07/2025,10:17:29,37026.35,0,0,0,0,0,0
BSE500.BSE_IDX,01/07/2025,10:17:37,37029.74,0,0,0,0,0,0
BSE500.BSE_IDX,01/07/2025,10:17:45,37032.42,0,0,0,0,0,0
BSE500.BSE_IDX,01/07/2025,10:17:53,37035.46,0,0,0,0,0,0
BSE500.BSE_IDX,01/07/2025,10:18:01,37036.42,0,0,0,0,0,0
BSE500.BSE_IDX,01/07/2025,10:18:09,37038.18,0,0,0,0,0,0
BSE500.BSE_IDX,01/07/2025,10:18:17,37040.91,0,0,0,0,0,0
BSE500.BSE_IDX,01/07/2025,10:18:25,37041.55,0,0,0,0,0,0
BSE500.BSE_IDX,01/07/2025,10:18:33,37040.47,0,0,0,0,0,0
BSE500.BSE_IDX,01/07/2025,10:18:41,37039.06,0,0,0,0,0,0
BSE500.BSE_IDX,01/07/2025,10:18:49,37037.39,0,0,0,0,0,0
BSE500.BSE_IDX,01/07/2025,10:18:57,37035.88,0,0,0,0,0,0
BSE500.BSE_IDX,01/07/2025,10:19:05,37032.12,0,0,0,0,0,0
BSE500.BSE_IDX,01/07/2025,10:19:13,37032.95,0,0,0,0,0,0
BSE500.BSE_IDX,01/07/2025,10:19:21,37034.75,0,0,0,0,0,0
BSE500.BSE_IDX,01/07/2025,10:19:29,37035.91,0,0,0,0,0,0
BSE500.BSE_IDX,01/07/2025,10:19:37,37032.52,0,0,0,0,0,0
BSE500.BSE_IDX,01/07/2025,10:19:45,37034,0,0,0,0,0,0
BSE500.BSE_IDX,01/07/2025,10:19:53,37030.21,0,0,0,0,0,0
BSE500.BSE_IDX,01/07/2025,10:20:01,37030.43,0,0,0,0,0,0
BSE500.BSE_IDX,01/07/2025,10:20:09,37032.04,0,0,0,0,0,0
BSE500.BSE_IDX,01/07/2025,10:20:17,37032.7,0,0,0,0,0,0
BSE500.BSE_IDX,01/07/2025,10:20:25,37031.83,0,0,0,0,0,0
BSE500.BSE_IDX,01/07/2025,10:20:33,37031.08,0,0,0,0,0,0
BSE500.BSE_IDX,01/07/2025,10:20:41,37032.32,0,0,0,0,0,0
BSE500.BSE_IDX,01/07/2025,10:20:49,37028.89,0,0,0,0,0,0
BSE500.BSE_IDX,01/07/2025,10:20:57,37027.34,0,0,0,0,0,0
BSE500.BSE_IDX,01/07/2025,10:21:05,37026.03,0,0,0,0,0,0
BSE500.BSE_IDX,01/07/2025,10:21:13,37023.91,0,0,0,0,0,0
BSE500.BSE_IDX,01/07/2025,10:21:21,37023.86,0,0,0,0,0,0
BSE500.BSE_IDX,01/07/2025,10:21:29,37022.65,0,0,0,0,0,0
BSE500.BSE_IDX,01/07/2025,10:21:37,37022.39,0,0,0,0,0,0
BSE500.BSE_IDX,01/07/2025,10:21:45,37018.94,0,0,0,0,0,0
BSE500.BSE_IDX,01/07/2025,10:21:53,37021.16,0,0,0,0,0,0
BSE500.BSE_IDX,01/07/2025,10:22:01,37021.47,0,0,0,0,0,0
BSE500.BSE_IDX,01/07/2025,10:22:09,37021.11,0,0,0,0,0,0
BSE500.BSE_IDX,01/07/2025,10:22:17,37018.35,0,0,0,0,0,0
BSE500.BSE_IDX,01/07/2025,10:22:25,37018.67,0,0,0,0,0,0
BSE500.BSE_IDX,01/07/2025,10:22:33,37017,0,0,0,0,0,0
BSE500.BSE_IDX,01/07/2025,10:22:41,37018.01,0,0,0,0,0,0
BSE500.BSE_IDX,01/07/2025,10:22:49,37017.38,0,0,0,0,0,0
BSE500.BSE_IDX,01/07/2025,10:22:57,37019.49,0,0,0,0,0,0
BSE500.BSE_IDX,01/07/2025,10:23:05,37018.21,0,0,0,0,0,0
BSE500.BSE_IDX,01/07/2025,10:23:13,37019.25,0,0,0,0,0,0
BSE500.BSE_IDX,01/07/2025,10:23:21,37018.37,0,0,0,0,0,0
BSE500.BSE_IDX,01/07/2025,10:23:29,37020.62,0,0,0,0,0,0
BSE500.BSE_IDX,01/07/2025,10:23:37,37021.45,0,0,0,0,0,0
BSE500.BSE_IDX,01/07/2025,10:23:45,37022.36,0,0,0,0,0,0
BSE500.BSE_IDX,01/07/2025,10:23:53,37021.35,0,0,0,0,0,0
BSE500.BSE_IDX,01/07/2025,10:24:01,37022.25,0,0,0,0,0,0
BSE500.BSE_IDX,01/07/2025,10:24:09,37021.08,0,0,0,0,0,0
BSE500.BSE_IDX,01/07/2025,10:24:17,37018.58,0,0,0,0,0,0
BSE500.BSE_IDX,01/07/2025,10:24:25,37018.42,0,0,0,0,0,0
BSE500.BSE_IDX,01/07/2025,10:24:33,37015.31,0,0,0,0,0,0
BSE500.BSE_IDX,01/07/2025,10:24:41,37014.78,0,0,0,0,0,0
BSE500.BSE_IDX,01/07/2025,10:24:49,37015.44,0,0,0,0,0,0
BSE500.BSE_IDX,01/07/2025,10:24:57,37015.76,0,0,0,0,0,0
BSE500.BSE_IDX,01/07/2025,10:25:05,37014.86,0,0,0,0,0,0
BSE500.BSE_IDX,01/07/2025,10:25:13,37015.66,0,0,0,0,0,0
BSE500.BSE_IDX,01/07/2025,10:25:21,37014.87,0,0,0,0,0,0
BSE500.BSE_IDX,01/07/2025,10:25:29,37013.43,0,0,0,0,0,0
BSE500.BSE_IDX,01/07/2025,10:25:37,37014.37,0,0,0,0,0,0
BSE500.BSE_IDX,01/07/2025,10:25:45,37014.15,0,0,0,0,0,0
BSE500.BSE_IDX,01/07/2025,10:25:53,37015.62,0,0,0,0,0,0
BSE500.BSE_IDX,01/07/2025,10:26:01,37017.32,0,0,0,0,0,0
BSE500.BSE_IDX,01/07/2025,10:26:09,37017.78,0,0,0,0,0,0
BSE500.BSE_IDX,01/07/2025,10:26:17,37017.81,0,0,0,0,0,0
BSE500.BSE_IDX,01/07/2025,10:26:25,37018.38,0,0,0,0,0,0
BSE500.BSE_IDX,01/07/2025,10:26:33,37018.21,0,0,0,0,0,0
BSE500.BSE_IDX,01/07/2025,10:26:41,37019.98,0,0,0,0,0,0
BSE500.BSE_IDX,01/07/2025,10:26:49,37018.22,0,0,0,0,0,0
BSE500.BSE_IDX,01/07/2025,10:26:57,37018.63,0,0,0,0,0,0
BSE500.BSE_IDX,01/07/2025,10:27:05,37020.63,0,0,0,0,0,0
BSE500.BSE_IDX,01/07/2025,10:27:13,37021.22,0,0,0,0,0,0
BSE500.BSE_IDX,01/07/2025,10:27:21,37020.41,0,0,0,0,0,0
BSE500.BSE_IDX,01/07/2025,10:27:29,37023.48,0,0,0,0,0,0
BSE500.BSE_IDX,01/07/2025,10:27:37,37023.8,0,0,0,0,0,0
BSE500.BSE_IDX,01/07/2025,10:27:45,37023.88,0,0,0,0,0,0
BSE500.BSE_IDX,01/07/2025,10:27:53,37025.48,0,0,0,0,0,0
BSE500.BSE_IDX,01/07/2025,10:28:01,37029.31,0,0,0,0,0,0
BSE500.BSE_IDX,01/07/2025,10:28:09,37031.38,0,0,0,0,0,0
BSE500.BSE_IDX,01/07/2025,10:28:17,37029.4,0,0,0,0,0,0
BSE500.BSE_IDX,01/07/2025,10:28:25,37028.6,0,0,0,0,0,0
BSE500.BSE_IDX,01/07/2025,10:28:33,37030.76,0,0,0,0,0,0
BSE500.BSE_IDX,01/07/2025,10:28:41,37030.35,0,0,0,0,0,0
BSE500.BSE_IDX,01/07/2025,10:28:49,37033.62,0,0,0,0,0,0
BSE500.BSE_IDX,01/07/2025,10:28:57,37033.25,0,0,0,0,0,0
BSE500.BSE_IDX,01/07/2025,10:29:05,37034.2,0,0,0,0,0,0
BSE500.BSE_IDX,01/07/2025,10:29:13,37034.99,0,0,0,0,0,0
BSE500.BSE_IDX,01/07/2025,10:29:21,37036.01,0,0,0,0,0,0
BSE500.BSE_IDX,01/07/2025,10:29:29,37034.62,0,0,0,0,0,0
BSE500.BSE_IDX,01/07/2025,10:29:37,37033.09,0,0,0,0,0,0
BSE500.BSE_IDX,01/07/2025,10:29:46,37032.93,0,0,0,0,0,0
BSE500.BSE_IDX,01/07/2025,10:29:54,37034.5,0,0,0,0,0,0
BSE500.BSE_IDX,01/07/2025,10:30:01,37034.9,0,0,0,0,0,0
BSE500.BSE_IDX,01/07/2025,10:30:09,37035.12,0,0,0,0,0,0
BSE500.BSE_IDX,01/07/2025,10:30:17,37038.27,0,0,0,0,0,0
BSE500.BSE_IDX,01/07/2025,10:30:25,37042.35,0,0,0,0,0,0
BSE500.BSE_IDX,01/07/2025,10:30:33,37041.61,0,0,0,0,0,0
BSE500.BSE_IDX,01/07/2025,10:30:41,37042.51,0,0,0,0,0,0
BSE500.BSE_IDX,01/07/2025,10:30:49,37041.21,0,0,0,0,0,0
BSE500.BSE_IDX,01/07/2025,10:30:57,37037.92,0,0,0,0,0,0
BSE500.BSE_IDX,01/07/2025,10:31:05,37039.45,0,0,0,0,0,0
BSE500.BSE_IDX,01/07/2025,10:31:13,37038.4,0,0,0,0,0,0
BSE500.BSE_IDX,01/07/2025,10:31:21,37037.75,0,0,0,0,0,0
BSE500.BSE_IDX,01/07/2025,10:31:29,37037.35,0,0,0,0,0,0
BSE500.BSE_IDX,01/07/2025,10:31:37,37036.14,0,0,0,0,0,0
BSE500.BSE_IDX,01/07/2025,10:31:45,37034.1,0,0,0,0,0,0
BSE500.BSE_IDX,01/07/2025,10:31:53,37036.08,0,0,0,0,0,0
BSE500.BSE_IDX,01/07/2025,10:32:01,37037.89,0,0,0,0,0,0
BSE500.BSE_IDX,01/07/2025,10:32:09,37034.73,0,0,0,0,0,0
BSE500.BSE_IDX,01/07/2025,10:32:17,37035.13,0,0,0,0,0,0
BSE500.BSE_IDX,01/07/2025,10:32:25,37037.55,0,0,0,0,0,0
BSE500.BSE_IDX,01/07/2025,10:32:33,37038.56,0,0,0,0,0,0
BSE500.BSE_IDX,01/07/2025,10:32:41,37039.06,0,0,0,0,0,0
BSE500.BSE_IDX,01/07/2025,10:32:49,37040.84,0,0,0,0,0,0
BSE500.BSE_IDX,01/07/2025,10:32:57,37043.31,0,0,0,0,0,0
BSE500.BSE_IDX,01/07/2025,10:33:05,37043.87,0,0,0,0,0,0
BSE500.BSE_IDX,01/07/2025,10:33:13,37045.3,0,0,0,0,0,0
BSE500.BSE_IDX,01/07/2025,10:33:21,37045.34,0,0,0,0,0,0
BSE500.BSE_IDX,01/07/2025,10:33:29,37045.23,0,0,0,0,0,0
BSE500.BSE_IDX,01/07/2025,10:33:37,37046.65,0,0,0,0,0,0
BSE500.BSE_IDX,01/07/2025,10:33:45,37047.83,0,0,0,0,0,0
BSE500.BSE_IDX,01/07/2025,10:33:53,37046.93,0,0,0,0,0,0
BSE500.BSE_IDX,01/07/2025,10:34:01,37045.12,0,0,0,0,0,0
BSE500.BSE_IDX,01/07/2025,10:34:09,37044.7,0,0,0,0,0,0
BSE500.BSE_IDX,01/07/2025,10:34:17,37043.56,0,0,0,0,0,0
BSE500.BSE_IDX,01/07/2025,10:34:25,37044.59,0,0,0,0,0,0
BSE500.BSE_IDX,01/07/2025,10:34:33,37045.72,0,0,0,0,0,0
BSE500.BSE_IDX,01/07/2025,10:34:41,37045.05,0,0,0,0,0,0
BSE500.BSE_IDX,01/07/2025,10:34:49,37045.19,0,0,0,0,0,0
BSE500.BSE_IDX,01/07/2025,10:34:58,37044.36,0,0,0,0,0,0
BSE500.BSE_IDX,01/07/2025,10:35:06,37045.05,0,0,0,0,0,0
BSE500.BSE_IDX,01/07/2025,10:35:14,37044.8,0,0,0,0,0,0
BSE500.BSE_IDX,01/07/2025,10:35:21,37044.87,0,0,0,0,0,0
BSE500.BSE_IDX,01/07/2025,10:35:29,37042.84,0,0,0,0,0,0
BSE500.BSE_IDX,01/07/2025,10:35:37,37041.34,0,0,0,0,0,0
BSE500.BSE_IDX,01/07/2025,10:35:45,37040.07,0,0,0,0,0,0
BSE500.BSE_IDX,01/07/2025,10:35:54,37040.94,0,0,0,0,0,0
BSE500.BSE_IDX,01/07/2025,10:36:02,37040.86,0,0,0,0,0,0
BSE500.BSE_IDX,01/07/2025,10:36:10,37038.64,0,0,0,0,0,0
BSE500.BSE_IDX,01/07/2025,10:36:17,37038.79,0,0,0,0,0,0
BSE500.BSE_IDX,01/07/2025,10:36:25,37037.64,0,0,0,0,0,0
BSE500.BSE_IDX,01/07/2025,10:36:34,37040.53,0,0,0,0,0,0
BSE500.BSE_IDX,01/07/2025,10:36:42,37040.6,0,0,0,0,0,0
BSE500.BSE_IDX,01/07/2025,10:36:49,37039.56,0,0,0,0,0,0
BSE500.BSE_IDX,01/07/2025,10:36:58,37037.58,0,0,0,0,0,0
BSE500.BSE_IDX,01/07/2025,10:37:05,37037.46,0,0,0,0,0,0
BSE500.BSE_IDX,01/07/2025,10:37:14,37035.91,0,0,0,0,0,0
BSE500.BSE_IDX,01/07/2025,10:37:21,37034.97,0,0,0,0,0,0
BSE500.BSE_IDX,01/07/2025,10:37:30,37034.72,0,0,0,0,0,0
BSE500.BSE_IDX,01/07/2025,10:37:38,37033.13,0,0,0,0,0,0
BSE500.BSE_IDX,01/07/2025,10:37:46,37031.68,0,0,0,0,0,0
BSE500.BSE_IDX,01/07/2025,10:37:54,37029.2,0,0,0,0,0,0
BSE500.BSE_IDX,01/07/2025,10:38:02,37028.84,0,0,0,0,0,0
BSE500.BSE_IDX,01/07/2025,10:38:10,37029.69,0,0,0,0,0,0
BSE500.BSE_IDX,01/07/2025,10:38:18,37030.59,0,0,0,0,0,0
BSE500.BSE_IDX,01/07/2025,10:38:26,37031.54,0,0,0,0,0,0
BSE500.BSE_IDX,01/07/2025,10:38:34,37029.91,0,0,0,0,0,0
BSE500.BSE_IDX,01/07/2025,10:38:42,37031.76,0,0,0,0,0,0
BSE500.BSE_IDX,01/07/2025,10:38:50,37033.27,0,0,0,0,0,0
BSE500.BSE_IDX,01/07/2025,10:38:58,37034.42,0,0,0,0,0,0
BSE500.BSE_IDX,01/07/2025,10:39:06,37038.85,0,0,0,0,0,0
BSE500.BSE_IDX,01/07/2025,10:39:14,37040.45,0,0,0,0,0,0
BSE500.BSE_IDX,01/07/2025,10:39:22,37041.92,0,0,0,0,0,0
BSE500.BSE_IDX,01/07/2025,10:39:30,37042.34,0,0,0,0,0,0
BSE500.BSE_IDX,01/07/2025,10:39:38,37042.44,0,0,0,0,0,0
BSE500.BSE_IDX,01/07/2025,10:39:46,37043.22,0,0,0,0,0,0
BSE500.BSE_IDX,01/07/2025,10:39:54,37044.23,0,0,0,0,0,0
BSE500.BSE_IDX,01/07/2025,10:40:02,37045.55,0,0,0,0,0,0
BSE500.BSE_IDX,01/07/2025,10:40:10,37042.27,0,0,0,0,0,0
BSE500.BSE_IDX,01/07/2025,10:40:18,37042.78,0,0,0,0,0,0
BSE500.BSE_IDX,01/07/2025,10:40:26,37040.58,0,0,0,0,0,0
BSE500.BSE_IDX,01/07/2025,10:40:34,37040.7,0,0,0,0,0,0
BSE500.BSE_IDX,01/07/2025,10:40:42,37039.16,0,0,0,0,0,0
BSE500.BSE_IDX,01/07/2025,10:40:50,37039.48,0,0,0,0,0,0
BSE500.BSE_IDX,01/07/2025,10:40:58,37039.28,0,0,0,0,0,0
BSE500.BSE_IDX,01/07/2025,10:41:06,37038.4,0,0,0,0,0,0
BSE500.BSE_IDX,01/07/2025,10:41:14,37036.08,0,0,0,0,0,0
BSE500.BSE_IDX,01/07/2025,10:41:22,37038.53,0,0,0,0,0,0
BSE500.BSE_IDX,01/07/2025,10:41:30,37037.87,0,0,0,0,0,0
BSE500.BSE_IDX,01/07/2025,10:41:38,37042.3,0,0,0,0,0,0
BSE500.BSE_IDX,01/07/2025,10:41:46,37040.49,0,0,0,0,0,0
BSE500.BSE_IDX,01/07/2025,10:41:54,37040.06,0,0,0,0,0,0
BSE500.BSE_IDX,01/07/2025,10:42:02,37040.66,0,0,0,0,0,0
BSE500.BSE_IDX,01/07/2025,10:42:10,37041.75,0,0,0,0,0,0
BSE500.BSE_IDX,01/07/2025,10:42:18,37043.34,0,0,0,0,0,0
BSE500.BSE_IDX,01/07/2025,10:42:26,37042.8,0,0,0,0,0,0
BSE500.BSE_IDX,01/07/2025,10:42:34,37041.54,0,0,0,0,0,0
BSE500.BSE_IDX,01/07/2025,10:42:42,37040.1,0,0,0,0,0,0
BSE500.BSE_IDX,01/07/2025,10:42:50,37039.51,0,0,0,0,0,0
BSE500.BSE_IDX,01/07/2025,10:42:58,37037.47,0,0,0,0,0,0
BSE500.BSE_IDX,01/07/2025,10:43:06,37039.19,0,0,0,0,0,0
BSE500.BSE_IDX,01/07/2025,10:43:14,37040,0,0,0,0,0,0
BSE500.BSE_IDX,01/07/2025,10:43:22,37038.79,0,0,0,0,0,0
BSE500.BSE_IDX,01/07/2025,10:43:30,37039,0,0,0,0,0,0
BSE500.BSE_IDX,01/07/2025,10:43:38,37036.34,0,0,0,0,0,0
BSE500.BSE_IDX,01/07/2025,10:43:46,37037.14,0,0,0,0,0,0
BSE500.BSE_IDX,01/07/2025,10:43:54,37035.02,0,0,0,0,0,0
BSE500.BSE_IDX,01/07/2025,10:44:02,37034.12,0,0,0,0,0,0
BSE500.BSE_IDX,01/07/2025,10:44:10,37031.76,0,0,0,0,0,0
BSE500.BSE_IDX,01/07/2025,10:44:18,37031.22,0,0,0,0,0,0
BSE500.BSE_IDX,01/07/2025,10:44:26,37031.52,0,0,0,0,0,0
BSE500.BSE_IDX,01/07/2025,10:44:34,37030.99,0,0,0,0,0,0
BSE500.BSE_IDX,01/07/2025,10:44:42,37031.15,0,0,0,0,0,0
BSE500.BSE_IDX,01/07/2025,10:44:50,37031.64,0,0,0,0,0,0
BSE500.BSE_IDX,01/07/2025,10:44:58,37028.49,0,0,0,0,0,0
BSE500.BSE_IDX,01/07/2025,10:45:07,37026.6,0,0,0,0,0,0
BSE500.BSE_IDX,01/07/2025,10:45:14,37026.85,0,0,0,0,0,0
BSE500.BSE_IDX,01/07/2025,10:45:22,37025.19,0,0,0,0,0,0
BSE500.BSE_IDX,01/07/2025,10:45:30,37026.41,0,0,0,0,0,0
BSE500.BSE_IDX,01/07/2025,10:45:38,37025.33,0,0,0,0,0,0
BSE500.BSE_IDX,01/07/2025,10:45:46,37027.71,0,0,0,0,0,0
BSE500.BSE_IDX,01/07/2025,10:45:54,37024.82,0,0,0,0,0,0
BSE500.BSE_IDX,01/07/2025,10:46:02,37023.58,0,0,0,0,0,0
BSE500.BSE_IDX,01/07/2025,10:46:10,37022.42,0,0,0,0,0,0
BSE500.BSE_IDX,01/07/2025,10:46:18,37022.57,0,0,0,0,0,0
BSE500.BSE_IDX,01/07/2025,10:46:26,37023.41,0,0,0,0,0,0
BSE500.BSE_IDX,01/07/2025,10:46:34,37022.33,0,0,0,0,0,0
BSE500.BSE_IDX,01/07/2025,10:46:42,37022.76,0,0,0,0,0,0
BSE500.BSE_IDX,01/07/2025,10:46:50,37024.15,0,0,0,0,0,0
BSE500.BSE_IDX,01/07/2025,10:46:58,37023.01,0,0,0,0,0,0
BSE500.BSE_IDX,01/07/2025,10:47:06,37023.81,0,0,0,0,0,0
BSE500.BSE_IDX,01/07/2025,10:47:14,37022.35,0,0,0,0,0,0
BSE500.BSE_IDX,01/07/2025,10:47:22,37021.32,0,0,0,0,0,0
BSE500.BSE_IDX,01/07/2025,10:47:30,37021.1,0,0,0,0,0,0
BSE500.BSE_IDX,01/07/2025,10:47:38,37022.44,0,0,0,0,0,0
BSE500.BSE_IDX,01/07/2025,10:47:46,37023.05,0,0,0,0,0,0
BSE500.BSE_IDX,01/07/2025,10:47:54,37025.44,0,0,0,0,0,0
BSE500.BSE_IDX,01/07/2025,10:48:02,37025.54,0,0,0,0,0,0
BSE500.BSE_IDX,01/07/2025,10:48:10,37025.11,0,0,0,0,0,0
BSE500.BSE_IDX,01/07/2025,10:48:18,37025.99,0,0,0,0,0,0
BSE500.BSE_IDX,01/07/2025,10:48:26,37028.17,0,0,0,0,0,0
BSE500.BSE_IDX,01/07/2025,10:48:34,37027.43,0,0,0,0,0,0
BSE500.BSE_IDX,01/07/2025,10:48:42,37027.75,0,0,0,0,0,0
BSE500.BSE_IDX,01/07/2025,10:48:50,37030.13,0,0,0,0,0,0
BSE500.BSE_IDX,01/07/2025,10:48:58,37029.14,0,0,0,0,0,0
BSE500.BSE_IDX,01/07/2025,10:49:06,37028.3,0,0,0,0,0,0
BSE500.BSE_IDX,01/07/2025,10:49:14,37024.09,0,0,0,0,0,0
BSE500.BSE_IDX,01/07/2025,10:49:22,37021.98,0,0,0,0,0,0
BSE500.BSE_IDX,01/07/2025,10:49:30,37020.7,0,0,0,0,0,0
BSE500.BSE_IDX,01/07/2025,10:49:38,37019.1,0,0,0,0,0,0
BSE500.BSE_IDX,01/07/2025,10:49:46,37019.49,0,0,0,0,0,0
BSE500.BSE_IDX,01/07/2025,10:49:54,37017.89,0,0,0,0,0,0
BSE500.BSE_IDX,01/07/2025,10:50:02,37017.45,0,0,0,0,0,0
BSE500.BSE_IDX,01/07/2025,10:50:10,37015.79,0,0,0,0,0,0
BSE500.BSE_IDX,01/07/2025,10:50:18,37015.99,0,0,0,0,0,0
BSE500.BSE_IDX,01/07/2025,10:50:26,37015.35,0,0,0,0,0,0
BSE500.BSE_IDX,01/07/2025,10:50:34,37017.37,0,0,0,0,0,0
BSE500.BSE_IDX,01/07/2025,10:50:42,37017.03,0,0,0,0,0,0
BSE500.BSE_IDX,01/07/2025,10:50:50,37015.8,0,0,0,0,0,0
BSE500.BSE_IDX,01/07/2025,10:50:58,37016.2,0,0,0,0,0,0
BSE500.BSE_IDX,01/07/2025,10:51:06,37015.42,0,0,0,0,0,0
BSE500.BSE_IDX,01/07/2025,10:51:14,37015.25,0,0,0,0,0,0
BSE500.BSE_IDX,01/07/2025,10:51:22,37014.22,0,0,0,0,0,0
BSE500.BSE_IDX,01/07/2025,10:51:30,37013.86,0,0,0,0,0,0
BSE500.BSE_IDX,01/07/2025,10:51:38,37014.06,0,0,0,0,0,0
BSE500.BSE_IDX,01/07/2025,10:51:46,37013.64,0,0,0,0,0,0
BSE500.BSE_IDX,01/07/2025,10:51:54,37010.6,0,0,0,0,0,0
BSE500.BSE_IDX,01/07/2025,10:52:02,37009.47,0,0,0,0,0,0
BSE500.BSE_IDX,01/07/2025,10:52:10,37009.61,0,0,0,0,0,0
BSE500.BSE_IDX,01/07/2025,10:52:18,37006.08,0,0,0,0,0,0
BSE500.BSE_IDX,01/07/2025,10:52:26,37003.13,0,0,0,0,0,0
BSE500.BSE_IDX,01/07/2025,10:52:34,37001.84,0,0,0,0,0,0
BSE500.BSE_IDX,01/07/2025,10:52:43,36997.6,0,0,0,0,0,0
BSE500.BSE_IDX,01/07/2025,10:52:50,36996.04,0,0,0,0,0,0
BSE500.BSE_IDX,01/07/2025,10:52:58,36993.92,0,0,0,0,0,0
BSE500.BSE_IDX,01/07/2025,10:53:06,36992.85,0,0,0,0,0,0
BSE500.BSE_IDX,01/07/2025,10:53:14,36992.12,0,0,0,0,0,0
BSE500.BSE_IDX,01/07/2025,10:53:22,36992.02,0,0,0,0,0,0
BSE500.BSE_IDX,01/07/2025,10:53:30,36993.99,0,0,0,0,0,0
BSE500.BSE_IDX,01/07/2025,10:53:38,36995.16,0,0,0,0,0,0
BSE500.BSE_IDX,01/07/2025,10:53:46,36996.26,0,0,0,0,0,0
BSE500.BSE_IDX,01/07/2025,10:53:54,36996.15,0,0,0,0,0,0
BSE500.BSE_IDX,01/07/2025,10:54:02,36997.59,0,0,0,0,0,0
BSE500.BSE_IDX,01/07/2025,10:54:10,36997.5,0,0,0,0,0,0
BSE500.BSE_IDX,01/07/2025,10:54:18,36997.68,0,0,0,0,0,0
BSE500.BSE_IDX,01/07/2025,10:54:26,36997.26,0,0,0,0,0,0
BSE500.BSE_IDX,01/07/2025,10:54:34,36999.2,0,0,0,0,0,0
BSE500.BSE_IDX,01/07/2025,10:54:42,37001.5,0,0,0,0,0,0
BSE500.BSE_IDX,01/07/2025,10:54:51,37002.31,0,0,0,0,0,0
BSE500.BSE_IDX,01/07/2025,10:54:58,37001.84,0,0,0,0,0,0
BSE500.BSE_IDX,01/07/2025,10:55:06,37001.97,0,0,0,0,0,0
BSE500.BSE_IDX,01/07/2025,10:55:14,37000.6,0,0,0,0,0,0
BSE500.BSE_IDX,01/07/2025,10:55:22,37000.9,0,0,0,0,0,0
BSE500.BSE_IDX,01/07/2025,10:55:30,37000.38,0,0,0,0,0,0
BSE500.BSE_IDX,01/07/2025,10:55:38,36999.96,0,0,0,0,0,0
BSE500.BSE_IDX,01/07/2025,10:55:46,36998.17,0,0,0,0,0,0
BSE500.BSE_IDX,01/07/2025,10:55:54,36997.51,0,0,0,0,0,0
BSE500.BSE_IDX,01/07/2025,10:56:02,36994.98,0,0,0,0,0,0
BSE500.BSE_IDX,01/07/2025,10:56:10,36994.08,0,0,0,0,0,0
BSE500.BSE_IDX,01/07/2025,10:56:18,36992.62,0,0,0,0,0,0
BSE500.BSE_IDX,01/07/2025,10:56:26,36990.83,0,0,0,0,0,0
BSE500.BSE_IDX,01/07/2025,10:56:34,36991.5,0,0,0,0,0,0
BSE500.BSE_IDX,01/07/2025,10:56:42,36990.86,0,0,0,0,0,0
BSE500.BSE_IDX,01/07/2025,10:56:50,36990.54,0,0,0,0,0,0
BSE500.BSE_IDX,01/07/2025,10:56:58,36987.87,0,0,0,0,0,0
BSE500.BSE_IDX,01/07/2025,10:57:06,36986.78,0,0,0,0,0,0
BSE500.BSE_IDX,01/07/2025,10:57:14,36985.41,0,0,0,0,0,0
BSE500.BSE_IDX,01/07/2025,10:57:22,36985.06,0,0,0,0,0,0
BSE500.BSE_IDX,01/07/2025,10:57:30,36984.26,0,0,0,0,0,0
BSE500.BSE_IDX,01/07/2025,10:57:39,36986.51,0,0,0,0,0,0
BSE500.BSE_IDX,01/07/2025,10:57:46,36986.85,0,0,0,0,0,0
BSE500.BSE_IDX,01/07/2025,10:57:54,36985.98,0,0,0,0,0,0
BSE500.BSE_IDX,01/07/2025,10:58:02,36985.51,0,0,0,0,0,0
BSE500.BSE_IDX,01/07/2025,10:58:10,36986.19,0,0,0,0,0,0
BSE500.BSE_IDX,01/07/2025,10:58:18,36983.57,0,0,0,0,0,0
BSE500.BSE_IDX,01/07/2025,10:58:26,36983.4,0,0,0,0,0,0
BSE500.BSE_IDX,01/07/2025,10:58:34,36984.64,0,0,0,0,0,0
BSE500.BSE_IDX,01/07/2025,10:58:42,36984.66,0,0,0,0,0,0
BSE500.BSE_IDX,01/07/2025,10:58:50,36987.05,0,0,0,0,0,0
BSE500.BSE_IDX,01/07/2025,10:58:58,36984.25,0,0,0,0,0,0
BSE500.BSE_IDX,01/07/2025,10:59:06,36983.66,0,0,0,0,0,0
BSE500.BSE_IDX,01/07/2025,10:59:14,36983.6,0,0,0,0,0,0
BSE500.BSE_IDX,01/07/2025,10:59:22,36983.17,0,0,0,0,0,0
BSE500.BSE_IDX,01/07/2025,10:59:30,36982.22,0,0,0,0,0,0
BSE500.BSE_IDX,01/07/2025,10:59:38,36980.45,0,0,0,0,0,0
BSE500.BSE_IDX,01/07/2025,10:59:47,36980.16,0,0,0,0,0,0
BSE500.BSE_IDX,01/07/2025,10:59:55,36979.95,0,0,0,0,0,0
BSE500.BSE_IDX,01/07/2025,11:00:03,36979.49,0,0,0,0,0,0
BSE500.BSE_IDX,01/07/2025,11:00:11,36977.95,0,0,0,0,0,0
BSE500.BSE_IDX,01/07/2025,11:00:18,36979.88,0,0,0,0,0,0
BSE500.BSE_IDX,01/07/2025,11:00:26,36980.3,0,0,0,0,0,0
BSE500.BSE_IDX,01/07/2025,11:00:34,36980.83,0,0,0,0,0,0
BSE500.BSE_IDX,01/07/2025,11:00:42,36979.52,0,0,0,0,0,0
BSE500.BSE_IDX,01/07/2025,11:00:50,36980.73,0,0,0,0,0,0
BSE500.BSE_IDX,01/07/2025,11:00:58,36981.26,0,0,0,0,0,0
BSE500.BSE_IDX,01/07/2025,11:01:06,36981.71,0,0,0,0,0,0
BSE500.BSE_IDX,01/07/2025,11:01:15,36982.61,0,0,0,0,0,0
BSE500.BSE_IDX,01/07/2025,11:01:22,36978.75,0,0,0,0,0,0
BSE500.BSE_IDX,01/07/2025,11:01:30,36978.95,0,0,0,0,0,0
BSE500.BSE_IDX,01/07/2025,11:01:38,36978.29,0,0,0,0,0,0
BSE500.BSE_IDX,01/07/2025,11:01:46,36975.87,0,0,0,0,0,0
BSE500.BSE_IDX,01/07/2025,11:01:54,36975.25,0,0,0,0,0,0
BSE500.BSE_IDX,01/07/2025,11:02:02,36977.3,0,0,0,0,0,0
BSE500.BSE_IDX,01/07/2025,11:02:10,36974.09,0,0,0,0,0,0
BSE500.BSE_IDX,01/07/2025,11:02:18,36974.98,0,0,0,0,0,0
BSE500.BSE_IDX,01/07/2025,11:02:27,36975.3,0,0,0,0,0,0
BSE500.BSE_IDX,01/07/2025,11:02:34,36975.87,0,0,0,0,0,0
BSE500.BSE_IDX,01/07/2025,11:02:42,36973.11,0,0,0,0,0,0
BSE500.BSE_IDX,01/07/2025,11:02:51,36973.67,0,0,0,0,0,0
BSE500.BSE_IDX,01/07/2025,11:02:58,36971.29,0,0,0,0,0,0
BSE500.BSE_IDX,01/07/2025,11:03:06,36969.44,0,0,0,0,0,0
BSE500.BSE_IDX,01/07/2025,11:03:14,36968.81,0,0,0,0,0,0
BSE500.BSE_IDX,01/07/2025,11:03:22,36968.34,0,0,0,0,0,0
BSE500.BSE_IDX,01/07/2025,11:03:31,36967.58,0,0,0,0,0,0
BSE500.BSE_IDX,01/07/2025,11:03:38,36968.01,0,0,0,0,0,0
BSE500.BSE_IDX,01/07/2025,11:03:46,36968.67,0,0,0,0,0,0
BSE500.BSE_IDX,01/07/2025,11:03:54,36967.85,0,0,0,0,0,0
BSE500.BSE_IDX,01/07/2025,11:04:02,36968.68,0,0,0,0,0,0
BSE500.BSE_IDX,01/07/2025,11:04:10,36967.07,0,0,0,0,0,0
BSE500.BSE_IDX,01/07/2025,11:04:18,36967.16,0,0,0,0,0,0
BSE500.BSE_IDX,01/07/2025,11:04:27,36966.8,0,0,0,0,0,0
BSE500.BSE_IDX,01/07/2025,11:04:34,36967.42,0,0,0,0,0,0
BSE500.BSE_IDX,01/07/2025,11:04:42,36966.63,0,0,0,0,0,0
BSE500.BSE_IDX,01/07/2025,11:04:51,36968.79,0,0,0,0,0,0
BSE500.BSE_IDX,01/07/2025,11:04:58,36969.05,0,0,0,0,0,0
BSE500.BSE_IDX,01/07/2025,11:05:06,36971.08,0,0,0,0,0,0
BSE500.BSE_IDX,01/07/2025,11:05:14,36972.65,0,0,0,0,0,0
BSE500.BSE_IDX,01/07/2025,11:05:22,36972.27,0,0,0,0,0,0
BSE500.BSE_IDX,01/07/2025,11:05:30,36974.22,0,0,0,0,0,0
BSE500.BSE_IDX,01/07/2025,11:05:38,36974.3,0,0,0,0,0,0
BSE500.BSE_IDX,01/07/2025,11:05:46,36975.26,0,0,0,0,0,0
BSE500.BSE_IDX,01/07/2025,11:05:54,36976.01,0,0,0,0,0,0
BSE500.BSE_IDX,01/07/2025,11:06:02,36976.42,0,0,0,0,0,0
BSE500.BSE_IDX,01/07/2025,11:06:11,36978.98,0,0,0,0,0,0
BSE500.BSE_IDX,01/07/2025,11:06:19,36982.29,0,0,0,0,0,0
BSE500.BSE_IDX,01/07/2025,11:06:26,36981.84,0,0,0,0,0,0
BSE500.BSE_IDX,01/07/2025,11:06:34,36979.77,0,0,0,0,0,0
BSE500.BSE_IDX,01/07/2025,11:06:42,36980.12,0,0,0,0,0,0
BSE500.BSE_IDX,01/07/2025,11:06:50,36981.98,0,0,0,0,0,0
BSE500.BSE_IDX,01/07/2025,11:06:58,36982.46,0,0,0,0,0,0
BSE500.BSE_IDX,01/07/2025,11:07:06,36983.19,0,0,0,0,0,0
BSE500.BSE_IDX,01/07/2025,11:07:15,36984.35,0,0,0,0,0,0
BSE500.BSE_IDX,01/07/2025,11:07:22,36984.54,0,0,0,0,0,0
BSE500.BSE_IDX,01/07/2025,11:07:30,36984.86,0,0,0,0,0,0
BSE500.BSE_IDX,01/07/2025,11:07:38,36985.49,0,0,0,0,0,0
BSE500.BSE_IDX,01/07/2025,11:07:46,36987.67,0,0,0,0,0,0
BSE500.BSE_IDX,01/07/2025,11:07:54,36989.29,0,0,0,0,0,0
BSE500.BSE_IDX,01/07/2025,11:08:02,36990.25,0,0,0,0,0,0
BSE500.BSE_IDX,01/07/2025,11:08:11,36989.36,0,0,0,0,0,0
BSE500.BSE_IDX,01/07/2025,11:08:18,36989.7,0,0,0,0,0,0
BSE500.BSE_IDX,01/07/2025,11:08:26,36991.11,0,0,0,0,0,0
BSE500.BSE_IDX,01/07/2025,11:08:35,36988.02,0,0,0,0,0,0
BSE500.BSE_IDX,01/07/2025,11:08:43,36989.4,0,0,0,0,0,0
BSE500.BSE_IDX,01/07/2025,11:08:51,36991.13,0,0,0,0,0,0
BSE500.BSE_IDX,01/07/2025,11:08:58,36992.52,0,0,0,0,0,0
BSE500.BSE_IDX,01/07/2025,11:09:07,36992.63,0,0,0,0,0,0
BSE500.BSE_IDX,01/07/2025,11:09:15,36989.38,0,0,0,0,0,0
BSE500.BSE_IDX,01/07/2025,11:09:23,36987.37,0,0,0,0,0,0
BSE500.BSE_IDX,01/07/2025,11:09:31,36989.62,0,0,0,0,0,0
BSE500.BSE_IDX,01/07/2025,11:09:39,36989,0,0,0,0,0,0
BSE500.BSE_IDX,01/07/2025,11:09:46,36991.09,0,0,0,0,0,0
BSE500.BSE_IDX,01/07/2025,11:09:55,36990.22,0,0,0,0,0,0
BSE500.BSE_IDX,01/07/2025,11:10:03,36991.21,0,0,0,0,0,0
BSE500.BSE_IDX,01/07/2025,11:10:11,36991.44,0,0,0,0,0,0
BSE500.BSE_IDX,01/07/2025,11:10:19,36990.5,0,0,0,0,0,0
BSE500.BSE_IDX,01/07/2025,11:10:27,36991.09,0,0,0,0,0,0
BSE500.BSE_IDX,01/07/2025,11:10:35,36992.54,0,0,0,0,0,0
BSE500.BSE_IDX,01/07/2025,11:10:43,36993.5,0,0,0,0,0,0
BSE500.BSE_IDX,01/07/2025,11:10:51,36993.55,0,0,0,0,0,0
BSE500.BSE_IDX,01/07/2025,11:10:59,36993.6,0,0,0,0,0,0
BSE500.BSE_IDX,01/07/2025,11:11:07,36995.29,0,0,0,0,0,0
BSE500.BSE_IDX,01/07/2025,11:11:15,36994.21,0,0,0,0,0,0
BSE500.BSE_IDX,01/07/2025,11:11:23,36993.89,0,0,0,0,0,0
BSE500.BSE_IDX,01/07/2025,11:11:31,36992.94,0,0,0,0,0,0
BSE500.BSE_IDX,01/07/2025,11:11:39,36992.6,0,0,0,0,0,0
BSE500.BSE_IDX,01/07/2025,11:11:47,36991.14,0,0,0,0,0,0
BSE500.BSE_IDX,01/07/2025,11:11:55,36991.83,0,0,0,0,0,0
BSE500.BSE_IDX,01/07/2025,11:12:03,36992.85,0,0,0,0,0,0
BSE500.BSE_IDX,01/07/2025,11:12:11,36993.63,0,0,0,0,0,0
BSE500.BSE_IDX,01/07/2025,11:12:19,36993.01,0,0,0,0,0,0
BSE500.BSE_IDX,01/07/2025,11:12:27,36992.51,0,0,0,0,0,0
BSE500.BSE_IDX,01/07/2025,11:12:35,36993.82,0,0,0,0,0,0
BSE500.BSE_IDX,01/07/2025,11:12:43,36991.89,0,0,0,0,0,0
BSE500.BSE_IDX,01/07/2025,11:12:51,36992.45,0,0,0,0,0,0
BSE500.BSE_IDX,01/07/2025,11:12:59,36992.56,0,0,0,0,0,0
BSE500.BSE_IDX,01/07/2025,11:13:07,36993.04,0,0,0,0,0,0
BSE500.BSE_IDX,01/07/2025,11:13:16,36992.11,0,0,0,0,0,0
BSE500.BSE_IDX,01/07/2025,11:13:23,36990.67,0,0,0,0,0,0
BSE500.BSE_IDX,01/07/2025,11:13:31,36990.58,0,0,0,0,0,0
BSE500.BSE_IDX,01/07/2025,11:13:39,36990.67,0,0,0,0,0,0
BSE500.BSE_IDX,01/07/2025,11:13:47,36992.31,0,0,0,0,0,0
BSE500.BSE_IDX,01/07/2025,11:13:55,36992.81,0,0,0,0,0,0
BSE500.BSE_IDX,01/07/2025,11:14:03,36994.57,0,0,0,0,0,0
BSE500.BSE_IDX,01/07/2025,11:14:11,36992.53,0,0,0,0,0,0
BSE500.BSE_IDX,01/07/2025,11:14:19,36994.02,0,0,0,0,0,0
BSE500.BSE_IDX,01/07/2025,11:14:27,36995.93,0,0,0,0,0,0
BSE500.BSE_IDX,01/07/2025,11:14:35,36996.44,0,0,0,0,0,0
BSE500.BSE_IDX,01/07/2025,11:14:43,36996.95,0,0,0,0,0,0
BSE500.BSE_IDX,01/07/2025,11:14:51,36997.56,0,0,0,0,0,0
BSE500.BSE_IDX,01/07/2025,11:14:59,36998.15,0,0,0,0,0,0
BSE500.BSE_IDX,01/07/2025,11:15:07,36998.5,0,0,0,0,0,0
BSE500.BSE_IDX,01/07/2025,11:15:15,36998.62,0,0,0,0,0,0
BSE500.BSE_IDX,01/07/2025,11:15:23,37000.37,0,0,0,0,0,0
BSE500.BSE_IDX,01/07/2025,11:15:31,36997.61,0,0,0,0,0,0
BSE500.BSE_IDX,01/07/2025,11:15:39,36999.41,0,0,0,0,0,0
BSE500.BSE_IDX,01/07/2025,11:15:47,36999.73,0,0,0,0,0,0
BSE500.BSE_IDX,01/07/2025,11:15:56,37001.45,0,0,0,0,0,0
BSE500.BSE_IDX,01/07/2025,11:16:03,36999.15,0,0,0,0,0,0
BSE500.BSE_IDX,01/07/2025,11:16:11,36998.24,0,0,0,0,0,0
BSE500.BSE_IDX,01/07/2025,11:16:19,36998.11,0,0,0,0,0,0
BSE500.BSE_IDX,01/07/2025,11:16:27,36994.25,0,0,0,0,0,0
BSE500.BSE_IDX,01/07/2025,11:16:35,36993.17,0,0,0,0,0,0
BSE500.BSE_IDX,01/07/2025,11:16:43,36991.51,0,0,0,0,0,0
BSE500.BSE_IDX,01/07/2025,11:16:51,36991.81,0,0,0,0,0,0
BSE500.BSE_IDX,01/07/2025,11:16:59,36991.97,0,0,0,0,0,0
BSE500.BSE_IDX,01/07/2025,11:17:07,36992.09,0,0,0,0,0,0
BSE500.BSE_IDX,01/07/2025,11:17:15,36993.66,0,0,0,0,0,0
BSE500.BSE_IDX,01/07/2025,11:17:23,36996.44,0,0,0,0,0,0
BSE500.BSE_IDX,01/07/2025,11:17:31,37000.25,0,0,0,0,0,0
BSE500.BSE_IDX,01/07/2025,11:17:39,37002.38,0,0,0,0,0,0
BSE500.BSE_IDX,01/07/2025,11:17:47,37005.97,0,0,0,0,0,0
BSE500.BSE_IDX,01/07/2025,11:17:57,37007.15,0,0,0,0,0,0
BSE500.BSE_IDX,01/07/2025,11:18:03,37007.45,0,0,0,0,0,0
BSE500.BSE_IDX,01/07/2025,11:18:11,37006.85,0,0,0,0,0,0
BSE500.BSE_IDX,01/07/2025,11:18:19,37007.09,0,0,0,0,0,0
BSE500.BSE_IDX,01/07/2025,11:18:27,37007.96,0,0,0,0,0,0
BSE500.BSE_IDX,01/07/2025,11:18:35,37010.3,0,0,0,0,0,0
BSE500.BSE_IDX,01/07/2025,11:18:44,37010.09,0,0,0,0,0,0
BSE500.BSE_IDX,01/07/2025,11:18:51,37011.89,0,0,0,0,0,0
BSE500.BSE_IDX,01/07/2025,11:18:59,37008.83,0,0,0,0,0,0
BSE500.BSE_IDX,01/07/2025,11:19:08,37007.89,0,0,0,0,0,0
BSE500.BSE_IDX,01/07/2025,11:19:15,37008.04,0,0,0,0,0,0
BSE500.BSE_IDX,01/07/2025,11:19:23,37007.18,0,0,0,0,0,0
BSE500.BSE_IDX,01/07/2025,11:19:31,37005.15,0,0,0,0,0,0
BSE500.BSE_IDX,01/07/2025,11:19:39,37003.68,0,0,0,0,0,0
BSE500.BSE_IDX,01/07/2025,11:19:47,37002.26,0,0,0,0,0,0
BSE500.BSE_IDX,01/07/2025,11:19:55,36997.33,0,0,0,0,0,0
BSE500.BSE_IDX,01/07/2025,11:20:03,36997.31,0,0,0,0,0,0
BSE500.BSE_IDX,01/07/2025,11:20:11,36999.28,0,0,0,0,0,0
BSE500.BSE_IDX,01/07/2025,11:20:19,36999.24,0,0,0,0,0,0
BSE500.BSE_IDX,01/07/2025,11:20:27,37000.08,0,0,0,0,0,0
BSE500.BSE_IDX,01/07/2025,11:20:35,37001.22,0,0,0,0,0,0
BSE500.BSE_IDX,01/07/2025,11:20:43,37001.21,0,0,0,0,0,0
BSE500.BSE_IDX,01/07/2025,11:20:51,37000.99,0,0,0,0,0,0
BSE500.BSE_IDX,01/07/2025,11:20:59,37001.49,0,0,0,0,0,0
BSE500.BSE_IDX,01/07/2025,11:21:07,37000.97,0,0,0,0,0,0
BSE500.BSE_IDX,01/07/2025,11:21:15,37002.03,0,0,0,0,0,0
BSE500.BSE_IDX,01/07/2025,11:21:24,37002.62,0,0,0,0,0,0
BSE500.BSE_IDX,01/07/2025,11:21:31,37002.93,0,0,0,0,0,0
BSE500.BSE_IDX,01/07/2025,11:21:39,37000.82,0,0,0,0,0,0
BSE500.BSE_IDX,01/07/2025,11:21:47,37000.17,0,0,0,0,0,0
BSE500.BSE_IDX,01/07/2025,11:21:56,37001.08,0,0,0,0,0,0
BSE500.BSE_IDX,01/07/2025,11:22:03,37001.86,0,0,0,0,0,0
BSE500.BSE_IDX,01/07/2025,11:22:11,37001.05,0,0,0,0,0,0
BSE500.BSE_IDX,01/07/2025,11:22:19,37001.64,0,0,0,0,0,0
BSE500.BSE_IDX,01/07/2025,11:22:28,37001.33,0,0,0,0,0,0
BSE500.BSE_IDX,01/07/2025,11:22:35,37001.76,0,0,0,0,0,0
BSE500.BSE_IDX,01/07/2025,11:22:43,37000.99,0,0,0,0,0,0
BSE500.BSE_IDX,01/07/2025,11:22:51,37000.5,0,0,0,0,0,0
BSE500.BSE_IDX,01/07/2025,11:22:59,37001,0,0,0,0,0,0
BSE500.BSE_IDX,01/07/2025,11:23:07,37000.91,0,0,0,0,0,0
BSE500.BSE_IDX,01/07/2025,11:23:15,37002.6,0,0,0,0,0,0
BSE500.BSE_IDX,01/07/2025,11:23:23,37001.73,0,0,0,0,0,0
BSE500.BSE_IDX,01/07/2025,11:23:31,37000.86,0,0,0,0,0,0
BSE500.BSE_IDX,01/07/2025,11:23:39,37000.84,0,0,0,0,0,0
BSE500.BSE_IDX,01/07/2025,11:23:47,37001.53,0,0,0,0,0,0
BSE500.BSE_IDX,01/07/2025,11:23:55,37000.99,0,0,0,0,0,0
BSE500.BSE_IDX,01/07/2025,11:24:04,36999.35,0,0,0,0,0,0
BSE500.BSE_IDX,01/07/2025,11:24:11,37000.93,0,0,0,0,0,0
BSE500.BSE_IDX,01/07/2025,11:24:19,37000.12,0,0,0,0,0,0
BSE500.BSE_IDX,01/07/2025,11:24:27,36999.77,0,0,0,0,0,0
BSE500.BSE_IDX,01/07/2025,11:24:35,36997.93,0,0,0,0,0,0
BSE500.BSE_IDX,01/07/2025,11:24:43,36998.15,0,0,0,0,0,0
BSE500.BSE_IDX,01/07/2025,11:24:52,36996.98,0,0,0,0,0,0
BSE500.BSE_IDX,01/07/2025,11:25:00,36997.92,0,0,0,0,0,0
BSE500.BSE_IDX,01/07/2025,11:25:07,36999.46,0,0,0,0,0,0
BSE500.BSE_IDX,01/07/2025,11:25:15,36998.78,0,0,0,0,0,0
BSE500.BSE_IDX,01/07/2025,11:25:23,36997.62,0,0,0,0,0,0
BSE500.BSE_IDX,01/07/2025,11:25:31,36998.19,0,0,0,0,0,0
BSE500.BSE_IDX,01/07/2025,11:25:41,36997.35,0,0,0,0,0,0
BSE500.BSE_IDX,01/07/2025,11:25:47,36996.04,0,0,0,0,0,0
BSE500.BSE_IDX,01/07/2025,11:25:55,36995.65,0,0,0,0,0,0
BSE500.BSE_IDX,01/07/2025,11:26:03,36996.77,0,0,0,0,0,0
BSE500.BSE_IDX,01/07/2025,11:26:11,36995.43,0,0,0,0,0,0
BSE500.BSE_IDX,01/07/2025,11:26:19,36996.78,0,0,0,0,0,0
BSE500.BSE_IDX,01/07/2025,11:26:27,36996.52,0,0,0,0,0,0
BSE500.BSE_IDX,01/07/2025,11:26:35,36997.55,0,0,0,0,0,0
BSE500.BSE_IDX,01/07/2025,11:26:43,36997.66,0,0,0,0,0,0
BSE500.BSE_IDX,01/07/2025,11:26:51,36996.77,0,0,0,0,0,0
BSE500.BSE_IDX,01/07/2025,11:26:59,36998.37,0,0,0,0,0,0
BSE500.BSE_IDX,01/07/2025,11:27:07,36997.79,0,0,0,0,0,0
BSE500.BSE_IDX,01/07/2025,11:27:15,36998.57,0,0,0,0,0,0
BSE500.BSE_IDX,01/07/2025,11:27:23,36996.7,0,0,0,0,0,0
BSE500.BSE_IDX,01/07/2025,11:27:31,36997.95,0,0,0,0,0,0
BSE500.BSE_IDX,01/07/2025,11:27:39,36998.51,0,0,0,0,0,0
BSE500.BSE_IDX,01/07/2025,11:27:47,36997.82,0,0,0,0,0,0
BSE500.BSE_IDX,01/07/2025,11:27:55,36998.29,0,0,0,0,0,0
BSE500.BSE_IDX,01/07/2025,11:28:03,36998.38,0,0,0,0,0,0
BSE500.BSE_IDX,01/07/2025,11:28:11,36997.22,0,0,0,0,0,0
BSE500.BSE_IDX,01/07/2025,11:28:19,36995.41,0,0,0,0,0,0
BSE500.BSE_IDX,01/07/2025,11:28:27,36996.2,0,0,0,0,0,0
BSE500.BSE_IDX,01/07/2025,11:28:36,36999.18,0,0,0,0,0,0
BSE500.BSE_IDX,01/07/2025,11:28:43,36998.56,0,0,0,0,0,0
BSE500.BSE_IDX,01/07/2025,11:28:51,36999.33,0,0,0,0,0,0
BSE500.BSE_IDX,01/07/2025,11:28:59,36999.66,0,0,0,0,0,0
BSE500.BSE_IDX,01/07/2025,11:29:07,36999.69,0,0,0,0,0,0
BSE500.BSE_IDX,01/07/2025,11:29:16,36999.65,0,0,0,0,0,0
BSE500.BSE_IDX,01/07/2025,11:29:24,36998.99,0,0,0,0,0,0
BSE500.BSE_IDX,01/07/2025,11:29:31,36999.86,0,0,0,0,0,0
BSE500.BSE_IDX,01/07/2025,11:29:39,37001.48,0,0,0,0,0,0
BSE500.BSE_IDX,01/07/2025,11:29:47,37003.25,0,0,0,0,0,0
BSE500.BSE_IDX,01/07/2025,11:29:55,37003.81,0,0,0,0,0,0
BSE500.BSE_IDX,01/07/2025,11:30:03,37005.62,0,0,0,0,0,0
BSE500.BSE_IDX,01/07/2025,11:30:11,37004.69,0,0,0,0,0,0
BSE500.BSE_IDX,01/07/2025,11:30:19,37005.32,0,0,0,0,0,0
BSE500.BSE_IDX,01/07/2025,11:30:27,37005.69,0,0,0,0,0,0
BSE500.BSE_IDX,01/07/2025,11:30:35,37005.74,0,0,0,0,0,0
BSE500.BSE_IDX,01/07/2025,11:30:43,37007.61,0,0,0,0,0,0
BSE500.BSE_IDX,01/07/2025,11:30:51,37007.42,0,0,0,0,0,0
BSE500.BSE_IDX,01/07/2025,11:30:59,37006.88,0,0,0,0,0,0
BSE500.BSE_IDX,01/07/2025,11:31:07,37004.33,0,0,0,0,0,0
BSE500.BSE_IDX,01/07/2025,11:31:15,37002.78,0,0,0,0,0,0
BSE500.BSE_IDX,01/07/2025,11:31:23,37001.2,0,0,0,0,0,0
BSE500.BSE_IDX,01/07/2025,11:31:31,37000.72,0,0,0,0,0,0
BSE500.BSE_IDX,01/07/2025,11:31:39,37000.84,0,0,0,0,0,0
BSE500.BSE_IDX,01/07/2025,11:31:47,37001.49,0,0,0,0,0,0
BSE500.BSE_IDX,01/07/2025,11:31:55,37001.57,0,0,0,0,0,0
BSE500.BSE_IDX,01/07/2025,11:32:04,37000.65,0,0,0,0,0,0
BSE500.BSE_IDX,01/07/2025,11:32:11,36999.54,0,0,0,0,0,0
BSE500.BSE_IDX,01/07/2025,11:32:19,37000.89,0,0,0,0,0,0
BSE500.BSE_IDX,01/07/2025,11:32:27,37000.09,0,0,0,0,0,0
BSE500.BSE_IDX,01/07/2025,11:32:35,37000.27,0,0,0,0,0,0
BSE500.BSE_IDX,01/07/2025,11:32:43,36999.85,0,0,0,0,0,0
BSE500.BSE_IDX,01/07/2025,11:32:51,36997.79,0,0,0,0,0,0
BSE500.BSE_IDX,01/07/2025,11:32:59,36996.71,0,0,0,0,0,0
BSE500.BSE_IDX,01/07/2025,11:33:07,36994.53,0,0,0,0,0,0
BSE500.BSE_IDX,01/07/2025,11:33:15,36991.72,0,0,0,0,0,0
BSE500.BSE_IDX,01/07/2025,11:33:23,36992.64,0,0,0,0,0,0
BSE500.BSE_IDX,01/07/2025,11:33:31,36991.81,0,0,0,0,0,0
BSE500.BSE_IDX,01/07/2025,11:33:39,36992.98,0,0,0,0,0,0
BSE500.BSE_IDX,01/07/2025,11:33:47,36991.15,0,0,0,0,0,0
BSE500.BSE_IDX,01/07/2025,11:33:55,36991.27,0,0,0,0,0,0
BSE500.BSE_IDX,01/07/2025,11:34:03,36991.23,0,0,0,0,0,0
BSE500.BSE_IDX,01/07/2025,11:34:12,36989.78,0,0,0,0,0,0
BSE500.BSE_IDX,01/07/2025,11:34:19,36989.93,0,0,0,0,0,0
BSE500.BSE_IDX,01/07/2025,11:34:27,36988.82,0,0,0,0,0,0
BSE500.BSE_IDX,01/07/2025,11:34:35,36988.04,0,0,0,0,0,0
BSE500.BSE_IDX,01/07/2025,11:34:43,36989.17,0,0,0,0,0,0
BSE500.BSE_IDX,01/07/2025,11:34:51,36989.65,0,0,0,0,0,0
BSE500.BSE_IDX,01/07/2025,11:34:59,36988.54,0,0,0,0,0,0
BSE500.BSE_IDX,01/07/2025,11:35:07,36988.58,0,0,0,0,0,0
BSE500.BSE_IDX,01/07/2025,11:35:16,36988.57,0,0,0,0,0,0
BSE500.BSE_IDX,01/07/2025,11:35:23,36990.56,0,0,0,0,0,0
BSE500.BSE_IDX,01/07/2025,11:35:32,36989.38,0,0,0,0,0,0
BSE500.BSE_IDX,01/07/2025,11:35:39,36989.39,0,0,0,0,0,0
BSE500.BSE_IDX,01/07/2025,11:35:47,36989.94,0,0,0,0,0,0
BSE500.BSE_IDX,01/07/2025,11:35:55,36989.33,0,0,0,0,0,0
BSE500.BSE_IDX,01/07/2025,11:36:04,36989.17,0,0,0,0,0,0
BSE500.BSE_IDX,01/07/2025,11:36:11,36990.54,0,0,0,0,0,0
BSE500.BSE_IDX,01/07/2025,11:36:19,36989,0,0,0,0,0,0
BSE500.BSE_IDX,01/07/2025,11:36:28,36990.01,0,0,0,0,0,0
BSE500.BSE_IDX,01/07/2025,11:36:35,36988.23,0,0,0,0,0,0
BSE500.BSE_IDX,01/07/2025,11:36:43,36988.96,0,0,0,0,0,0
BSE500.BSE_IDX,01/07/2025,11:36:54,36990.21,0,0,0,0,0,0
BSE500.BSE_IDX,01/07/2025,11:36:59,36990.54,0,0,0,0,0,0
BSE500.BSE_IDX,01/07/2025,11:37:07,36990.66,0,0,0,0,0,0
BSE500.BSE_IDX,01/07/2025,11:37:15,36990.96,0,0,0,0,0,0
BSE500.BSE_IDX,01/07/2025,11:37:23,36990.3,0,0,0,0,0,0
BSE500.BSE_IDX,01/07/2025,11:37:31,36991.35,0,0,0,0,0,0
BSE500.BSE_IDX,01/07/2025,11:37:41,36989.75,0,0,0,0,0,0
BSE500.BSE_IDX,01/07/2025,11:37:47,36991.09,0,0,0,0,0,0
BSE500.BSE_IDX,01/07/2025,11:37:55,36992.87,0,0,0,0,0,0
BSE500.BSE_IDX,01/07/2025,11:38:03,36992.79,0,0,0,0,0,0
BSE500.BSE_IDX,01/07/2025,11:38:11,36991.5,0,0,0,0,0,0
BSE500.BSE_IDX,01/07/2025,11:38:20,36989.91,0,0,0,0,0,0
BSE500.BSE_IDX,01/07/2025,11:38:27,36990.65,0,0,0,0,0,0
BSE500.BSE_IDX,01/07/2025,11:38:35,36991.73,0,0,0,0,0,0
BSE500.BSE_IDX,01/07/2025,11:38:43,36990.79,0,0,0,0,0,0
BSE500.BSE_IDX,01/07/2025,11:38:51,36991.09,0,0,0,0,0,0
BSE500.BSE_IDX,01/07/2025,11:38:59,36990.07,0,0,0,0,0,0
BSE500.BSE_IDX,01/07/2025,11:39:07,36990.59,0,0,0,0,0,0
BSE500.BSE_IDX,01/07/2025,11:39:16,36991.57,0,0,0,0,0,0
BSE500.BSE_IDX,01/07/2025,11:39:23,36993.37,0,0,0,0,0,0
BSE500.BSE_IDX,01/07/2025,11:39:31,36994.12,0,0,0,0,0,0
BSE500.BSE_IDX,01/07/2025,11:39:39,36991.71,0,0,0,0,0,0
BSE500.BSE_IDX,01/07/2025,11:39:47,36992.08,0,0,0,0,0,0
BSE500.BSE_IDX,01/07/2025,11:39:55,36991.74,0,0,0,0,0,0
BSE500.BSE_IDX,01/07/2025,11:40:03,36993.7,0,0,0,0,0,0
BSE500.BSE_IDX,01/07/2025,11:40:11,36995.01,0,0,0,0,0,0
BSE500.BSE_IDX,01/07/2025,11:40:19,36994.51,0,0,0,0,0,0
BSE500.BSE_IDX,01/07/2025,11:40:27,36994.84,0,0,0,0,0,0
BSE500.BSE_IDX,01/07/2025,11:40:35,36994.26,0,0,0,0,0,0
BSE500.BSE_IDX,01/07/2025,11:40:43,36995.08,0,0,0,0,0,0
BSE500.BSE_IDX,01/07/2025,11:40:51,36994.38,0,0,0,0,0,0
BSE500.BSE_IDX,01/07/2025,11:41:00,36996.03,0,0,0,0,0,0
BSE500.BSE_IDX,01/07/2025,11:41:07,36995.29,0,0,0,0,0,0
BSE500.BSE_IDX,01/07/2025,11:41:15,36994.84,0,0,0,0,0,0
BSE500.BSE_IDX,01/07/2025,11:41:24,36996.08,0,0,0,0,0,0
BSE500.BSE_IDX,01/07/2025,11:41:32,36995.67,0,0,0,0,0,0
BSE500.BSE_IDX,01/07/2025,11:41:39,36997.39,0,0,0,0,0,0
BSE500.BSE_IDX,01/07/2025,11:41:48,36995.6,0,0,0,0,0,0
BSE500.BSE_IDX,01/07/2025,11:41:56,36993.94,0,0,0,0,0,0
BSE500.BSE_IDX,01/07/2025,11:42:04,36996.63,0,0,0,0,0,0
BSE500.BSE_IDX,01/07/2025,11:42:12,36996.62,0,0,0,0,0,0
BSE500.BSE_IDX,01/07/2025,11:42:20,36996.28,0,0,0,0,0,0
BSE500.BSE_IDX,01/07/2025,11:42:28,36996.84,0,0,0,0,0,0
BSE500.BSE_IDX,01/07/2025,11:42:36,36998.81,0,0,0,0,0,0
BSE500.BSE_IDX,01/07/2025,11:42:44,36999.77,0,0,0,0,0,0
BSE500.BSE_IDX,01/07/2025,11:42:52,37000.94,0,0,0,0,0,0
BSE500.BSE_IDX,01/07/2025,11:43:00,37000.29,0,0,0,0,0,0
BSE500.BSE_IDX,01/07/2025,11:43:08,36999.46,0,0,0,0,0,0
BSE500.BSE_IDX,01/07/2025,11:43:16,37000.85,0,0,0,0,0,0
BSE500.BSE_IDX,01/07/2025,11:43:24,37001.49,0,0,0,0,0,0
BSE500.BSE_IDX,01/07/2025,11:43:32,37000.42,0,0,0,0,0,0
BSE500.BSE_IDX,01/07/2025,11:43:40,36999.01,0,0,0,0,0,0
BSE500.BSE_IDX,01/07/2025,11:43:48,36999.41,0,0,0,0,0,0
BSE500.BSE_IDX,01/07/2025,11:43:56,36997.82,0,0,0,0,0,0
BSE500.BSE_IDX,01/07/2025,11:44:04,36999.14,0,0,0,0,0,0
BSE500.BSE_IDX,01/07/2025,11:44:12,37000.16,0,0,0,0,0,0
BSE500.BSE_IDX,01/07/2025,11:44:20,36999.91,0,0,0,0,0,0
BSE500.BSE_IDX,01/07/2025,11:44:28,36997.59,0,0,0,0,0,0
BSE500.BSE_IDX,01/07/2025,11:44:36,36991.6,0,0,0,0,0,0
BSE500.BSE_IDX,01/07/2025,11:44:44,36990.67,0,0,0,0,0,0
BSE500.BSE_IDX,01/07/2025,11:44:52,36988.71,0,0,0,0,0,0
BSE500.BSE_IDX,01/07/2025,11:45:00,36987.05,0,0,0,0,0,0
BSE500.BSE_IDX,01/07/2025,11:45:08,36991.42,0,0,0,0,0,0
BSE500.BSE_IDX,01/07/2025,11:45:16,36991.77,0,0,0,0,0,0
BSE500.BSE_IDX,01/07/2025,11:45:24,36993.1,0,0,0,0,0,0
BSE500.BSE_IDX,01/07/2025,11:45:32,36993.39,0,0,0,0,0,0
BSE500.BSE_IDX,01/07/2025,11:45:40,36996.35,0,0,0,0,0,0
BSE500.BSE_IDX,01/07/2025,11:45:48,36996.47,0,0,0,0,0,0
BSE500.BSE_IDX,01/07/2025,11:45:56,36998.85,0,0,0,0,0,0
BSE500.BSE_IDX,01/07/2025,11:46:04,37004.05,0,0,0,0,0,0
BSE500.BSE_IDX,01/07/2025,11:46:12,37007.28,0,0,0,0,0,0
BSE500.BSE_IDX,01/07/2025,11:46:20,37004.56,0,0,0,0,0,0
BSE500.BSE_IDX,01/07/2025,11:46:28,37003.38,0,0,0,0,0,0
BSE500.BSE_IDX,01/07/2025,11:46:36,37003.77,0,0,0,0,0,0
BSE500.BSE_IDX,01/07/2025,11:46:44,37002.52,0,0,0,0,0,0
BSE500.BSE_IDX,01/07/2025,11:46:52,37003.36,0,0,0,0,0,0
BSE500.BSE_IDX,01/07/2025,11:47:00,37002.2,0,0,0,0,0,0
BSE500.BSE_IDX,01/07/2025,11:47:08,37001.66,0,0,0,0,0,0
BSE500.BSE_IDX,01/07/2025,11:47:16,36998.13,0,0,0,0,0,0
BSE500.BSE_IDX,01/07/2025,11:47:24,36997.01,0,0,0,0,0,0
BSE500.BSE_IDX,01/07/2025,11:47:32,36997.42,0,0,0,0,0,0
BSE500.BSE_IDX,01/07/2025,11:47:40,36997.75,0,0,0,0,0,0
BSE500.BSE_IDX,01/07/2025,11:47:48,36997.48,0,0,0,0,0,0
BSE500.BSE_IDX,01/07/2025,11:47:56,36993.91,0,0,0,0,0,0
BSE500.BSE_IDX,01/07/2025,11:48:04,36993.79,0,0,0,0,0,0
BSE500.BSE_IDX,01/07/2025,11:48:12,36994.44,0,0,0,0,0,0
BSE500.BSE_IDX,01/07/2025,11:48:20,36996.62,0,0,0,0,0,0
BSE500.BSE_IDX,01/07/2025,11:48:28,36997.21,0,0,0,0,0,0
BSE500.BSE_IDX,01/07/2025,11:48:36,36996.72,0,0,0,0,0,0
BSE500.BSE_IDX,01/07/2025,11:48:44,36998.26,0,0,0,0,0,0
BSE500.BSE_IDX,01/07/2025,11:48:52,36998.25,0,0,0,0,0,0
BSE500.BSE_IDX,01/07/2025,11:49:01,36997.59,0,0,0,0,0,0
BSE500.BSE_IDX,01/07/2025,11:49:09,36997.52,0,0,0,0,0,0
BSE500.BSE_IDX,01/07/2025,11:49:16,36998.01,0,0,0,0,0,0
BSE500.BSE_IDX,01/07/2025,11:49:24,36997.33,0,0,0,0,0,0
BSE500.BSE_IDX,01/07/2025,11:49:32,36997.18,0,0,0,0,0,0
BSE500.BSE_IDX,01/07/2025,11:49:40,36997,0,0,0,0,0,0
BSE500.BSE_IDX,01/07/2025,11:49:49,36994.82,0,0,0,0,0,0
BSE500.BSE_IDX,01/07/2025,11:49:56,36994.94,0,0,0,0,0,0
BSE500.BSE_IDX,01/07/2025,11:50:04,36994.95,0,0,0,0,0,0
BSE500.BSE_IDX,01/07/2025,11:50:12,36993.16,0,0,0,0,0,0
BSE500.BSE_IDX,01/07/2025,11:50:20,36992.45,0,0,0,0,0,0
BSE500.BSE_IDX,01/07/2025,11:50:28,36993.45,0,0,0,0,0,0
BSE500.BSE_IDX,01/07/2025,11:50:36,36993.25,0,0,0,0,0,0
BSE500.BSE_IDX,01/07/2025,11:50:44,36992.86,0,0,0,0,0,0
BSE500.BSE_IDX,01/07/2025,11:50:52,36992.5,0,0,0,0,0,0
BSE500.BSE_IDX,01/07/2025,11:51:00,36992.13,0,0,0,0,0,0
BSE500.BSE_IDX,01/07/2025,11:51:08,36993.91,0,0,0,0,0,0
BSE500.BSE_IDX,01/07/2025,11:51:16,36994.05,0,0,0,0,0,0
BSE500.BSE_IDX,01/07/2025,11:51:24,36991.11,0,0,0,0,0,0
BSE500.BSE_IDX,01/07/2025,11:51:32,36991.83,0,0,0,0,0,0
BSE500.BSE_IDX,01/07/2025,11:51:40,36992.44,0,0,0,0,0,0
BSE500.BSE_IDX,01/07/2025,11:51:48,36993.42,0,0,0,0,0,0
BSE500.BSE_IDX,01/07/2025,11:51:56,36993.59,0,0,0,0,0,0
BSE500.BSE_IDX,01/07/2025,11:52:04,36993.24,0,0,0,0,0,0
BSE500.BSE_IDX,01/07/2025,11:52:12,36991.22,0,0,0,0,0,0
BSE500.BSE_IDX,01/07/2025,11:52:20,36991.18,0,0,0,0,0,0
BSE500.BSE_IDX,01/07/2025,11:52:28,36992.32,0,0,0,0,0,0
BSE500.BSE_IDX,01/07/2025,11:52:36,36991.21,0,0,0,0,0,0
BSE500.BSE_IDX,01/07/2025,11:52:44,36990.24,0,0,0,0,0,0
BSE500.BSE_IDX,01/07/2025,11:52:52,36989.44,0,0,0,0,0,0
BSE500.BSE_IDX,01/07/2025,11:53:00,36986.83,0,0,0,0,0,0
BSE500.BSE_IDX,01/07/2025,11:53:08,36985.36,0,0,0,0,0,0
BSE500.BSE_IDX,01/07/2025,11:53:16,36983.76,0,0,0,0,0,0
BSE500.BSE_IDX,01/07/2025,11:53:24,36982.69,0,0,0,0,0,0
BSE500.BSE_IDX,01/07/2025,11:53:32,36982.02,0,0,0,0,0,0
BSE500.BSE_IDX,01/07/2025,11:53:40,36983.16,0,0,0,0,0,0
BSE500.BSE_IDX,01/07/2025,11:53:48,36981.65,0,0,0,0,0,0
BSE500.BSE_IDX,01/07/2025,11:53:56,36980.19,0,0,0,0,0,0
BSE500.BSE_IDX,01/07/2025,11:54:04,36977.88,0,0,0,0,0,0
BSE500.BSE_IDX,01/07/2025,11:54:12,36973.45,0,0,0,0,0,0
BSE500.BSE_IDX,01/07/2025,11:54:20,36972.94,0,0,0,0,0,0
BSE500.BSE_IDX,01/07/2025,11:54:28,36973.61,0,0,0,0,0,0
BSE500.BSE_IDX,01/07/2025,11:54:36,36973.07,0,0,0,0,0,0
BSE500.BSE_IDX,01/07/2025,11:54:44,36972.61,0,0,0,0,0,0
BSE500.BSE_IDX,01/07/2025,11:54:52,36971.83,0,0,0,0,0,0
BSE500.BSE_IDX,01/07/2025,11:55:00,36971.77,0,0,0,0,0,0
BSE500.BSE_IDX,01/07/2025,11:55:08,36972.55,0,0,0,0,0,0
BSE500.BSE_IDX,01/07/2025,11:55:17,36971.65,0,0,0,0,0,0
BSE500.BSE_IDX,01/07/2025,11:55:24,36971.97,0,0,0,0,0,0
BSE500.BSE_IDX,01/07/2025,11:55:32,36971.54,0,0,0,0,0,0
BSE500.BSE_IDX,01/07/2025,11:55:40,36971.83,0,0,0,0,0,0
BSE500.BSE_IDX,01/07/2025,11:55:48,36970.41,0,0,0,0,0,0
BSE500.BSE_IDX,01/07/2025,11:55:56,36970.88,0,0,0,0,0,0
BSE500.BSE_IDX,01/07/2025,11:56:05,36971.06,0,0,0,0,0,0
BSE500.BSE_IDX,01/07/2025,11:56:12,36969.37,0,0,0,0,0,0
BSE500.BSE_IDX,01/07/2025,11:56:20,36962.45,0,0,0,0,0,0
BSE500.BSE_IDX,01/07/2025,11:56:28,36959.94,0,0,0,0,0,0
BSE500.BSE_IDX,01/07/2025,11:56:36,36960.28,0,0,0,0,0,0
BSE500.BSE_IDX,01/07/2025,11:56:44,36964.08,0,0,0,0,0,0
BSE500.BSE_IDX,01/07/2025,11:56:52,36961,0,0,0,0,0,0
BSE500.BSE_IDX,01/07/2025,11:57:00,36961.03,0,0,0,0,0,0
BSE500.BSE_IDX,01/07/2025,11:57:08,36959.43,0,0,0,0,0,0
BSE500.BSE_IDX,01/07/2025,11:57:16,36960.28,0,0,0,0,0,0
BSE500.BSE_IDX,01/07/2025,11:57:24,36961.13,0,0,0,0,0,0
BSE500.BSE_IDX,01/07/2025,11:57:32,36960.91,0,0,0,0,0,0
BSE500.BSE_IDX,01/07/2025,11:57:40,36960.34,0,0,0,0,0,0
BSE500.BSE_IDX,01/07/2025,11:57:48,36960.72,0,0,0,0,0,0
BSE500.BSE_IDX,01/07/2025,11:57:56,36960.57,0,0,0,0,0,0
BSE500.BSE_IDX,01/07/2025,11:58:04,36960.19,0,0,0,0,0,0
BSE500.BSE_IDX,01/07/2025,11:58:12,36959.96,0,0,0,0,0,0
BSE500.BSE_IDX,01/07/2025,11:58:20,36959.72,0,0,0,0,0,0
BSE500.BSE_IDX,01/07/2025,11:58:28,36959.3,0,0,0,0,0,0
BSE500.BSE_IDX,01/07/2025,11:58:36,36960.91,0,0,0,0,0,0
BSE500.BSE_IDX,01/07/2025,11:58:44,36962.71,0,0,0,0,0,0
BSE500.BSE_IDX,01/07/2025,11:58:52,36963.38,0,0,0,0,0,0
BSE500.BSE_IDX,01/07/2025,11:59:00,36962.22,0,0,0,0,0,0
BSE500.BSE_IDX,01/07/2025,11:59:08,36964.15,0,0,0,0,0,0
BSE500.BSE_IDX,01/07/2025,11:59:16,36964.31,0,0,0,0,0,0
BSE500.BSE_IDX,01/07/2025,11:59:24,36966.3,0,0,0,0,0,0
BSE500.BSE_IDX,01/07/2025,11:59:32,36969.24,0,0,0,0,0,0
BSE500.BSE_IDX,01/07/2025,11:59:40,36970.45,0,0,0,0,0,0
BSE500.BSE_IDX,01/07/2025,11:59:48,36971.89,0,0,0,0,0,0
BSE500.BSE_IDX,01/07/2025,11:59:56,36972.31,0,0,0,0,0,0
BSE500.BSE_IDX,01/07/2025,12:00:05,36973.64,0,0,0,0,0,0
BSE500.BSE_IDX,01/07/2025,12:00:12,36973.11,0,0,0,0,0,0
BSE500.BSE_IDX,01/07/2025,12:00:20,36971.08,0,0,0,0,0,0
BSE500.BSE_IDX,01/07/2025,12:00:28,36970.15,0,0,0,0,0,0
BSE500.BSE_IDX,01/07/2025,12:00:37,36969.83,0,0,0,0,0,0
BSE500.BSE_IDX,01/07/2025,12:00:44,36968.49,0,0,0,0,0,0
BSE500.BSE_IDX,01/07/2025,12:00:52,36969.38,0,0,0,0,0,0
BSE500.BSE_IDX,01/07/2025,12:01:00,36969.8,0,0,0,0,0,0
BSE500.BSE_IDX,01/07/2025,12:01:08,36969.81,0,0,0,0,0,0
BSE500.BSE_IDX,01/07/2025,12:01:16,36970.75,0,0,0,0,0,0
BSE500.BSE_IDX,01/07/2025,12:01:24,36971.76,0,0,0,0,0,0
BSE500.BSE_IDX,01/07/2025,12:01:32,36971.82,0,0,0,0,0,0
BSE500.BSE_IDX,01/07/2025,12:01:40,36972.04,0,0,0,0,0,0
BSE500.BSE_IDX,01/07/2025,12:01:48,36971.52,0,0,0,0,0,0
BSE500.BSE_IDX,01/07/2025,12:01:57,36970.84,0,0,0,0,0,0
BSE500.BSE_IDX,01/07/2025,12:02:04,36971.65,0,0,0,0,0,0
BSE500.BSE_IDX,01/07/2025,12:02:12,36972.38,0,0,0,0,0,0
BSE500.BSE_IDX,01/07/2025,12:02:20,36971.74,0,0,0,0,0,0
BSE500.BSE_IDX,01/07/2025,12:02:28,36970.11,0,0,0,0,0,0
BSE500.BSE_IDX,01/07/2025,12:02:36,36970.99,0,0,0,0,0,0
BSE500.BSE_IDX,01/07/2025,12:02:44,36971.27,0,0,0,0,0,0
BSE500.BSE_IDX,01/07/2025,12:02:52,36972.9,0,0,0,0,0,0
BSE500.BSE_IDX,01/07/2025,12:03:00,36972.5,0,0,0,0,0,0
BSE500.BSE_IDX,01/07/2025,12:03:08,36971.59,0,0,0,0,0,0
BSE500.BSE_IDX,01/07/2025,12:03:17,36972.17,0,0,0,0,0,0
BSE500.BSE_IDX,01/07/2025,12:03:24,36971.75,0,0,0,0,0,0
BSE500.BSE_IDX,01/07/2025,12:03:32,36972.92,0,0,0,0,0,0
BSE500.BSE_IDX,01/07/2025,12:03:40,36973.3,0,0,0,0,0,0
BSE500.BSE_IDX,01/07/2025,12:03:48,36972.27,0,0,0,0,0,0
BSE500.BSE_IDX,01/07/2025,12:03:56,36971.52,0,0,0,0,0,0
BSE500.BSE_IDX,01/07/2025,12:04:04,36972.37,0,0,0,0,0,0
BSE500.BSE_IDX,01/07/2025,12:04:12,36972.14,0,0,0,0,0,0
BSE500.BSE_IDX,01/07/2025,12:04:20,36971.46,0,0,0,0,0,0
BSE500.BSE_IDX,01/07/2025,12:04:28,36973.26,0,0,0,0,0,0
BSE500.BSE_IDX,01/07/2025,12:04:36,36974.09,0,0,0,0,0,0
BSE500.BSE_IDX,01/07/2025,12:04:44,36973.7,0,0,0,0,0,0
BSE500.BSE_IDX,01/07/2025,12:04:52,36972.78,0,0,0,0,0,0
BSE500.BSE_IDX,01/07/2025,12:05:01,36971.84,0,0,0,0,0,0
BSE500.BSE_IDX,01/07/2025,12:05:08,36971.92,0,0,0,0,0,0
BSE500.BSE_IDX,01/07/2025,12:05:16,36973.23,0,0,0,0,0,0
BSE500.BSE_IDX,01/07/2025,12:05:24,36971.87,0,0,0,0,0,0
BSE500.BSE_IDX,01/07/2025,12:05:32,36970.17,0,0,0,0,0,0
BSE500.BSE_IDX,01/07/2025,12:05:40,36971.18,0,0,0,0,0,0
BSE500.BSE_IDX,01/07/2025,12:05:48,36968.9,0,0,0,0,0,0
BSE500.BSE_IDX,01/07/2025,12:05:56,36970.83,0,0,0,0,0,0
BSE500.BSE_IDX,01/07/2025,12:06:04,36971.73,0,0,0,0,0,0
BSE500.BSE_IDX,01/07/2025,12:06:12,36972.87,0,0,0,0,0,0
BSE500.BSE_IDX,01/07/2025,12:06:20,36973.43,0,0,0,0,0,0
BSE500.BSE_IDX,01/07/2025,12:06:28,36972.15,0,0,0,0,0,0
BSE500.BSE_IDX,01/07/2025,12:06:36,36970.41,0,0,0,0,0,0
BSE500.BSE_IDX,01/07/2025,12:06:44,36971.54,0,0,0,0,0,0
BSE500.BSE_IDX,01/07/2025,12:06:53,36970.37,0,0,0,0,0,0
BSE500.BSE_IDX,01/07/2025,12:07:00,36968.71,0,0,0,0,0,0
BSE500.BSE_IDX,01/07/2025,12:07:08,36968.85,0,0,0,0,0,0
BSE500.BSE_IDX,01/07/2025,12:07:16,36969.2,0,0,0,0,0,0
BSE500.BSE_IDX,01/07/2025,12:07:24,36968.32,0,0,0,0,0,0
BSE500.BSE_IDX,01/07/2025,12:07:32,36967.58,0,0,0,0,0,0
BSE500.BSE_IDX,01/07/2025,12:07:40,36967.57,0,0,0,0,0,0
BSE500.BSE_IDX,01/07/2025,12:07:48,36968.77,0,0,0,0,0,0
BSE500.BSE_IDX,01/07/2025,12:07:56,36967.53,0,0,0,0,0,0
BSE500.BSE_IDX,01/07/2025,12:08:04,36968.49,0,0,0,0,0,0
BSE500.BSE_IDX,01/07/2025,12:08:12,36968.63,0,0,0,0,0,0
BSE500.BSE_IDX,01/07/2025,12:08:20,36966.55,0,0,0,0,0,0
BSE500.BSE_IDX,01/07/2025,12:08:28,36966.1,0,0,0,0,0,0
BSE500.BSE_IDX,01/07/2025,12:08:36,36965.77,0,0,0,0,0,0
BSE500.BSE_IDX,01/07/2025,12:08:44,36967.16,0,0,0,0,0,0
BSE500.BSE_IDX,01/07/2025,12:08:52,36969.27,0,0,0,0,0,0
BSE500.BSE_IDX,01/07/2025,12:09:00,36969.13,0,0,0,0,0,0
BSE500.BSE_IDX,01/07/2025,12:09:08,36969.3,0,0,0,0,0,0
BSE500.BSE_IDX,01/07/2025,12:09:16,36970.89,0,0,0,0,0,0
BSE500.BSE_IDX,01/07/2025,12:09:25,36969.8,0,0,0,0,0,0
BSE500.BSE_IDX,01/07/2025,12:09:32,36970.58,0,0,0,0,0,0
BSE500.BSE_IDX,01/07/2025,12:09:40,36972.56,0,0,0,0,0,0
BSE500.BSE_IDX,01/07/2025,12:09:48,36972.31,0,0,0,0,0,0
BSE500.BSE_IDX,01/07/2025,12:09:57,36973.2,0,0,0,0,0,0
BSE500.BSE_IDX,01/07/2025,12:10:05,36971.83,0,0,0,0,0,0
BSE500.BSE_IDX,01/07/2025,12:10:13,36970.74,0,0,0,0,0,0
BSE500.BSE_IDX,01/07/2025,12:10:22,36973.33,0,0,0,0,0,0
BSE500.BSE_IDX,01/07/2025,12:10:28,36973.24,0,0,0,0,0,0
BSE500.BSE_IDX,01/07/2025,12:10:36,36972.31,0,0,0,0,0,0
BSE500.BSE_IDX,01/07/2025,12:10:45,36971.65,0,0,0,0,0,0
BSE500.BSE_IDX,01/07/2025,12:10:52,36972.49,0,0,0,0,0,0
BSE500.BSE_IDX,01/07/2025,12:11:00,36972.28,0,0,0,0,0,0
BSE500.BSE_IDX,01/07/2025,12:11:08,36972.91,0,0,0,0,0,0
BSE500.BSE_IDX,01/07/2025,12:11:17,36972.91,0,0,0,0,0,0
BSE500.BSE_IDX,01/07/2025,12:11:24,36973.7,0,0,0,0,0,0
BSE500.BSE_IDX,01/07/2025,12:11:32,36973.21,0,0,0,0,0,0
BSE500.BSE_IDX,01/07/2025,12:11:40,36974.25,0,0,0,0,0,0
BSE500.BSE_IDX,01/07/2025,12:11:49,36977.63,0,0,0,0,0,0
BSE500.BSE_IDX,01/07/2025,12:11:57,36979.27,0,0,0,0,0,0
BSE500.BSE_IDX,01/07/2025,12:12:05,36980.48,0,0,0,0,0,0
BSE500.BSE_IDX,01/07/2025,12:12:13,36981.65,0,0,0,0,0,0
BSE500.BSE_IDX,01/07/2025,12:12:21,36983.57,0,0,0,0,0,0
BSE500.BSE_IDX,01/07/2025,12:12:29,36983.14,0,0,0,0,0,0
BSE500.BSE_IDX,01/07/2025,12:12:37,36984.57,0,0,0,0,0,0
BSE500.BSE_IDX,01/07/2025,12:12:45,36984.31,0,0,0,0,0,0
BSE500.BSE_IDX,01/07/2025,12:12:53,36982.47,0,0,0,0,0,0
BSE500.BSE_IDX,01/07/2025,12:13:01,36983.51,0,0,0,0,0,0
BSE500.BSE_IDX,01/07/2025,12:13:09,36984.07,0,0,0,0,0,0
BSE500.BSE_IDX,01/07/2025,12:13:17,36984.51,0,0,0,0,0,0
BSE500.BSE_IDX,01/07/2025,12:13:25,36985.26,0,0,0,0,0,0
BSE500.BSE_IDX,01/07/2025,12:13:33,36985.84,0,0,0,0,0,0
BSE500.BSE_IDX,01/07/2025,12:13:41,36987.52,0,0,0,0,0,0
BSE500.BSE_IDX,01/07/2025,12:13:49,36986.31,0,0,0,0,0,0
BSE500.BSE_IDX,01/07/2025,12:13:57,36986.37,0,0,0,0,0,0
BSE500.BSE_IDX,01/07/2025,12:14:05,36986.64,0,0,0,0,0,0
BSE500.BSE_IDX,01/07/2025,12:14:13,36986.59,0,0,0,0,0,0
BSE500.BSE_IDX,01/07/2025,12:14:21,36987.87,0,0,0,0,0,0
BSE500.BSE_IDX,01/07/2025,12:14:29,36987.64,0,0,0,0,0,0
BSE500.BSE_IDX,01/07/2025,12:14:37,36987.43,0,0,0,0,0,0
BSE500.BSE_IDX,01/07/2025,12:14:46,36988.21,0,0,0,0,0,0
BSE500.BSE_IDX,01/07/2025,12:14:54,36986.89,0,0,0,0,0,0
BSE500.BSE_IDX,01/07/2025,12:15:01,36987.19,0,0,0,0,0,0
BSE500.BSE_IDX,01/07/2025,12:15:09,36987.42,0,0,0,0,0,0
BSE500.BSE_IDX,01/07/2025,12:15:17,36989.16,0,0,0,0,0,0
BSE500.BSE_IDX,01/07/2025,12:15:25,36989.38,0,0,0,0,0,0
BSE500.BSE_IDX,01/07/2025,12:15:33,36988.85,0,0,0,0,0,0
BSE500.BSE_IDX,01/07/2025,12:15:41,36988.33,0,0,0,0,0,0
BSE500.BSE_IDX,01/07/2025,12:15:49,36987.64,0,0,0,0,0,0
BSE500.BSE_IDX,01/07/2025,12:15:57,36989.39,0,0,0,0,0,0
BSE500.BSE_IDX,01/07/2025,12:16:05,36989.07,0,0,0,0,0,0
BSE500.BSE_IDX,01/07/2025,12:16:13,36990.02,0,0,0,0,0,0
BSE500.BSE_IDX,01/07/2025,12:16:21,36991.07,0,0,0,0,0,0
BSE500.BSE_IDX,01/07/2025,12:16:29,36992.74,0,0,0,0,0,0
BSE500.BSE_IDX,01/07/2025,12:16:37,36993.68,0,0,0,0,0,0
BSE500.BSE_IDX,01/07/2025,12:16:45,36992.94,0,0,0,0,0,0
BSE500.BSE_IDX,01/07/2025,12:16:53,36990.6,0,0,0,0,0,0
BSE500.BSE_IDX,01/07/2025,12:17:01,36989.96,0,0,0,0,0,0
BSE500.BSE_IDX,01/07/2025,12:17:09,36991.28,0,0,0,0,0,0
BSE500.BSE_IDX,01/07/2025,12:17:17,36993.6,0,0,0,0,0,0
BSE500.BSE_IDX,01/07/2025,12:17:25,36991.39,0,0,0,0,0,0
BSE500.BSE_IDX,01/07/2025,12:17:33,36993.13,0,0,0,0,0,0
BSE500.BSE_IDX,01/07/2025,12:17:41,36992.86,0,0,0,0,0,0
BSE500.BSE_IDX,01/07/2025,12:17:49,36993.5,0,0,0,0,0,0
BSE500.BSE_IDX,01/07/2025,12:17:57,36993.93,0,0,0,0,0,0
BSE500.BSE_IDX,01/07/2025,12:18:05,36995.95,0,0,0,0,0,0
BSE500.BSE_IDX,01/07/2025,12:18:13,36996.51,0,0,0,0,0,0
BSE500.BSE_IDX,01/07/2025,12:18:21,36996.16,0,0,0,0,0,0
BSE500.BSE_IDX,01/07/2025,12:18:29,36997.36,0,0,0,0,0,0
BSE500.BSE_IDX,01/07/2025,12:18:37,36997.49,0,0,0,0,0,0
BSE500.BSE_IDX,01/07/2025,12:18:45,36998.43,0,0,0,0,0,0
BSE500.BSE_IDX,01/07/2025,12:18:53,36999.22,0,0,0,0,0,0
BSE500.BSE_IDX,01/07/2025,12:19:01,37001.11,0,0,0,0,0,0
BSE500.BSE_IDX,01/07/2025,12:19:09,37002.66,0,0,0,0,0,0
BSE500.BSE_IDX,01/07/2025,12:19:17,37002.33,0,0,0,0,0,0
BSE500.BSE_IDX,01/07/2025,12:19:25,37003.64,0,0,0,0,0,0
BSE500.BSE_IDX,01/07/2025,12:19:33,37005.18,0,0,0,0,0,0
BSE500.BSE_IDX,01/07/2025,12:19:41,37007.35,0,0,0,0,0,0
BSE500.BSE_IDX,01/07/2025,12:19:49,37008.95,0,0,0,0,0,0
BSE500.BSE_IDX,01/07/2025,12:19:57,37009.62,0,0,0,0,0,0
BSE500.BSE_IDX,01/07/2025,12:20:05,37011.67,0,0,0,0,0,0
BSE500.BSE_IDX,01/07/2025,12:20:13,37010.03,0,0,0,0,0,0
BSE500.BSE_IDX,01/07/2025,12:20:21,37014.3,0,0,0,0,0,0
BSE500.BSE_IDX,01/07/2025,12:20:29,37018.69,0,0,0,0,0,0
BSE500.BSE_IDX,01/07/2025,12:20:37,37020.03,0,0,0,0,0,0
BSE500.BSE_IDX,01/07/2025,12:20:45,37017.59,0,0,0,0,0,0
BSE500.BSE_IDX,01/07/2025,12:20:53,37019.21,0,0,0,0,0,0
BSE500.BSE_IDX,01/07/2025,12:21:01,37019.28,0,0,0,0,0,0
BSE500.BSE_IDX,01/07/2025,12:21:09,37018.87,0,0,0,0,0,0
BSE500.BSE_IDX,01/07/2025,12:21:17,37015.79,0,0,0,0,0,0
BSE500.BSE_IDX,01/07/2025,12:21:25,37016.42,0,0,0,0,0,0
BSE500.BSE_IDX,01/07/2025,12:21:33,37017.25,0,0,0,0,0,0
BSE500.BSE_IDX,01/07/2025,12:21:41,37020.51,0,0,0,0,0,0
BSE500.BSE_IDX,01/07/2025,12:21:49,37022.47,0,0,0,0,0,0
BSE500.BSE_IDX,01/07/2025,12:21:57,37023.05,0,0,0,0,0,0
BSE500.BSE_IDX,01/07/2025,12:22:05,37025.58,0,0,0,0,0,0
BSE500.BSE_IDX,01/07/2025,12:22:13,37024.87,0,0,0,0,0,0
BSE500.BSE_IDX,01/07/2025,12:22:21,37024.57,0,0,0,0,0,0
BSE500.BSE_IDX,01/07/2025,12:22:29,37023.87,0,0,0,0,0,0
BSE500.BSE_IDX,01/07/2025,12:22:37,37022,0,0,0,0,0,0
BSE500.BSE_IDX,01/07/2025,12:22:45,37021.35,0,0,0,0,0,0
BSE500.BSE_IDX,01/07/2025,12:22:53,37021.56,0,0,0,0,0,0
BSE500.BSE_IDX,01/07/2025,12:23:02,37022.99,0,0,0,0,0,0
BSE500.BSE_IDX,01/07/2025,12:23:09,37023.24,0,0,0,0,0,0
BSE500.BSE_IDX,01/07/2025,12:23:17,37022.72,0,0,0,0,0,0
BSE500.BSE_IDX,01/07/2025,12:23:25,37022.21,0,0,0,0,0,0
BSE500.BSE_IDX,01/07/2025,12:23:33,37021.17,0,0,0,0,0,0
BSE500.BSE_IDX,01/07/2025,12:23:41,37022.42,0,0,0,0,0,0
BSE500.BSE_IDX,01/07/2025,12:23:49,37023.35,0,0,0,0,0,0
BSE500.BSE_IDX,01/07/2025,12:23:57,37023.7,0,0,0,0,0,0
BSE500.BSE_IDX,01/07/2025,12:24:05,37024.18,0,0,0,0,0,0
BSE500.BSE_IDX,01/07/2025,12:24:13,37025.49,0,0,0,0,0,0
BSE500.BSE_IDX,01/07/2025,12:24:21,37026.99,0,0,0,0,0,0
BSE500.BSE_IDX,01/07/2025,12:24:29,37026.32,0,0,0,0,0,0
BSE500.BSE_IDX,01/07/2025,12:24:37,37026.32,0,0,0,0,0,0
BSE500.BSE_IDX,01/07/2025,12:24:45,37027.34,0,0,0,0,0,0
BSE500.BSE_IDX,01/07/2025,12:24:53,37026.35,0,0,0,0,0,0
BSE500.BSE_IDX,01/07/2025,12:25:01,37027.08,0,0,0,0,0,0
BSE500.BSE_IDX,01/07/2025,12:25:09,37027.18,0,0,0,0,0,0
BSE500.BSE_IDX,01/07/2025,12:25:17,37027.1,0,0,0,0,0,0
BSE500.BSE_IDX,01/07/2025,12:25:25,37028.13,0,0,0,0,0,0
BSE500.BSE_IDX,01/07/2025,12:25:33,37029.69,0,0,0,0,0,0
BSE500.BSE_IDX,01/07/2025,12:25:41,37029.85,0,0,0,0,0,0
BSE500.BSE_IDX,01/07/2025,12:25:49,37029.71,0,0,0,0,0,0
BSE500.BSE_IDX,01/07/2025,12:25:57,37031.2,0,0,0,0,0,0
BSE500.BSE_IDX,01/07/2025,12:26:05,37031.4,0,0,0,0,0,0
BSE500.BSE_IDX,01/07/2025,12:26:13,37031.26,0,0,0,0,0,0
BSE500.BSE_IDX,01/07/2025,12:26:21,37030.72,0,0,0,0,0,0
BSE500.BSE_IDX,01/07/2025,12:26:31,37031.14,0,0,0,0,0,0
BSE500.BSE_IDX,01/07/2025,12:26:37,37033.39,0,0,0,0,0,0
BSE500.BSE_IDX,01/07/2025,12:26:45,37033.55,0,0,0,0,0,0
BSE500.BSE_IDX,01/07/2025,12:26:53,37032.6,0,0,0,0,0,0
BSE500.BSE_IDX,01/07/2025,12:27:01,37029.98,0,0,0,0,0,0
BSE500.BSE_IDX,01/07/2025,12:27:09,37029.15,0,0,0,0,0,0
BSE500.BSE_IDX,01/07/2025,12:27:17,37029.64,0,0,0,0,0,0
BSE500.BSE_IDX,01/07/2025,12:27:25,37030.09,0,0,0,0,0,0
BSE500.BSE_IDX,01/07/2025,12:27:33,37028.8,0,0,0,0,0,0
BSE500.BSE_IDX,01/07/2025,12:27:41,37029.8,0,0,0,0,0,0
BSE500.BSE_IDX,01/07/2025,12:27:49,37028.77,0,0,0,0,0,0
BSE500.BSE_IDX,01/07/2025,12:27:57,37028.77,0,0,0,0,0,0
BSE500.BSE_IDX,01/07/2025,12:28:05,37028.4,0,0,0,0,0,0
BSE500.BSE_IDX,01/07/2025,12:28:13,37029.34,0,0,0,0,0,0
BSE500.BSE_IDX,01/07/2025,12:28:21,37028.29,0,0,0,0,0,0
BSE500.BSE_IDX,01/07/2025,12:28:29,37026.64,0,0,0,0,0,0
BSE500.BSE_IDX,01/07/2025,12:28:37,37027.77,0,0,0,0,0,0
BSE500.BSE_IDX,01/07/2025,12:28:45,37024.93,0,0,0,0,0,0
BSE500.BSE_IDX,01/07/2025,12:28:53,37021.72,0,0,0,0,0,0
BSE500.BSE_IDX,01/07/2025,12:29:01,37020.02,0,0,0,0,0,0
BSE500.BSE_IDX,01/07/2025,12:29:10,37018.57,0,0,0,0,0,0
BSE500.BSE_IDX,01/07/2025,12:29:18,37018.94,0,0,0,0,0,0
BSE500.BSE_IDX,01/07/2025,12:29:25,37021.31,0,0,0,0,0,0
BSE500.BSE_IDX,01/07/2025,12:29:33,37020.12,0,0,0,0,0,0
BSE500.BSE_IDX,01/07/2025,12:29:41,37019.21,0,0,0,0,0,0
BSE500.BSE_IDX,01/07/2025,12:29:49,37018.75,0,0,0,0,0,0
BSE500.BSE_IDX,01/07/2025,12:29:57,37019.83,0,0,0,0,0,0
BSE500.BSE_IDX,01/07/2025,12:30:05,37025.73,0,0,0,0,0,0
BSE500.BSE_IDX,01/07/2025,12:30:13,37026.91,0,0,0,0,0,0
BSE500.BSE_IDX,01/07/2025,12:30:22,37026.1,0,0,0,0,0,0
BSE500.BSE_IDX,01/07/2025,12:30:29,37024.35,0,0,0,0,0,0
BSE500.BSE_IDX,01/07/2025,12:30:37,37023.74,0,0,0,0,0,0
BSE500.BSE_IDX,01/07/2025,12:30:45,37024.36,0,0,0,0,0,0
BSE500.BSE_IDX,01/07/2025,12:30:53,37025.3,0,0,0,0,0,0
BSE500.BSE_IDX,01/07/2025,12:31:01,37025.99,0,0,0,0,0,0
BSE500.BSE_IDX,01/07/2025,12:31:09,37021.47,0,0,0,0,0,0
BSE500.BSE_IDX,01/07/2025,12:31:17,37018.07,0,0,0,0,0,0
BSE500.BSE_IDX,01/07/2025,12:31:25,37017.26,0,0,0,0,0,0
BSE500.BSE_IDX,01/07/2025,12:31:34,37016.45,0,0,0,0,0,0
BSE500.BSE_IDX,01/07/2025,12:31:41,37014.51,0,0,0,0,0,0
BSE500.BSE_IDX,01/07/2025,12:31:49,37013.71,0,0,0,0,0,0
BSE500.BSE_IDX,01/07/2025,12:31:57,37012.79,0,0,0,0,0,0
BSE500.BSE_IDX,01/07/2025,12:32:05,37013.1,0,0,0,0,0,0
BSE500.BSE_IDX,01/07/2025,12:32:13,37013.94,0,0,0,0,0,0
BSE500.BSE_IDX,01/07/2025,12:32:21,37013.85,0,0,0,0,0,0
BSE500.BSE_IDX,01/07/2025,12:32:29,37014.6,0,0,0,0,0,0
BSE500.BSE_IDX,01/07/2025,12:32:37,37013.74,0,0,0,0,0,0
BSE500.BSE_IDX,01/07/2025,12:32:45,37013.64,0,0,0,0,0,0
BSE500.BSE_IDX,01/07/2025,12:32:53,37012.2,0,0,0,0,0,0
BSE500.BSE_IDX,01/07/2025,12:33:01,37012.81,0,0,0,0,0,0
BSE500.BSE_IDX,01/07/2025,12:33:09,37011.85,0,0,0,0,0,0
BSE500.BSE_IDX,01/07/2025,12:33:17,37010.8,0,0,0,0,0,0
BSE500.BSE_IDX,01/07/2025,12:33:26,37011.16,0,0,0,0,0,0
BSE500.BSE_IDX,01/07/2025,12:33:33,37011.5,0,0,0,0,0,0
BSE500.BSE_IDX,01/07/2025,12:33:41,37012.33,0,0,0,0,0,0
BSE500.BSE_IDX,01/07/2025,12:33:49,37011.69,0,0,0,0,0,0
BSE500.BSE_IDX,01/07/2025,12:33:57,37011.44,0,0,0,0,0,0
BSE500.BSE_IDX,01/07/2025,12:34:05,37012.49,0,0,0,0,0,0
BSE500.BSE_IDX,01/07/2025,12:34:13,37013.95,0,0,0,0,0,0
BSE500.BSE_IDX,01/07/2025,12:34:21,37014.34,0,0,0,0,0,0
BSE500.BSE_IDX,01/07/2025,12:34:29,37016.34,0,0,0,0,0,0
BSE500.BSE_IDX,01/07/2025,12:34:37,37016.42,0,0,0,0,0,0
BSE500.BSE_IDX,01/07/2025,12:34:45,37016.92,0,0,0,0,0,0
BSE500.BSE_IDX,01/07/2025,12:34:53,37018.55,0,0,0,0,0,0
BSE500.BSE_IDX,01/07/2025,12:35:01,37019.88,0,0,0,0,0,0
BSE500.BSE_IDX,01/07/2025,12:35:09,37020.79,0,0,0,0,0,0
BSE500.BSE_IDX,01/07/2025,12:35:17,37022.41,0,0,0,0,0,0
BSE500.BSE_IDX,01/07/2025,12:35:25,37023.89,0,0,0,0,0,0
BSE500.BSE_IDX,01/07/2025,12:35:33,37024.25,0,0,0,0,0,0
BSE500.BSE_IDX,01/07/2025,12:35:41,37023.34,0,0,0,0,0,0
BSE500.BSE_IDX,01/07/2025,12:35:49,37026.47,0,0,0,0,0,0
BSE500.BSE_IDX,01/07/2025,12:35:57,37024.51,0,0,0,0,0,0
BSE500.BSE_IDX,01/07/2025,12:36:05,37027.5,0,0,0,0,0,0
BSE500.BSE_IDX,01/07/2025,12:36:13,37027.99,0,0,0,0,0,0
BSE500.BSE_IDX,01/07/2025,12:36:21,37026.07,0,0,0,0,0,0
BSE500.BSE_IDX,01/07/2025,12:36:29,37026.87,0,0,0,0,0,0
BSE500.BSE_IDX,01/07/2025,12:36:37,37027.13,0,0,0,0,0,0
BSE500.BSE_IDX,01/07/2025,12:36:45,37028.64,0,0,0,0,0,0
BSE500.BSE_IDX,01/07/2025,12:36:53,37028.82,0,0,0,0,0,0
BSE500.BSE_IDX,01/07/2025,12:37:01,37029.79,0,0,0,0,0,0
BSE500.BSE_IDX,01/07/2025,12:37:09,37030.7,0,0,0,0,0,0
BSE500.BSE_IDX,01/07/2025,12:37:17,37029.91,0,0,0,0,0,0
BSE500.BSE_IDX,01/07/2025,12:37:25,37027.62,0,0,0,0,0,0
BSE500.BSE_IDX,01/07/2025,12:37:33,37026.95,0,0,0,0,0,0
BSE500.BSE_IDX,01/07/2025,12:37:41,37024.7,0,0,0,0,0,0
BSE500.BSE_IDX,01/07/2025,12:37:49,37023.84,0,0,0,0,0,0
BSE500.BSE_IDX,01/07/2025,12:37:57,37022.34,0,0,0,0,0,0
BSE500.BSE_IDX,01/07/2025,12:38:05,37022.93,0,0,0,0,0,0
BSE500.BSE_IDX,01/07/2025,12:38:13,37022.99,0,0,0,0,0,0
BSE500.BSE_IDX,01/07/2025,12:38:22,37024.8,0,0,0,0,0,0
BSE500.BSE_IDX,01/07/2025,12:38:29,37024.27,0,0,0,0,0,0
BSE500.BSE_IDX,01/07/2025,12:38:39,37024.9,0,0,0,0,0,0
BSE500.BSE_IDX,01/07/2025,12:38:45,37025.34,0,0,0,0,0,0
BSE500.BSE_IDX,01/07/2025,12:38:53,37026.86,0,0,0,0,0,0
BSE500.BSE_IDX,01/07/2025,12:39:01,37026.68,0,0,0,0,0,0
BSE500.BSE_IDX,01/07/2025,12:39:10,37024.96,0,0,0,0,0,0
BSE500.BSE_IDX,01/07/2025,12:39:17,37026.76,0,0,0,0,0,0
BSE500.BSE_IDX,01/07/2025,12:39:25,37026.43,0,0,0,0,0,0
BSE500.BSE_IDX,01/07/2025,12:39:34,37026.5,0,0,0,0,0,0
BSE500.BSE_IDX,01/07/2025,12:39:42,37028.02,0,0,0,0,0,0
BSE500.BSE_IDX,01/07/2025,12:39:49,37028.24,0,0,0,0,0,0
BSE500.BSE_IDX,01/07/2025,12:39:57,37028.2,0,0,0,0,0,0
BSE500.BSE_IDX,01/07/2025,12:40:05,37029.56,0,0,0,0,0,0
BSE500.BSE_IDX,01/07/2025,12:40:14,37028.44,0,0,0,0,0,0
BSE500.BSE_IDX,01/07/2025,12:40:21,37028.84,0,0,0,0,0,0
BSE500.BSE_IDX,01/07/2025,12:40:29,37028.13,0,0,0,0,0,0
BSE500.BSE_IDX,01/07/2025,12:40:37,37028.56,0,0,0,0,0,0
BSE500.BSE_IDX,01/07/2025,12:40:45,37028.26,0,0,0,0,0,0
BSE500.BSE_IDX,01/07/2025,12:40:54,37028.33,0,0,0,0,0,0
BSE500.BSE_IDX,01/07/2025,12:41:01,37027.77,0,0,0,0,0,0
BSE500.BSE_IDX,01/07/2025,12:41:09,37026.37,0,0,0,0,0,0
BSE500.BSE_IDX,01/07/2025,12:41:17,37026.44,0,0,0,0,0,0
BSE500.BSE_IDX,01/07/2025,12:41:25,37026.1,0,0,0,0,0,0
BSE500.BSE_IDX,01/07/2025,12:41:33,37026.22,0,0,0,0,0,0
BSE500.BSE_IDX,01/07/2025,12:41:41,37027.18,0,0,0,0,0,0
BSE500.BSE_IDX,01/07/2025,12:41:49,37029.08,0,0,0,0,0,0
BSE500.BSE_IDX,01/07/2025,12:41:57,37029.21,0,0,0,0,0,0
BSE500.BSE_IDX,01/07/2025,12:42:05,37028.27,0,0,0,0,0,0
BSE500.BSE_IDX,01/07/2025,12:42:13,37028.76,0,0,0,0,0,0
BSE500.BSE_IDX,01/07/2025,12:42:21,37028.63,0,0,0,0,0,0
BSE500.BSE_IDX,01/07/2025,12:42:29,37030.56,0,0,0,0,0,0
BSE500.BSE_IDX,01/07/2025,12:42:37,37029.71,0,0,0,0,0,0
BSE500.BSE_IDX,01/07/2025,12:42:45,37029.73,0,0,0,0,0,0
BSE500.BSE_IDX,01/07/2025,12:42:53,37029.87,0,0,0,0,0,0
BSE500.BSE_IDX,01/07/2025,12:43:01,37030.8,0,0,0,0,0,0
BSE500.BSE_IDX,01/07/2025,12:43:10,37030.4,0,0,0,0,0,0
BSE500.BSE_IDX,01/07/2025,12:43:17,37030.42,0,0,0,0,0,0
BSE500.BSE_IDX,01/07/2025,12:43:26,37030.86,0,0,0,0,0,0
BSE500.BSE_IDX,01/07/2025,12:43:33,37030.71,0,0,0,0,0,0
BSE500.BSE_IDX,01/07/2025,12:43:41,37027.92,0,0,0,0,0,0
BSE500.BSE_IDX,01/07/2025,12:43:49,37027.66,0,0,0,0,0,0
BSE500.BSE_IDX,01/07/2025,12:43:58,37027.21,0,0,0,0,0,0
BSE500.BSE_IDX,01/07/2025,12:44:05,37027.29,0,0,0,0,0,0
BSE500.BSE_IDX,01/07/2025,12:44:14,37025.69,0,0,0,0,0,0
BSE500.BSE_IDX,01/07/2025,12:44:21,37022.67,0,0,0,0,0,0
BSE500.BSE_IDX,01/07/2025,12:44:29,37021.49,0,0,0,0,0,0
BSE500.BSE_IDX,01/07/2025,12:44:38,37021.01,0,0,0,0,0,0
BSE500.BSE_IDX,01/07/2025,12:44:45,37021.79,0,0,0,0,0,0
BSE500.BSE_IDX,01/07/2025,12:44:53,37020.48,0,0,0,0,0,0
BSE500.BSE_IDX,01/07/2025,12:45:01,37020.7,0,0,0,0,0,0
BSE500.BSE_IDX,01/07/2025,12:45:11,37020.11,0,0,0,0,0,0
BSE500.BSE_IDX,01/07/2025,12:45:17,37018.86,0,0,0,0,0,0
BSE500.BSE_IDX,01/07/2025,12:45:25,37018.83,0,0,0,0,0,0
BSE500.BSE_IDX,01/07/2025,12:45:34,37019.15,0,0,0,0,0,0
BSE500.BSE_IDX,01/07/2025,12:45:42,37017.74,0,0,0,0,0,0
BSE500.BSE_IDX,01/07/2025,12:45:50,37018.46,0,0,0,0,0,0
BSE500.BSE_IDX,01/07/2025,12:45:58,37017.61,0,0,0,0,0,0
BSE500.BSE_IDX,01/07/2025,12:46:06,37018.17,0,0,0,0,0,0
BSE500.BSE_IDX,01/07/2025,12:46:14,37017.23,0,0,0,0,0,0
BSE500.BSE_IDX,01/07/2025,12:46:22,37016.75,0,0,0,0,0,0
BSE500.BSE_IDX,01/07/2025,12:46:30,37014.88,0,0,0,0,0,0
BSE500.BSE_IDX,01/07/2025,12:46:38,37014.2,0,0,0,0,0,0
BSE500.BSE_IDX,01/07/2025,12:46:46,37014.73,0,0,0,0,0,0
BSE500.BSE_IDX,01/07/2025,12:46:54,37012.47,0,0,0,0,0,0
BSE500.BSE_IDX,01/07/2025,12:47:02,37012.74,0,0,0,0,0,0
BSE500.BSE_IDX,01/07/2025,12:47:10,37012.37,0,0,0,0,0,0
BSE500.BSE_IDX,01/07/2025,12:47:18,37012.54,0,0,0,0,0,0
BSE500.BSE_IDX,01/07/2025,12:47:26,37012.86,0,0,0,0,0,0
BSE500.BSE_IDX,01/07/2025,12:47:34,37013.88,0,0,0,0,0,0
BSE500.BSE_IDX,01/07/2025,12:47:42,37011.7,0,0,0,0,0,0
BSE500.BSE_IDX,01/07/2025,12:47:50,37013.26,0,0,0,0,0,0
BSE500.BSE_IDX,01/07/2025,12:47:58,37013.19,0,0,0,0,0,0
BSE500.BSE_IDX,01/07/2025,12:48:06,37013.67,0,0,0,0,0,0
BSE500.BSE_IDX,01/07/2025,12:48:14,37014.94,0,0,0,0,0,0
BSE500.BSE_IDX,01/07/2025,12:48:22,37014.56,0,0,0,0,0,0
BSE500.BSE_IDX,01/07/2025,12:48:30,37016.64,0,0,0,0,0,0
BSE500.BSE_IDX,01/07/2025,12:48:38,37016.63,0,0,0,0,0,0
BSE500.BSE_IDX,01/07/2025,12:48:46,37016.06,0,0,0,0,0,0
BSE500.BSE_IDX,01/07/2025,12:48:54,37016.17,0,0,0,0,0,0
BSE500.BSE_IDX,01/07/2025,12:49:02,37015.93,0,0,0,0,0,0
BSE500.BSE_IDX,01/07/2025,12:49:10,37016.01,0,0,0,0,0,0
BSE500.BSE_IDX,01/07/2025,12:49:18,37015.49,0,0,0,0,0,0
BSE500.BSE_IDX,01/07/2025,12:49:26,37015.59,0,0,0,0,0,0
BSE500.BSE_IDX,01/07/2025,12:49:34,37015.04,0,0,0,0,0,0
BSE500.BSE_IDX,01/07/2025,12:49:42,37015.93,0,0,0,0,0,0
BSE500.BSE_IDX,01/07/2025,12:49:50,37017.59,0,0,0,0,0,0
BSE500.BSE_IDX,01/07/2025,12:49:58,37018.23,0,0,0,0,0,0
BSE500.BSE_IDX,01/07/2025,12:50:06,37018.56,0,0,0,0,0,0
BSE500.BSE_IDX,01/07/2025,12:50:14,37018.06,0,0,0,0,0,0
BSE500.BSE_IDX,01/07/2025,12:50:22,37019.2,0,0,0,0,0,0
BSE500.BSE_IDX,01/07/2025,12:50:30,37020.01,0,0,0,0,0,0
BSE500.BSE_IDX,01/07/2025,12:50:38,37019.72,0,0,0,0,0,0
BSE500.BSE_IDX,01/07/2025,12:50:47,37020.64,0,0,0,0,0,0
BSE500.BSE_IDX,01/07/2025,12:50:54,37020.96,0,0,0,0,0,0
BSE500.BSE_IDX,01/07/2025,12:51:02,37020.76,0,0,0,0,0,0
BSE500.BSE_IDX,01/07/2025,12:51:10,37022.15,0,0,0,0,0,0
BSE500.BSE_IDX,01/07/2025,12:51:19,37023.52,0,0,0,0,0,0
BSE500.BSE_IDX,01/07/2025,12:51:26,37023.07,0,0,0,0,0,0
BSE500.BSE_IDX,01/07/2025,12:51:34,37023.45,0,0,0,0,0,0
BSE500.BSE_IDX,01/07/2025,12:51:42,37022.9,0,0,0,0,0,0
BSE500.BSE_IDX,01/07/2025,12:51:50,37022.6,0,0,0,0,0,0
BSE500.BSE_IDX,01/07/2025,12:51:58,37022.49,0,0,0,0,0,0
BSE500.BSE_IDX,01/07/2025,12:52:06,37021.59,0,0,0,0,0,0
BSE500.BSE_IDX,01/07/2025,12:52:14,37021.55,0,0,0,0,0,0
BSE500.BSE_IDX,01/07/2025,12:52:22,37022.22,0,0,0,0,0,0
BSE500.BSE_IDX,01/07/2025,12:52:30,37022.27,0,0,0,0,0,0
BSE500.BSE_IDX,01/07/2025,12:52:38,37021.44,0,0,0,0,0,0
BSE500.BSE_IDX,01/07/2025,12:52:46,37021.32,0,0,0,0,0,0
BSE500.BSE_IDX,01/07/2025,12:52:54,37021.9,0,0,0,0,0,0
BSE500.BSE_IDX,01/07/2025,12:53:02,37022.64,0,0,0,0,0,0
BSE500.BSE_IDX,01/07/2025,12:53:10,37022.74,0,0,0,0,0,0
BSE500.BSE_IDX,01/07/2025,12:53:18,37022.39,0,0,0,0,0,0
BSE500.BSE_IDX,01/07/2025,12:53:26,37020.91,0,0,0,0,0,0
BSE500.BSE_IDX,01/07/2025,12:53:34,37020.25,0,0,0,0,0,0
BSE500.BSE_IDX,01/07/2025,12:53:42,37018.57,0,0,0,0,0,0
BSE500.BSE_IDX,01/07/2025,12:53:50,37018.29,0,0,0,0,0,0
BSE500.BSE_IDX,01/07/2025,12:53:58,37018.6,0,0,0,0,0,0
BSE500.BSE_IDX,01/07/2025,12:54:06,37018.84,0,0,0,0,0,0
BSE500.BSE_IDX,01/07/2025,12:54:14,37017.78,0,0,0,0,0,0
