Ticker,Date,Time,LTP,BuyPrice,BuyQty,SellPrice,SellQty,LTQ,OpenInterest
BSEDSI.BSE_IDX,01/07/2025,09:00:07,1011.03,0,0,0,0,0,0
BSEDSI.BSE_IDX,01/07/2025,09:00:15,1009.08,0,0,0,0,0,0
BSEDSI.BSE_IDX,01/07/2025,09:00:23,1007.25,0,0,0,0,0,0
BSEDSI.BSE_IDX,01/07/2025,09:00:31,1007.4,0,0,0,0,0,0
BSEDSI.BSE_IDX,01/07/2025,09:00:39,1007.62,0,0,0,0,0,0
BSEDSI.BSE_IDX,01/07/2025,09:00:47,1007.28,0,0,0,0,0,0
BSEDSI.BSE_IDX,01/07/2025,09:00:55,1008.47,0,0,0,0,0,0
BSEDSI.BSE_IDX,01/07/2025,09:01:03,1008.55,0,0,0,0,0,0
BSEDSI.BSE_IDX,01/07/2025,09:01:11,1008.6,0,0,0,0,0,0
BSEDSI.BSE_IDX,01/07/2025,09:01:19,1009.3,0,0,0,0,0,0
BSEDSI.BSE_IDX,01/07/2025,09:01:27,1008.81,0,0,0,0,0,0
BSEDSI.BSE_IDX,01/07/2025,09:01:35,1007.32,0,0,0,0,0,0
BSEDSI.BSE_IDX,01/07/2025,09:01:43,1007.57,0,0,0,0,0,0
BSEDSI.BSE_IDX,01/07/2025,09:01:51,1007.35,0,0,0,0,0,0
BSEDSI.BSE_IDX,01/07/2025,09:01:59,1007.66,0,0,0,0,0,0
BSEDSI.BSE_IDX,01/07/2025,09:02:07,1007.75,0,0,0,0,0,0
BSEDSI.BSE_IDX,01/07/2025,09:02:15,1007.78,0,0,0,0,0,0
BSEDSI.BSE_IDX,01/07/2025,09:02:23,1007.72,0,0,0,0,0,0
BSEDSI.BSE_IDX,01/07/2025,09:02:31,1007.76,0,0,0,0,0,0
BSEDSI.BSE_IDX,01/07/2025,09:02:39,1007.83,0,0,0,0,0,0
BSEDSI.BSE_IDX,01/07/2025,09:02:47,1007.08,0,0,0,0,0,0
BSEDSI.BSE_IDX,01/07/2025,09:02:55,1007.13,0,0,0,0,0,0
BSEDSI.BSE_IDX,01/07/2025,09:03:03,1008.54,0,0,0,0,0,0
BSEDSI.BSE_IDX,01/07/2025,09:03:11,1008.26,0,0,0,0,0,0
BSEDSI.BSE_IDX,01/07/2025,09:03:19,1009.75,0,0,0,0,0,0
BSEDSI.BSE_IDX,01/07/2025,09:03:27,1008.08,0,0,0,0,0,0
BSEDSI.BSE_IDX,01/07/2025,09:03:35,1008.03,0,0,0,0,0,0
BSEDSI.BSE_IDX,01/07/2025,09:03:43,1007.91,0,0,0,0,0,0
BSEDSI.BSE_IDX,01/07/2025,09:03:51,1007.88,0,0,0,0,0,0
BSEDSI.BSE_IDX,01/07/2025,09:03:59,1008.42,0,0,0,0,0,0
BSEDSI.BSE_IDX,01/07/2025,09:04:07,1008.22,0,0,0,0,0,0
BSEDSI.BSE_IDX,01/07/2025,09:04:15,1008.16,0,0,0,0,0,0
BSEDSI.BSE_IDX,01/07/2025,09:04:23,1008.24,0,0,0,0,0,0
BSEDSI.BSE_IDX,01/07/2025,09:04:31,1008.08,0,0,0,0,0,0
BSEDSI.BSE_IDX,01/07/2025,09:04:39,1008.32,0,0,0,0,0,0
BSEDSI.BSE_IDX,01/07/2025,09:04:47,1008.26,0,0,0,0,0,0
BSEDSI.BSE_IDX,01/07/2025,09:04:55,1008.15,0,0,0,0,0,0
BSEDSI.BSE_IDX,01/07/2025,09:05:03,1008.14,0,0,0,0,0,0
BSEDSI.BSE_IDX,01/07/2025,09:05:11,1008.11,0,0,0,0,0,0
BSEDSI.BSE_IDX,01/07/2025,09:05:19,1009.06,0,0,0,0,0,0
BSEDSI.BSE_IDX,01/07/2025,09:05:27,1008.26,0,0,0,0,0,0
BSEDSI.BSE_IDX,01/07/2025,09:05:35,1008.4,0,0,0,0,0,0
BSEDSI.BSE_IDX,01/07/2025,09:05:43,1008.4,0,0,0,0,0,0
BSEDSI.BSE_IDX,01/07/2025,09:05:51,1008.28,0,0,0,0,0,0
BSEDSI.BSE_IDX,01/07/2025,09:05:59,1008.25,0,0,0,0,0,0
BSEDSI.BSE_IDX,01/07/2025,09:06:07,1008.25,0,0,0,0,0,0
BSEDSI.BSE_IDX,01/07/2025,09:06:15,1008.2,0,0,0,0,0,0
BSEDSI.BSE_IDX,01/07/2025,09:06:23,1008.26,0,0,0,0,0,0
BSEDSI.BSE_IDX,01/07/2025,09:06:31,1008.93,0,0,0,0,0,0
BSEDSI.BSE_IDX,01/07/2025,09:06:39,1009.36,0,0,0,0,0,0
BSEDSI.BSE_IDX,01/07/2025,09:06:47,1009.1,0,0,0,0,0,0
BSEDSI.BSE_IDX,01/07/2025,09:06:55,1009.59,0,0,0,0,0,0
BSEDSI.BSE_IDX,01/07/2025,09:07:04,1009.18,0,0,0,0,0,0
BSEDSI.BSE_IDX,01/07/2025,09:07:11,1009.18,0,0,0,0,0,0
BSEDSI.BSE_IDX,01/07/2025,09:07:19,1009.18,0,0,0,0,0,0
BSEDSI.BSE_IDX,01/07/2025,09:07:27,1009.18,0,0,0,0,0,0
BSEDSI.BSE_IDX,01/07/2025,09:07:35,1009.18,0,0,0,0,0,0
BSEDSI.BSE_IDX,01/07/2025,09:07:43,1009.18,0,0,0,0,0,0
BSEDSI.BSE_IDX,01/07/2025,09:07:51,1009.18,0,0,0,0,0,0
BSEDSI.BSE_IDX,01/07/2025,09:07:59,1009.18,0,0,0,0,0,0
BSEDSI.BSE_IDX,01/07/2025,09:08:07,1009.18,0,0,0,0,0,0
BSEDSI.BSE_IDX,01/07/2025,09:08:15,1009.18,0,0,0,0,0,0
BSEDSI.BSE_IDX,01/07/2025,09:08:23,1009.18,0,0,0,0,0,0
BSEDSI.BSE_IDX,01/07/2025,09:08:31,1009.18,0,0,0,0,0,0
BSEDSI.BSE_IDX,01/07/2025,09:08:39,1009.18,0,0,0,0,0,0
BSEDSI.BSE_IDX,01/07/2025,09:08:47,1009.18,0,0,0,0,0,0
BSEDSI.BSE_IDX,01/07/2025,09:08:55,1009.18,0,0,0,0,0,0
BSEDSI.BSE_IDX,01/07/2025,09:09:03,1009.18,0,0,0,0,0,0
BSEDSI.BSE_IDX,01/07/2025,09:09:11,1009.18,0,0,0,0,0,0
BSEDSI.BSE_IDX,01/07/2025,09:09:19,1009.18,0,0,0,0,0,0
BSEDSI.BSE_IDX,01/07/2025,09:09:27,1009.18,0,0,0,0,0,0
BSEDSI.BSE_IDX,01/07/2025,09:09:35,1009.18,0,0,0,0,0,0
BSEDSI.BSE_IDX,01/07/2025,09:09:43,1009.18,0,0,0,0,0,0
BSEDSI.BSE_IDX,01/07/2025,09:09:51,1009.18,0,0,0,0,0,0
BSEDSI.BSE_IDX,01/07/2025,09:09:59,1009.18,0,0,0,0,0,0
BSEDSI.BSE_IDX,01/07/2025,09:10:07,1009.18,0,0,0,0,0,0
BSEDSI.BSE_IDX,01/07/2025,09:10:15,1009.18,0,0,0,0,0,0
BSEDSI.BSE_IDX,01/07/2025,09:10:23,1009.18,0,0,0,0,0,0
BSEDSI.BSE_IDX,01/07/2025,09:10:31,1009.18,0,0,0,0,0,0
BSEDSI.BSE_IDX,01/07/2025,09:10:39,1009.18,0,0,0,0,0,0
BSEDSI.BSE_IDX,01/07/2025,09:10:47,1009.18,0,0,0,0,0,0
BSEDSI.BSE_IDX,01/07/2025,09:10:55,1009.18,0,0,0,0,0,0
BSEDSI.BSE_IDX,01/07/2025,09:11:03,1009.18,0,0,0,0,0,0
BSEDSI.BSE_IDX,01/07/2025,09:11:11,1009.18,0,0,0,0,0,0
BSEDSI.BSE_IDX,01/07/2025,09:11:19,1009.18,0,0,0,0,0,0
BSEDSI.BSE_IDX,01/07/2025,09:11:27,1009.18,0,0,0,0,0,0
BSEDSI.BSE_IDX,01/07/2025,09:11:35,1009.18,0,0,0,0,0,0
BSEDSI.BSE_IDX,01/07/2025,09:11:43,1009.18,0,0,0,0,0,0
BSEDSI.BSE_IDX,01/07/2025,09:11:51,1009.18,0,0,0,0,0,0
BSEDSI.BSE_IDX,01/07/2025,09:11:59,1009.18,0,0,0,0,0,0
BSEDSI.BSE_IDX,01/07/2025,09:12:07,1009.18,0,0,0,0,0,0
BSEDSI.BSE_IDX,01/07/2025,09:12:16,1009.18,0,0,0,0,0,0
BSEDSI.BSE_IDX,01/07/2025,09:12:23,1009.18,0,0,0,0,0,0
BSEDSI.BSE_IDX,01/07/2025,09:12:31,1009.18,0,0,0,0,0,0
BSEDSI.BSE_IDX,01/07/2025,09:12:39,1009.18,0,0,0,0,0,0
BSEDSI.BSE_IDX,01/07/2025,09:12:47,1009.18,0,0,0,0,0,0
BSEDSI.BSE_IDX,01/07/2025,09:12:55,1009.18,0,0,0,0,0,0
BSEDSI.BSE_IDX,01/07/2025,09:13:03,1009.18,0,0,0,0,0,0
BSEDSI.BSE_IDX,01/07/2025,09:13:11,1009.18,0,0,0,0,0,0
BSEDSI.BSE_IDX,01/07/2025,09:13:19,1009.18,0,0,0,0,0,0
BSEDSI.BSE_IDX,01/07/2025,09:13:27,1009.18,0,0,0,0,0,0
BSEDSI.BSE_IDX,01/07/2025,09:13:35,1009.18,0,0,0,0,0,0
BSEDSI.BSE_IDX,01/07/2025,09:13:43,1009.18,0,0,0,0,0,0
BSEDSI.BSE_IDX,01/07/2025,09:13:51,1009.18,0,0,0,0,0,0
BSEDSI.BSE_IDX,01/07/2025,09:13:59,1009.18,0,0,0,0,0,0
BSEDSI.BSE_IDX,01/07/2025,09:14:07,1009.18,0,0,0,0,0,0
BSEDSI.BSE_IDX,01/07/2025,09:14:15,1009.18,0,0,0,0,0,0
BSEDSI.BSE_IDX,01/07/2025,09:14:23,1009.18,0,0,0,0,0,0
BSEDSI.BSE_IDX,01/07/2025,09:14:31,1009.18,0,0,0,0,0,0
BSEDSI.BSE_IDX,01/07/2025,09:14:39,1009.18,0,0,0,0,0,0
BSEDSI.BSE_IDX,01/07/2025,09:14:47,1009.18,0,0,0,0,0,0
BSEDSI.BSE_IDX,01/07/2025,09:14:55,1009.18,0,0,0,0,0,0
BSEDSI.BSE_IDX,01/07/2025,09:15:04,1009.95,0,0,0,0,0,0
BSEDSI.BSE_IDX,01/07/2025,09:15:11,1009.9,0,0,0,0,0,0
BSEDSI.BSE_IDX,01/07/2025,09:15:19,1009.14,0,0,0,0,0,0
BSEDSI.BSE_IDX,01/07/2025,09:15:27,1008.61,0,0,0,0,0,0
BSEDSI.BSE_IDX,01/07/2025,09:15:35,1008.52,0,0,0,0,0,0
BSEDSI.BSE_IDX,01/07/2025,09:15:43,1008.41,0,0,0,0,0,0
BSEDSI.BSE_IDX,01/07/2025,09:15:51,1008.4,0,0,0,0,0,0
BSEDSI.BSE_IDX,01/07/2025,09:15:59,1008.3,0,0,0,0,0,0
BSEDSI.BSE_IDX,01/07/2025,09:16:07,1008.39,0,0,0,0,0,0
BSEDSI.BSE_IDX,01/07/2025,09:16:15,1008.53,0,0,0,0,0,0
BSEDSI.BSE_IDX,01/07/2025,09:16:24,1008.48,0,0,0,0,0,0
BSEDSI.BSE_IDX,01/07/2025,09:16:31,1008.28,0,0,0,0,0,0
BSEDSI.BSE_IDX,01/07/2025,09:16:39,1008.27,0,0,0,0,0,0
BSEDSI.BSE_IDX,01/07/2025,09:16:48,1007.94,0,0,0,0,0,0
BSEDSI.BSE_IDX,01/07/2025,09:16:55,1008.03,0,0,0,0,0,0
BSEDSI.BSE_IDX,01/07/2025,09:17:03,1008.17,0,0,0,0,0,0
BSEDSI.BSE_IDX,01/07/2025,09:17:12,1008.17,0,0,0,0,0,0
BSEDSI.BSE_IDX,01/07/2025,09:17:19,1008,0,0,0,0,0,0
BSEDSI.BSE_IDX,01/07/2025,09:17:27,1007.92,0,0,0,0,0,0
BSEDSI.BSE_IDX,01/07/2025,09:17:35,1007.94,0,0,0,0,0,0
BSEDSI.BSE_IDX,01/07/2025,09:17:44,1008.08,0,0,0,0,0,0
BSEDSI.BSE_IDX,01/07/2025,09:17:51,1008.34,0,0,0,0,0,0
BSEDSI.BSE_IDX,01/07/2025,09:17:59,1008.43,0,0,0,0,0,0
BSEDSI.BSE_IDX,01/07/2025,09:18:07,1008.52,0,0,0,0,0,0
BSEDSI.BSE_IDX,01/07/2025,09:18:15,1008.4,0,0,0,0,0,0
BSEDSI.BSE_IDX,01/07/2025,09:18:23,1008.37,0,0,0,0,0,0
BSEDSI.BSE_IDX,01/07/2025,09:18:31,1008.42,0,0,0,0,0,0
BSEDSI.BSE_IDX,01/07/2025,09:18:39,1008.5,0,0,0,0,0,0
BSEDSI.BSE_IDX,01/07/2025,09:18:47,1008.57,0,0,0,0,0,0
BSEDSI.BSE_IDX,01/07/2025,09:18:56,1008.64,0,0,0,0,0,0
BSEDSI.BSE_IDX,01/07/2025,09:19:03,1008.53,0,0,0,0,0,0
BSEDSI.BSE_IDX,01/07/2025,09:19:11,1008.34,0,0,0,0,0,0
BSEDSI.BSE_IDX,01/07/2025,09:19:19,1008.46,0,0,0,0,0,0
BSEDSI.BSE_IDX,01/07/2025,09:19:28,1008.39,0,0,0,0,0,0
BSEDSI.BSE_IDX,01/07/2025,09:19:35,1008.4,0,0,0,0,0,0
BSEDSI.BSE_IDX,01/07/2025,09:19:43,1008.33,0,0,0,0,0,0
BSEDSI.BSE_IDX,01/07/2025,09:19:52,1008.44,0,0,0,0,0,0
BSEDSI.BSE_IDX,01/07/2025,09:19:59,1008.48,0,0,0,0,0,0
BSEDSI.BSE_IDX,01/07/2025,09:20:07,1008.63,0,0,0,0,0,0
BSEDSI.BSE_IDX,01/07/2025,09:20:15,1008.71,0,0,0,0,0,0
BSEDSI.BSE_IDX,01/07/2025,09:20:24,1008.63,0,0,0,0,0,0
BSEDSI.BSE_IDX,01/07/2025,09:20:31,1008.58,0,0,0,0,0,0
BSEDSI.BSE_IDX,01/07/2025,09:20:39,1008.55,0,0,0,0,0,0
BSEDSI.BSE_IDX,01/07/2025,09:20:47,1008.48,0,0,0,0,0,0
BSEDSI.BSE_IDX,01/07/2025,09:20:55,1008.38,0,0,0,0,0,0
BSEDSI.BSE_IDX,01/07/2025,09:21:03,1008.27,0,0,0,0,0,0
BSEDSI.BSE_IDX,01/07/2025,09:21:11,1008.4,0,0,0,0,0,0
BSEDSI.BSE_IDX,01/07/2025,09:21:19,1008.63,0,0,0,0,0,0
BSEDSI.BSE_IDX,01/07/2025,09:21:27,1008.67,0,0,0,0,0,0
BSEDSI.BSE_IDX,01/07/2025,09:21:36,1008.67,0,0,0,0,0,0
BSEDSI.BSE_IDX,01/07/2025,09:21:43,1008.82,0,0,0,0,0,0
BSEDSI.BSE_IDX,01/07/2025,09:21:51,1008.91,0,0,0,0,0,0
BSEDSI.BSE_IDX,01/07/2025,09:21:59,1008.97,0,0,0,0,0,0
BSEDSI.BSE_IDX,01/07/2025,09:22:07,1008.89,0,0,0,0,0,0
BSEDSI.BSE_IDX,01/07/2025,09:22:15,1009.03,0,0,0,0,0,0
BSEDSI.BSE_IDX,01/07/2025,09:22:23,1009.1,0,0,0,0,0,0
BSEDSI.BSE_IDX,01/07/2025,09:22:31,1009.17,0,0,0,0,0,0
BSEDSI.BSE_IDX,01/07/2025,09:22:39,1009.31,0,0,0,0,0,0
BSEDSI.BSE_IDX,01/07/2025,09:22:47,1009.35,0,0,0,0,0,0
BSEDSI.BSE_IDX,01/07/2025,09:22:55,1009.42,0,0,0,0,0,0
BSEDSI.BSE_IDX,01/07/2025,09:23:03,1009.35,0,0,0,0,0,0
BSEDSI.BSE_IDX,01/07/2025,09:23:11,1009.34,0,0,0,0,0,0
BSEDSI.BSE_IDX,01/07/2025,09:23:19,1009.31,0,0,0,0,0,0
BSEDSI.BSE_IDX,01/07/2025,09:23:27,1009.16,0,0,0,0,0,0
BSEDSI.BSE_IDX,01/07/2025,09:23:35,1009.2,0,0,0,0,0,0
BSEDSI.BSE_IDX,01/07/2025,09:23:44,1009.12,0,0,0,0,0,0
BSEDSI.BSE_IDX,01/07/2025,09:23:51,1009.07,0,0,0,0,0,0
BSEDSI.BSE_IDX,01/07/2025,09:23:59,1009.1,0,0,0,0,0,0
BSEDSI.BSE_IDX,01/07/2025,09:24:08,1009.16,0,0,0,0,0,0
BSEDSI.BSE_IDX,01/07/2025,09:24:15,1009.15,0,0,0,0,0,0
BSEDSI.BSE_IDX,01/07/2025,09:24:23,1009.13,0,0,0,0,0,0
BSEDSI.BSE_IDX,01/07/2025,09:24:32,1009.06,0,0,0,0,0,0
BSEDSI.BSE_IDX,01/07/2025,09:24:39,1009.06,0,0,0,0,0,0
BSEDSI.BSE_IDX,01/07/2025,09:24:48,1009.04,0,0,0,0,0,0
BSEDSI.BSE_IDX,01/07/2025,09:24:57,1009.11,0,0,0,0,0,0
BSEDSI.BSE_IDX,01/07/2025,09:25:03,1009.04,0,0,0,0,0,0
BSEDSI.BSE_IDX,01/07/2025,09:25:12,1009.15,0,0,0,0,0,0
BSEDSI.BSE_IDX,01/07/2025,09:25:19,1009.28,0,0,0,0,0,0
BSEDSI.BSE_IDX,01/07/2025,09:25:29,1009.33,0,0,0,0,0,0
BSEDSI.BSE_IDX,01/07/2025,09:25:35,1009.49,0,0,0,0,0,0
BSEDSI.BSE_IDX,01/07/2025,09:25:43,1009.53,0,0,0,0,0,0
BSEDSI.BSE_IDX,01/07/2025,09:25:51,1009.54,0,0,0,0,0,0
BSEDSI.BSE_IDX,01/07/2025,09:25:59,1009.64,0,0,0,0,0,0
BSEDSI.BSE_IDX,01/07/2025,09:26:08,1009.55,0,0,0,0,0,0
BSEDSI.BSE_IDX,01/07/2025,09:26:15,1009.43,0,0,0,0,0,0
BSEDSI.BSE_IDX,01/07/2025,09:26:24,1009.6,0,0,0,0,0,0
BSEDSI.BSE_IDX,01/07/2025,09:26:31,1009.55,0,0,0,0,0,0
BSEDSI.BSE_IDX,01/07/2025,09:26:39,1009.52,0,0,0,0,0,0
BSEDSI.BSE_IDX,01/07/2025,09:26:48,1009.57,0,0,0,0,0,0
BSEDSI.BSE_IDX,01/07/2025,09:26:55,1009.66,0,0,0,0,0,0
BSEDSI.BSE_IDX,01/07/2025,09:27:04,1009.9,0,0,0,0,0,0
BSEDSI.BSE_IDX,01/07/2025,09:27:12,1009.89,0,0,0,0,0,0
BSEDSI.BSE_IDX,01/07/2025,09:27:19,1009.82,0,0,0,0,0,0
BSEDSI.BSE_IDX,01/07/2025,09:27:28,1009.78,0,0,0,0,0,0
BSEDSI.BSE_IDX,01/07/2025,09:27:36,1009.69,0,0,0,0,0,0
BSEDSI.BSE_IDX,01/07/2025,09:27:44,1009.61,0,0,0,0,0,0
BSEDSI.BSE_IDX,01/07/2025,09:27:51,1009.71,0,0,0,0,0,0
BSEDSI.BSE_IDX,01/07/2025,09:28:00,1009.88,0,0,0,0,0,0
BSEDSI.BSE_IDX,01/07/2025,09:28:08,1009.7,0,0,0,0,0,0
BSEDSI.BSE_IDX,01/07/2025,09:28:16,1009.8,0,0,0,0,0,0
BSEDSI.BSE_IDX,01/07/2025,09:28:24,1009.66,0,0,0,0,0,0
BSEDSI.BSE_IDX,01/07/2025,09:28:32,1009.56,0,0,0,0,0,0
BSEDSI.BSE_IDX,01/07/2025,09:28:40,1009.45,0,0,0,0,0,0
BSEDSI.BSE_IDX,01/07/2025,09:28:48,1009.37,0,0,0,0,0,0
BSEDSI.BSE_IDX,01/07/2025,09:28:56,1009.34,0,0,0,0,0,0
BSEDSI.BSE_IDX,01/07/2025,09:29:04,1009.29,0,0,0,0,0,0
BSEDSI.BSE_IDX,01/07/2025,09:29:12,1009.38,0,0,0,0,0,0
BSEDSI.BSE_IDX,01/07/2025,09:29:20,1009.28,0,0,0,0,0,0
BSEDSI.BSE_IDX,01/07/2025,09:29:28,1009.34,0,0,0,0,0,0
BSEDSI.BSE_IDX,01/07/2025,09:29:36,1009.34,0,0,0,0,0,0
BSEDSI.BSE_IDX,01/07/2025,09:29:44,1009.37,0,0,0,0,0,0
BSEDSI.BSE_IDX,01/07/2025,09:29:52,1009.39,0,0,0,0,0,0
BSEDSI.BSE_IDX,01/07/2025,09:30:00,1009.4,0,0,0,0,0,0
BSEDSI.BSE_IDX,01/07/2025,09:30:08,1009.56,0,0,0,0,0,0
BSEDSI.BSE_IDX,01/07/2025,09:30:16,1009.9,0,0,0,0,0,0
BSEDSI.BSE_IDX,01/07/2025,09:30:24,1009.99,0,0,0,0,0,0
BSEDSI.BSE_IDX,01/07/2025,09:30:32,1010.1,0,0,0,0,0,0
BSEDSI.BSE_IDX,01/07/2025,09:30:40,1010.23,0,0,0,0,0,0
BSEDSI.BSE_IDX,01/07/2025,09:30:48,1010.25,0,0,0,0,0,0
BSEDSI.BSE_IDX,01/07/2025,09:30:56,1010.1,0,0,0,0,0,0
BSEDSI.BSE_IDX,01/07/2025,09:31:04,1010.1,0,0,0,0,0,0
BSEDSI.BSE_IDX,01/07/2025,09:31:12,1010.01,0,0,0,0,0,0
BSEDSI.BSE_IDX,01/07/2025,09:31:20,1010,0,0,0,0,0,0
BSEDSI.BSE_IDX,01/07/2025,09:31:28,1009.99,0,0,0,0,0,0
BSEDSI.BSE_IDX,01/07/2025,09:31:36,1009.83,0,0,0,0,0,0
BSEDSI.BSE_IDX,01/07/2025,09:31:44,1009.81,0,0,0,0,0,0
BSEDSI.BSE_IDX,01/07/2025,09:31:52,1009.86,0,0,0,0,0,0
BSEDSI.BSE_IDX,01/07/2025,09:32:00,1009.93,0,0,0,0,0,0
BSEDSI.BSE_IDX,01/07/2025,09:32:08,1009.82,0,0,0,0,0,0
BSEDSI.BSE_IDX,01/07/2025,09:32:16,1009.78,0,0,0,0,0,0
BSEDSI.BSE_IDX,01/07/2025,09:32:24,1009.64,0,0,0,0,0,0
BSEDSI.BSE_IDX,01/07/2025,09:32:32,1009.73,0,0,0,0,0,0
BSEDSI.BSE_IDX,01/07/2025,09:32:40,1009.76,0,0,0,0,0,0
BSEDSI.BSE_IDX,01/07/2025,09:32:48,1009.9,0,0,0,0,0,0
BSEDSI.BSE_IDX,01/07/2025,09:32:56,1010,0,0,0,0,0,0
BSEDSI.BSE_IDX,01/07/2025,09:33:04,1010.03,0,0,0,0,0,0
BSEDSI.BSE_IDX,01/07/2025,09:33:12,1010.06,0,0,0,0,0,0
BSEDSI.BSE_IDX,01/07/2025,09:33:20,1010.1,0,0,0,0,0,0
BSEDSI.BSE_IDX,01/07/2025,09:33:28,1010.14,0,0,0,0,0,0
BSEDSI.BSE_IDX,01/07/2025,09:33:36,1010.11,0,0,0,0,0,0
BSEDSI.BSE_IDX,01/07/2025,09:33:44,1010.07,0,0,0,0,0,0
BSEDSI.BSE_IDX,01/07/2025,09:33:52,1010.05,0,0,0,0,0,0
BSEDSI.BSE_IDX,01/07/2025,09:34:00,1010.05,0,0,0,0,0,0
BSEDSI.BSE_IDX,01/07/2025,09:34:08,1010.02,0,0,0,0,0,0
BSEDSI.BSE_IDX,01/07/2025,09:34:16,1009.98,0,0,0,0,0,0
BSEDSI.BSE_IDX,01/07/2025,09:34:24,1010.05,0,0,0,0,0,0
BSEDSI.BSE_IDX,01/07/2025,09:34:32,1010.07,0,0,0,0,0,0
BSEDSI.BSE_IDX,01/07/2025,09:34:40,1010.04,0,0,0,0,0,0
BSEDSI.BSE_IDX,01/07/2025,09:34:48,1010.16,0,0,0,0,0,0
BSEDSI.BSE_IDX,01/07/2025,09:34:56,1010.02,0,0,0,0,0,0
BSEDSI.BSE_IDX,01/07/2025,09:35:05,1009.82,0,0,0,0,0,0
BSEDSI.BSE_IDX,01/07/2025,09:35:12,1009.8,0,0,0,0,0,0
BSEDSI.BSE_IDX,01/07/2025,09:35:20,1009.71,0,0,0,0,0,0
BSEDSI.BSE_IDX,01/07/2025,09:35:28,1009.66,0,0,0,0,0,0
BSEDSI.BSE_IDX,01/07/2025,09:35:36,1009.62,0,0,0,0,0,0
BSEDSI.BSE_IDX,01/07/2025,09:35:44,1009.69,0,0,0,0,0,0
BSEDSI.BSE_IDX,01/07/2025,09:35:52,1009.63,0,0,0,0,0,0
BSEDSI.BSE_IDX,01/07/2025,09:36:00,1009.69,0,0,0,0,0,0
BSEDSI.BSE_IDX,01/07/2025,09:36:08,1009.6,0,0,0,0,0,0
BSEDSI.BSE_IDX,01/07/2025,09:36:16,1009.6,0,0,0,0,0,0
BSEDSI.BSE_IDX,01/07/2025,09:36:24,1009.44,0,0,0,0,0,0
BSEDSI.BSE_IDX,01/07/2025,09:36:33,1009.42,0,0,0,0,0,0
BSEDSI.BSE_IDX,01/07/2025,09:36:40,1009.37,0,0,0,0,0,0
BSEDSI.BSE_IDX,01/07/2025,09:36:48,1009.46,0,0,0,0,0,0
BSEDSI.BSE_IDX,01/07/2025,09:36:56,1009.48,0,0,0,0,0,0
BSEDSI.BSE_IDX,01/07/2025,09:37:04,1009.49,0,0,0,0,0,0
BSEDSI.BSE_IDX,01/07/2025,09:37:12,1009.55,0,0,0,0,0,0
BSEDSI.BSE_IDX,01/07/2025,09:37:20,1009.58,0,0,0,0,0,0
BSEDSI.BSE_IDX,01/07/2025,09:37:28,1009.6,0,0,0,0,0,0
BSEDSI.BSE_IDX,01/07/2025,09:37:36,1009.58,0,0,0,0,0,0
BSEDSI.BSE_IDX,01/07/2025,09:37:44,1009.56,0,0,0,0,0,0
BSEDSI.BSE_IDX,01/07/2025,09:37:52,1009.55,0,0,0,0,0,0
BSEDSI.BSE_IDX,01/07/2025,09:38:00,1009.51,0,0,0,0,0,0
BSEDSI.BSE_IDX,01/07/2025,09:38:08,1009.35,0,0,0,0,0,0
BSEDSI.BSE_IDX,01/07/2025,09:38:16,1009.2,0,0,0,0,0,0
BSEDSI.BSE_IDX,01/07/2025,09:38:24,1009.18,0,0,0,0,0,0
BSEDSI.BSE_IDX,01/07/2025,09:38:32,1009.13,0,0,0,0,0,0
BSEDSI.BSE_IDX,01/07/2025,09:38:40,1008.99,0,0,0,0,0,0
BSEDSI.BSE_IDX,01/07/2025,09:38:48,1008.93,0,0,0,0,0,0
BSEDSI.BSE_IDX,01/07/2025,09:38:56,1009.04,0,0,0,0,0,0
BSEDSI.BSE_IDX,01/07/2025,09:39:04,1008.89,0,0,0,0,0,0
BSEDSI.BSE_IDX,01/07/2025,09:39:12,1008.94,0,0,0,0,0,0
BSEDSI.BSE_IDX,01/07/2025,09:39:20,1008.92,0,0,0,0,0,0
BSEDSI.BSE_IDX,01/07/2025,09:39:28,1008.9,0,0,0,0,0,0
BSEDSI.BSE_IDX,01/07/2025,09:39:36,1009,0,0,0,0,0,0
BSEDSI.BSE_IDX,01/07/2025,09:39:44,1009.03,0,0,0,0,0,0
BSEDSI.BSE_IDX,01/07/2025,09:39:52,1009.12,0,0,0,0,0,0
BSEDSI.BSE_IDX,01/07/2025,09:40:00,1009.12,0,0,0,0,0,0
BSEDSI.BSE_IDX,01/07/2025,09:40:08,1009.16,0,0,0,0,0,0
BSEDSI.BSE_IDX,01/07/2025,09:40:16,1009.2,0,0,0,0,0,0
BSEDSI.BSE_IDX,01/07/2025,09:40:24,1009.19,0,0,0,0,0,0
BSEDSI.BSE_IDX,01/07/2025,09:40:32,1009.08,0,0,0,0,0,0
BSEDSI.BSE_IDX,01/07/2025,09:40:40,1009.07,0,0,0,0,0,0
BSEDSI.BSE_IDX,01/07/2025,09:40:48,1009.09,0,0,0,0,0,0
BSEDSI.BSE_IDX,01/07/2025,09:40:56,1009.07,0,0,0,0,0,0
BSEDSI.BSE_IDX,01/07/2025,09:41:04,1008.9,0,0,0,0,0,0
BSEDSI.BSE_IDX,01/07/2025,09:41:12,1008.94,0,0,0,0,0,0
BSEDSI.BSE_IDX,01/07/2025,09:41:20,1008.99,0,0,0,0,0,0
BSEDSI.BSE_IDX,01/07/2025,09:41:28,1008.98,0,0,0,0,0,0
BSEDSI.BSE_IDX,01/07/2025,09:41:36,1008.94,0,0,0,0,0,0
BSEDSI.BSE_IDX,01/07/2025,09:41:44,1008.99,0,0,0,0,0,0
BSEDSI.BSE_IDX,01/07/2025,09:41:52,1008.86,0,0,0,0,0,0
BSEDSI.BSE_IDX,01/07/2025,09:42:00,1008.91,0,0,0,0,0,0
BSEDSI.BSE_IDX,01/07/2025,09:42:08,1008.99,0,0,0,0,0,0
BSEDSI.BSE_IDX,01/07/2025,09:42:16,1008.86,0,0,0,0,0,0
BSEDSI.BSE_IDX,01/07/2025,09:42:24,1008.81,0,0,0,0,0,0
BSEDSI.BSE_IDX,01/07/2025,09:42:32,1008.79,0,0,0,0,0,0
BSEDSI.BSE_IDX,01/07/2025,09:42:40,1008.77,0,0,0,0,0,0
BSEDSI.BSE_IDX,01/07/2025,09:42:48,1008.84,0,0,0,0,0,0
BSEDSI.BSE_IDX,01/07/2025,09:42:56,1008.91,0,0,0,0,0,0
BSEDSI.BSE_IDX,01/07/2025,09:43:04,1008.86,0,0,0,0,0,0
BSEDSI.BSE_IDX,01/07/2025,09:43:12,1008.86,0,0,0,0,0,0
BSEDSI.BSE_IDX,01/07/2025,09:43:20,1008.78,0,0,0,0,0,0
BSEDSI.BSE_IDX,01/07/2025,09:43:28,1008.78,0,0,0,0,0,0
BSEDSI.BSE_IDX,01/07/2025,09:43:36,1008.78,0,0,0,0,0,0
BSEDSI.BSE_IDX,01/07/2025,09:43:44,1008.71,0,0,0,0,0,0
BSEDSI.BSE_IDX,01/07/2025,09:43:53,1008.74,0,0,0,0,0,0
BSEDSI.BSE_IDX,01/07/2025,09:44:00,1008.72,0,0,0,0,0,0
BSEDSI.BSE_IDX,01/07/2025,09:44:08,1008.71,0,0,0,0,0,0
BSEDSI.BSE_IDX,01/07/2025,09:44:16,1008.73,0,0,0,0,0,0
BSEDSI.BSE_IDX,01/07/2025,09:44:24,1008.8,0,0,0,0,0,0
BSEDSI.BSE_IDX,01/07/2025,09:44:32,1008.82,0,0,0,0,0,0
BSEDSI.BSE_IDX,01/07/2025,09:44:40,1008.78,0,0,0,0,0,0
BSEDSI.BSE_IDX,01/07/2025,09:44:48,1008.79,0,0,0,0,0,0
BSEDSI.BSE_IDX,01/07/2025,09:44:56,1008.58,0,0,0,0,0,0
BSEDSI.BSE_IDX,01/07/2025,09:45:05,1008.52,0,0,0,0,0,0
BSEDSI.BSE_IDX,01/07/2025,09:45:12,1008.41,0,0,0,0,0,0
BSEDSI.BSE_IDX,01/07/2025,09:45:20,1008.32,0,0,0,0,0,0
BSEDSI.BSE_IDX,01/07/2025,09:45:28,1008.32,0,0,0,0,0,0
BSEDSI.BSE_IDX,01/07/2025,09:45:36,1008.24,0,0,0,0,0,0
BSEDSI.BSE_IDX,01/07/2025,09:45:44,1008.03,0,0,0,0,0,0
BSEDSI.BSE_IDX,01/07/2025,09:45:52,1008.12,0,0,0,0,0,0
BSEDSI.BSE_IDX,01/07/2025,09:46:01,1008.13,0,0,0,0,0,0
BSEDSI.BSE_IDX,01/07/2025,09:46:08,1008.08,0,0,0,0,0,0
BSEDSI.BSE_IDX,01/07/2025,09:46:16,1008.12,0,0,0,0,0,0
BSEDSI.BSE_IDX,01/07/2025,09:46:24,1008.13,0,0,0,0,0,0
BSEDSI.BSE_IDX,01/07/2025,09:46:32,1008.14,0,0,0,0,0,0
BSEDSI.BSE_IDX,01/07/2025,09:46:40,1008.17,0,0,0,0,0,0
BSEDSI.BSE_IDX,01/07/2025,09:46:48,1008.13,0,0,0,0,0,0
BSEDSI.BSE_IDX,01/07/2025,09:46:56,1008.13,0,0,0,0,0,0
BSEDSI.BSE_IDX,01/07/2025,09:47:04,1008.15,0,0,0,0,0,0
BSEDSI.BSE_IDX,01/07/2025,09:47:12,1008.11,0,0,0,0,0,0
BSEDSI.BSE_IDX,01/07/2025,09:47:20,1008.03,0,0,0,0,0,0
BSEDSI.BSE_IDX,01/07/2025,09:47:28,1007.87,0,0,0,0,0,0
BSEDSI.BSE_IDX,01/07/2025,09:47:36,1007.86,0,0,0,0,0,0
BSEDSI.BSE_IDX,01/07/2025,09:47:44,1007.9,0,0,0,0,0,0
BSEDSI.BSE_IDX,01/07/2025,09:47:52,1007.9,0,0,0,0,0,0
BSEDSI.BSE_IDX,01/07/2025,09:48:00,1008.07,0,0,0,0,0,0
BSEDSI.BSE_IDX,01/07/2025,09:48:08,1008.05,0,0,0,0,0,0
BSEDSI.BSE_IDX,01/07/2025,09:48:16,1008.1,0,0,0,0,0,0
BSEDSI.BSE_IDX,01/07/2025,09:48:24,1008.25,0,0,0,0,0,0
BSEDSI.BSE_IDX,01/07/2025,09:48:32,1008.31,0,0,0,0,0,0
BSEDSI.BSE_IDX,01/07/2025,09:48:40,1008.29,0,0,0,0,0,0
BSEDSI.BSE_IDX,01/07/2025,09:48:48,1008.19,0,0,0,0,0,0
BSEDSI.BSE_IDX,01/07/2025,09:48:56,1008.28,0,0,0,0,0,0
BSEDSI.BSE_IDX,01/07/2025,09:49:04,1008.33,0,0,0,0,0,0
BSEDSI.BSE_IDX,01/07/2025,09:49:12,1008.31,0,0,0,0,0,0
BSEDSI.BSE_IDX,01/07/2025,09:49:20,1008.38,0,0,0,0,0,0
BSEDSI.BSE_IDX,01/07/2025,09:49:28,1008.45,0,0,0,0,0,0
BSEDSI.BSE_IDX,01/07/2025,09:49:36,1008.46,0,0,0,0,0,0
BSEDSI.BSE_IDX,01/07/2025,09:49:44,1008.49,0,0,0,0,0,0
BSEDSI.BSE_IDX,01/07/2025,09:49:52,1008.48,0,0,0,0,0,0
BSEDSI.BSE_IDX,01/07/2025,09:50:00,1008.46,0,0,0,0,0,0
BSEDSI.BSE_IDX,01/07/2025,09:50:08,1008.49,0,0,0,0,0,0
BSEDSI.BSE_IDX,01/07/2025,09:50:16,1008.56,0,0,0,0,0,0
BSEDSI.BSE_IDX,01/07/2025,09:50:24,1008.59,0,0,0,0,0,0
BSEDSI.BSE_IDX,01/07/2025,09:50:32,1008.58,0,0,0,0,0,0
BSEDSI.BSE_IDX,01/07/2025,09:50:40,1008.48,0,0,0,0,0,0
BSEDSI.BSE_IDX,01/07/2025,09:50:48,1008.48,0,0,0,0,0,0
BSEDSI.BSE_IDX,01/07/2025,09:50:57,1008.31,0,0,0,0,0,0
BSEDSI.BSE_IDX,01/07/2025,09:51:04,1008.24,0,0,0,0,0,0
BSEDSI.BSE_IDX,01/07/2025,09:51:12,1008.36,0,0,0,0,0,0
BSEDSI.BSE_IDX,01/07/2025,09:51:20,1008.39,0,0,0,0,0,0
BSEDSI.BSE_IDX,01/07/2025,09:51:28,1008.32,0,0,0,0,0,0
BSEDSI.BSE_IDX,01/07/2025,09:51:37,1008.18,0,0,0,0,0,0
BSEDSI.BSE_IDX,01/07/2025,09:51:44,1008.19,0,0,0,0,0,0
BSEDSI.BSE_IDX,01/07/2025,09:51:52,1008.14,0,0,0,0,0,0
BSEDSI.BSE_IDX,01/07/2025,09:52:01,1008.14,0,0,0,0,0,0
BSEDSI.BSE_IDX,01/07/2025,09:52:08,1008.09,0,0,0,0,0,0
BSEDSI.BSE_IDX,01/07/2025,09:52:17,1007.95,0,0,0,0,0,0
BSEDSI.BSE_IDX,01/07/2025,09:52:24,1007.9,0,0,0,0,0,0
BSEDSI.BSE_IDX,01/07/2025,09:52:32,1007.97,0,0,0,0,0,0
BSEDSI.BSE_IDX,01/07/2025,09:52:40,1008.14,0,0,0,0,0,0
BSEDSI.BSE_IDX,01/07/2025,09:52:48,1008.14,0,0,0,0,0,0
BSEDSI.BSE_IDX,01/07/2025,09:52:57,1008.18,0,0,0,0,0,0
BSEDSI.BSE_IDX,01/07/2025,09:53:04,1008.19,0,0,0,0,0,0
BSEDSI.BSE_IDX,01/07/2025,09:53:13,1008.2,0,0,0,0,0,0
BSEDSI.BSE_IDX,01/07/2025,09:53:20,1008.2,0,0,0,0,0,0
BSEDSI.BSE_IDX,01/07/2025,09:53:28,1008.27,0,0,0,0,0,0
BSEDSI.BSE_IDX,01/07/2025,09:53:36,1008.29,0,0,0,0,0,0
BSEDSI.BSE_IDX,01/07/2025,09:53:44,1008.28,0,0,0,0,0,0
BSEDSI.BSE_IDX,01/07/2025,09:53:52,1008.24,0,0,0,0,0,0
BSEDSI.BSE_IDX,01/07/2025,09:54:00,1007.99,0,0,0,0,0,0
BSEDSI.BSE_IDX,01/07/2025,09:54:08,1007.97,0,0,0,0,0,0
BSEDSI.BSE_IDX,01/07/2025,09:54:16,1007.87,0,0,0,0,0,0
BSEDSI.BSE_IDX,01/07/2025,09:54:24,1007.82,0,0,0,0,0,0
BSEDSI.BSE_IDX,01/07/2025,09:54:32,1007.86,0,0,0,0,0,0
BSEDSI.BSE_IDX,01/07/2025,09:54:40,1007.84,0,0,0,0,0,0
BSEDSI.BSE_IDX,01/07/2025,09:54:48,1007.86,0,0,0,0,0,0
BSEDSI.BSE_IDX,01/07/2025,09:54:56,1007.81,0,0,0,0,0,0
BSEDSI.BSE_IDX,01/07/2025,09:55:04,1007.78,0,0,0,0,0,0
BSEDSI.BSE_IDX,01/07/2025,09:55:12,1007.73,0,0,0,0,0,0
BSEDSI.BSE_IDX,01/07/2025,09:55:20,1007.78,0,0,0,0,0,0
BSEDSI.BSE_IDX,01/07/2025,09:55:28,1007.76,0,0,0,0,0,0
BSEDSI.BSE_IDX,01/07/2025,09:55:36,1007.78,0,0,0,0,0,0
BSEDSI.BSE_IDX,01/07/2025,09:55:44,1007.71,0,0,0,0,0,0
BSEDSI.BSE_IDX,01/07/2025,09:55:52,1007.62,0,0,0,0,0,0
BSEDSI.BSE_IDX,01/07/2025,09:56:00,1007.74,0,0,0,0,0,0
BSEDSI.BSE_IDX,01/07/2025,09:56:08,1007.79,0,0,0,0,0,0
BSEDSI.BSE_IDX,01/07/2025,09:56:16,1007.79,0,0,0,0,0,0
BSEDSI.BSE_IDX,01/07/2025,09:56:25,1007.81,0,0,0,0,0,0
BSEDSI.BSE_IDX,01/07/2025,09:56:32,1007.72,0,0,0,0,0,0
BSEDSI.BSE_IDX,01/07/2025,09:56:41,1007.74,0,0,0,0,0,0
BSEDSI.BSE_IDX,01/07/2025,09:56:48,1007.82,0,0,0,0,0,0
BSEDSI.BSE_IDX,01/07/2025,09:56:57,1007.77,0,0,0,0,0,0
BSEDSI.BSE_IDX,01/07/2025,09:57:04,1007.82,0,0,0,0,0,0
BSEDSI.BSE_IDX,01/07/2025,09:57:12,1007.93,0,0,0,0,0,0
BSEDSI.BSE_IDX,01/07/2025,09:57:20,1007.98,0,0,0,0,0,0
BSEDSI.BSE_IDX,01/07/2025,09:57:28,1007.94,0,0,0,0,0,0
BSEDSI.BSE_IDX,01/07/2025,09:57:36,1007.95,0,0,0,0,0,0
BSEDSI.BSE_IDX,01/07/2025,09:57:44,1008,0,0,0,0,0,0
BSEDSI.BSE_IDX,01/07/2025,09:57:52,1007.99,0,0,0,0,0,0
BSEDSI.BSE_IDX,01/07/2025,09:58:00,1007.98,0,0,0,0,0,0
BSEDSI.BSE_IDX,01/07/2025,09:58:08,1007.95,0,0,0,0,0,0
BSEDSI.BSE_IDX,01/07/2025,09:58:16,1007.99,0,0,0,0,0,0
BSEDSI.BSE_IDX,01/07/2025,09:58:24,1007.97,0,0,0,0,0,0
BSEDSI.BSE_IDX,01/07/2025,09:58:32,1008.01,0,0,0,0,0,0
BSEDSI.BSE_IDX,01/07/2025,09:58:40,1008.07,0,0,0,0,0,0
BSEDSI.BSE_IDX,01/07/2025,09:58:48,1008.18,0,0,0,0,0,0
BSEDSI.BSE_IDX,01/07/2025,09:58:56,1008.24,0,0,0,0,0,0
BSEDSI.BSE_IDX,01/07/2025,09:59:05,1008.19,0,0,0,0,0,0
BSEDSI.BSE_IDX,01/07/2025,09:59:12,1008.24,0,0,0,0,0,0
BSEDSI.BSE_IDX,01/07/2025,09:59:20,1008.25,0,0,0,0,0,0
BSEDSI.BSE_IDX,01/07/2025,09:59:28,1008.32,0,0,0,0,0,0
BSEDSI.BSE_IDX,01/07/2025,09:59:36,1008.32,0,0,0,0,0,0
BSEDSI.BSE_IDX,01/07/2025,09:59:45,1008.35,0,0,0,0,0,0
BSEDSI.BSE_IDX,01/07/2025,09:59:52,1008.38,0,0,0,0,0,0
BSEDSI.BSE_IDX,01/07/2025,10:00:00,1008.27,0,0,0,0,0,0
BSEDSI.BSE_IDX,01/07/2025,10:00:08,1008.37,0,0,0,0,0,0
BSEDSI.BSE_IDX,01/07/2025,10:00:16,1008.42,0,0,0,0,0,0
BSEDSI.BSE_IDX,01/07/2025,10:00:24,1008.42,0,0,0,0,0,0
BSEDSI.BSE_IDX,01/07/2025,10:00:32,1008.35,0,0,0,0,0,0
BSEDSI.BSE_IDX,01/07/2025,10:00:40,1008.37,0,0,0,0,0,0
BSEDSI.BSE_IDX,01/07/2025,10:00:48,1008.31,0,0,0,0,0,0
BSEDSI.BSE_IDX,01/07/2025,10:00:56,1008.3,0,0,0,0,0,0
BSEDSI.BSE_IDX,01/07/2025,10:01:04,1008.2,0,0,0,0,0,0
BSEDSI.BSE_IDX,01/07/2025,10:01:12,1008.07,0,0,0,0,0,0
BSEDSI.BSE_IDX,01/07/2025,10:01:21,1008.06,0,0,0,0,0,0
BSEDSI.BSE_IDX,01/07/2025,10:01:28,1008,0,0,0,0,0,0
BSEDSI.BSE_IDX,01/07/2025,10:01:36,1008.13,0,0,0,0,0,0
BSEDSI.BSE_IDX,01/07/2025,10:01:44,1008.23,0,0,0,0,0,0
BSEDSI.BSE_IDX,01/07/2025,10:01:52,1008.15,0,0,0,0,0,0
BSEDSI.BSE_IDX,01/07/2025,10:02:00,1008.11,0,0,0,0,0,0
BSEDSI.BSE_IDX,01/07/2025,10:02:08,1008.08,0,0,0,0,0,0
BSEDSI.BSE_IDX,01/07/2025,10:02:17,1008.05,0,0,0,0,0,0
BSEDSI.BSE_IDX,01/07/2025,10:02:24,1007.94,0,0,0,0,0,0
BSEDSI.BSE_IDX,01/07/2025,10:02:32,1007.83,0,0,0,0,0,0
BSEDSI.BSE_IDX,01/07/2025,10:02:41,1007.83,0,0,0,0,0,0
BSEDSI.BSE_IDX,01/07/2025,10:02:49,1007.85,0,0,0,0,0,0
BSEDSI.BSE_IDX,01/07/2025,10:02:56,1007.8,0,0,0,0,0,0
BSEDSI.BSE_IDX,01/07/2025,10:03:04,1007.8,0,0,0,0,0,0
BSEDSI.BSE_IDX,01/07/2025,10:03:13,1007.73,0,0,0,0,0,0
BSEDSI.BSE_IDX,01/07/2025,10:03:20,1007.61,0,0,0,0,0,0
BSEDSI.BSE_IDX,01/07/2025,10:03:29,1007.51,0,0,0,0,0,0
BSEDSI.BSE_IDX,01/07/2025,10:03:37,1007.46,0,0,0,0,0,0
BSEDSI.BSE_IDX,01/07/2025,10:03:53,1007.52,0,0,0,0,0,0
BSEDSI.BSE_IDX,01/07/2025,10:04:01,1007.55,0,0,0,0,0,0
BSEDSI.BSE_IDX,01/07/2025,10:04:09,1007.5,0,0,0,0,0,0
BSEDSI.BSE_IDX,01/07/2025,10:04:17,1007.43,0,0,0,0,0,0
BSEDSI.BSE_IDX,01/07/2025,10:04:25,1007.43,0,0,0,0,0,0
BSEDSI.BSE_IDX,01/07/2025,10:04:33,1007.55,0,0,0,0,0,0
BSEDSI.BSE_IDX,01/07/2025,10:04:41,1007.69,0,0,0,0,0,0
BSEDSI.BSE_IDX,01/07/2025,10:04:50,1007.76,0,0,0,0,0,0
BSEDSI.BSE_IDX,01/07/2025,10:04:57,1007.73,0,0,0,0,0,0
BSEDSI.BSE_IDX,01/07/2025,10:05:05,1007.55,0,0,0,0,0,0
BSEDSI.BSE_IDX,01/07/2025,10:05:14,1007.54,0,0,0,0,0,0
BSEDSI.BSE_IDX,01/07/2025,10:05:21,1007.53,0,0,0,0,0,0
BSEDSI.BSE_IDX,01/07/2025,10:05:29,1007.39,0,0,0,0,0,0
BSEDSI.BSE_IDX,01/07/2025,10:05:37,1007.29,0,0,0,0,0,0
BSEDSI.BSE_IDX,01/07/2025,10:05:45,1007.5,0,0,0,0,0,0
BSEDSI.BSE_IDX,01/07/2025,10:05:53,1007.63,0,0,0,0,0,0
BSEDSI.BSE_IDX,01/07/2025,10:06:01,1007.72,0,0,0,0,0,0
BSEDSI.BSE_IDX,01/07/2025,10:06:09,1007.83,0,0,0,0,0,0
BSEDSI.BSE_IDX,01/07/2025,10:06:17,1007.78,0,0,0,0,0,0
BSEDSI.BSE_IDX,01/07/2025,10:06:25,1007.92,0,0,0,0,0,0
BSEDSI.BSE_IDX,01/07/2025,10:06:33,1007.99,0,0,0,0,0,0
BSEDSI.BSE_IDX,01/07/2025,10:06:41,1008.05,0,0,0,0,0,0
BSEDSI.BSE_IDX,01/07/2025,10:06:49,1008.01,0,0,0,0,0,0
BSEDSI.BSE_IDX,01/07/2025,10:06:57,1007.97,0,0,0,0,0,0
BSEDSI.BSE_IDX,01/07/2025,10:07:05,1008.1,0,0,0,0,0,0
BSEDSI.BSE_IDX,01/07/2025,10:07:13,1008.13,0,0,0,0,0,0
BSEDSI.BSE_IDX,01/07/2025,10:07:21,1008.14,0,0,0,0,0,0
BSEDSI.BSE_IDX,01/07/2025,10:07:29,1008.1,0,0,0,0,0,0
BSEDSI.BSE_IDX,01/07/2025,10:07:37,1008.26,0,0,0,0,0,0
BSEDSI.BSE_IDX,01/07/2025,10:07:45,1008.33,0,0,0,0,0,0
BSEDSI.BSE_IDX,01/07/2025,10:07:53,1008.3,0,0,0,0,0,0
BSEDSI.BSE_IDX,01/07/2025,10:08:01,1008.34,0,0,0,0,0,0
BSEDSI.BSE_IDX,01/07/2025,10:08:09,1008.29,0,0,0,0,0,0
BSEDSI.BSE_IDX,01/07/2025,10:08:17,1008.31,0,0,0,0,0,0
BSEDSI.BSE_IDX,01/07/2025,10:08:25,1008.3,0,0,0,0,0,0
BSEDSI.BSE_IDX,01/07/2025,10:08:33,1008.29,0,0,0,0,0,0
BSEDSI.BSE_IDX,01/07/2025,10:08:41,1008.23,0,0,0,0,0,0
BSEDSI.BSE_IDX,01/07/2025,10:08:49,1008.27,0,0,0,0,0,0
BSEDSI.BSE_IDX,01/07/2025,10:08:57,1008,0,0,0,0,0,0
BSEDSI.BSE_IDX,01/07/2025,10:09:05,1007.9,0,0,0,0,0,0
BSEDSI.BSE_IDX,01/07/2025,10:09:13,1007.94,0,0,0,0,0,0
BSEDSI.BSE_IDX,01/07/2025,10:09:21,1007.9,0,0,0,0,0,0
BSEDSI.BSE_IDX,01/07/2025,10:09:29,1007.88,0,0,0,0,0,0
BSEDSI.BSE_IDX,01/07/2025,10:09:37,1007.86,0,0,0,0,0,0
BSEDSI.BSE_IDX,01/07/2025,10:09:45,1007.87,0,0,0,0,0,0
BSEDSI.BSE_IDX,01/07/2025,10:09:53,1007.89,0,0,0,0,0,0
BSEDSI.BSE_IDX,01/07/2025,10:10:01,1007.91,0,0,0,0,0,0
BSEDSI.BSE_IDX,01/07/2025,10:10:09,1007.82,0,0,0,0,0,0
BSEDSI.BSE_IDX,01/07/2025,10:10:17,1007.91,0,0,0,0,0,0
BSEDSI.BSE_IDX,01/07/2025,10:10:25,1007.94,0,0,0,0,0,0
BSEDSI.BSE_IDX,01/07/2025,10:10:33,1007.92,0,0,0,0,0,0
BSEDSI.BSE_IDX,01/07/2025,10:10:41,1007.9,0,0,0,0,0,0
BSEDSI.BSE_IDX,01/07/2025,10:10:49,1007.91,0,0,0,0,0,0
BSEDSI.BSE_IDX,01/07/2025,10:10:57,1007.86,0,0,0,0,0,0
BSEDSI.BSE_IDX,01/07/2025,10:11:05,1007.88,0,0,0,0,0,0
BSEDSI.BSE_IDX,01/07/2025,10:11:13,1007.87,0,0,0,0,0,0
BSEDSI.BSE_IDX,01/07/2025,10:11:22,1007.84,0,0,0,0,0,0
BSEDSI.BSE_IDX,01/07/2025,10:11:29,1007.81,0,0,0,0,0,0
BSEDSI.BSE_IDX,01/07/2025,10:11:37,1007.75,0,0,0,0,0,0
BSEDSI.BSE_IDX,01/07/2025,10:11:45,1007.76,0,0,0,0,0,0
BSEDSI.BSE_IDX,01/07/2025,10:11:53,1007.65,0,0,0,0,0,0
BSEDSI.BSE_IDX,01/07/2025,10:12:01,1007.69,0,0,0,0,0,0
BSEDSI.BSE_IDX,01/07/2025,10:12:09,1007.69,0,0,0,0,0,0
BSEDSI.BSE_IDX,01/07/2025,10:12:17,1007.52,0,0,0,0,0,0
BSEDSI.BSE_IDX,01/07/2025,10:12:25,1007.46,0,0,0,0,0,0
BSEDSI.BSE_IDX,01/07/2025,10:12:33,1007.43,0,0,0,0,0,0
BSEDSI.BSE_IDX,01/07/2025,10:12:41,1007.44,0,0,0,0,0,0
BSEDSI.BSE_IDX,01/07/2025,10:12:49,1007.39,0,0,0,0,0,0
BSEDSI.BSE_IDX,01/07/2025,10:12:57,1007.23,0,0,0,0,0,0
BSEDSI.BSE_IDX,01/07/2025,10:13:05,1007.22,0,0,0,0,0,0
BSEDSI.BSE_IDX,01/07/2025,10:13:13,1007.17,0,0,0,0,0,0
BSEDSI.BSE_IDX,01/07/2025,10:13:21,1007.36,0,0,0,0,0,0
BSEDSI.BSE_IDX,01/07/2025,10:13:29,1007.33,0,0,0,0,0,0
BSEDSI.BSE_IDX,01/07/2025,10:13:37,1007.28,0,0,0,0,0,0
BSEDSI.BSE_IDX,01/07/2025,10:13:45,1007.24,0,0,0,0,0,0
BSEDSI.BSE_IDX,01/07/2025,10:13:53,1007.18,0,0,0,0,0,0
BSEDSI.BSE_IDX,01/07/2025,10:14:01,1007.03,0,0,0,0,0,0
BSEDSI.BSE_IDX,01/07/2025,10:14:09,1006.96,0,0,0,0,0,0
BSEDSI.BSE_IDX,01/07/2025,10:14:17,1006.96,0,0,0,0,0,0
BSEDSI.BSE_IDX,01/07/2025,10:14:25,1006.93,0,0,0,0,0,0
BSEDSI.BSE_IDX,01/07/2025,10:14:33,1006.99,0,0,0,0,0,0
BSEDSI.BSE_IDX,01/07/2025,10:14:41,1006.81,0,0,0,0,0,0
BSEDSI.BSE_IDX,01/07/2025,10:14:49,1006.83,0,0,0,0,0,0
BSEDSI.BSE_IDX,01/07/2025,10:14:57,1006.84,0,0,0,0,0,0
BSEDSI.BSE_IDX,01/07/2025,10:15:05,1006.77,0,0,0,0,0,0
BSEDSI.BSE_IDX,01/07/2025,10:15:13,1006.68,0,0,0,0,0,0
BSEDSI.BSE_IDX,01/07/2025,10:15:21,1006.7,0,0,0,0,0,0
BSEDSI.BSE_IDX,01/07/2025,10:15:29,1006.65,0,0,0,0,0,0
BSEDSI.BSE_IDX,01/07/2025,10:15:37,1006.72,0,0,0,0,0,0
BSEDSI.BSE_IDX,01/07/2025,10:15:45,1006.75,0,0,0,0,0,0
BSEDSI.BSE_IDX,01/07/2025,10:15:53,1006.73,0,0,0,0,0,0
BSEDSI.BSE_IDX,01/07/2025,10:16:01,1006.74,0,0,0,0,0,0
BSEDSI.BSE_IDX,01/07/2025,10:16:09,1006.87,0,0,0,0,0,0
BSEDSI.BSE_IDX,01/07/2025,10:16:17,1006.86,0,0,0,0,0,0
BSEDSI.BSE_IDX,01/07/2025,10:16:25,1006.82,0,0,0,0,0,0
BSEDSI.BSE_IDX,01/07/2025,10:16:33,1006.8,0,0,0,0,0,0
BSEDSI.BSE_IDX,01/07/2025,10:16:41,1006.78,0,0,0,0,0,0
BSEDSI.BSE_IDX,01/07/2025,10:16:49,1006.81,0,0,0,0,0,0
BSEDSI.BSE_IDX,01/07/2025,10:16:57,1006.87,0,0,0,0,0,0
BSEDSI.BSE_IDX,01/07/2025,10:17:05,1006.83,0,0,0,0,0,0
BSEDSI.BSE_IDX,01/07/2025,10:17:13,1006.82,0,0,0,0,0,0
BSEDSI.BSE_IDX,01/07/2025,10:17:21,1006.88,0,0,0,0,0,0
BSEDSI.BSE_IDX,01/07/2025,10:17:29,1006.88,0,0,0,0,0,0
BSEDSI.BSE_IDX,01/07/2025,10:17:37,1006.9,0,0,0,0,0,0
BSEDSI.BSE_IDX,01/07/2025,10:17:45,1007.02,0,0,0,0,0,0
BSEDSI.BSE_IDX,01/07/2025,10:17:53,1007.12,0,0,0,0,0,0
BSEDSI.BSE_IDX,01/07/2025,10:18:01,1007.19,0,0,0,0,0,0
BSEDSI.BSE_IDX,01/07/2025,10:18:09,1007.21,0,0,0,0,0,0
BSEDSI.BSE_IDX,01/07/2025,10:18:17,1007.3,0,0,0,0,0,0
BSEDSI.BSE_IDX,01/07/2025,10:18:25,1007.36,0,0,0,0,0,0
BSEDSI.BSE_IDX,01/07/2025,10:18:33,1007.34,0,0,0,0,0,0
BSEDSI.BSE_IDX,01/07/2025,10:18:41,1007.27,0,0,0,0,0,0
BSEDSI.BSE_IDX,01/07/2025,10:18:49,1007.21,0,0,0,0,0,0
BSEDSI.BSE_IDX,01/07/2025,10:18:57,1007.18,0,0,0,0,0,0
BSEDSI.BSE_IDX,01/07/2025,10:19:05,1007.03,0,0,0,0,0,0
BSEDSI.BSE_IDX,01/07/2025,10:19:13,1007.03,0,0,0,0,0,0
BSEDSI.BSE_IDX,01/07/2025,10:19:21,1007.13,0,0,0,0,0,0
BSEDSI.BSE_IDX,01/07/2025,10:19:29,1007.1,0,0,0,0,0,0
BSEDSI.BSE_IDX,01/07/2025,10:19:37,1007.04,0,0,0,0,0,0
BSEDSI.BSE_IDX,01/07/2025,10:19:45,1007.05,0,0,0,0,0,0
BSEDSI.BSE_IDX,01/07/2025,10:19:53,1006.95,0,0,0,0,0,0
BSEDSI.BSE_IDX,01/07/2025,10:20:01,1006.97,0,0,0,0,0,0
BSEDSI.BSE_IDX,01/07/2025,10:20:09,1007.01,0,0,0,0,0,0
BSEDSI.BSE_IDX,01/07/2025,10:20:17,1007.06,0,0,0,0,0,0
BSEDSI.BSE_IDX,01/07/2025,10:20:25,1007.05,0,0,0,0,0,0
BSEDSI.BSE_IDX,01/07/2025,10:20:33,1007.07,0,0,0,0,0,0
BSEDSI.BSE_IDX,01/07/2025,10:20:41,1007.14,0,0,0,0,0,0
BSEDSI.BSE_IDX,01/07/2025,10:20:49,1007.09,0,0,0,0,0,0
BSEDSI.BSE_IDX,01/07/2025,10:20:57,1007,0,0,0,0,0,0
BSEDSI.BSE_IDX,01/07/2025,10:21:05,1006.99,0,0,0,0,0,0
BSEDSI.BSE_IDX,01/07/2025,10:21:13,1006.84,0,0,0,0,0,0
BSEDSI.BSE_IDX,01/07/2025,10:21:21,1006.88,0,0,0,0,0,0
BSEDSI.BSE_IDX,01/07/2025,10:21:29,1006.88,0,0,0,0,0,0
BSEDSI.BSE_IDX,01/07/2025,10:21:37,1006.81,0,0,0,0,0,0
BSEDSI.BSE_IDX,01/07/2025,10:21:45,1006.7,0,0,0,0,0,0
BSEDSI.BSE_IDX,01/07/2025,10:21:53,1006.68,0,0,0,0,0,0
BSEDSI.BSE_IDX,01/07/2025,10:22:01,1006.63,0,0,0,0,0,0
BSEDSI.BSE_IDX,01/07/2025,10:22:09,1006.7,0,0,0,0,0,0
BSEDSI.BSE_IDX,01/07/2025,10:22:17,1006.64,0,0,0,0,0,0
BSEDSI.BSE_IDX,01/07/2025,10:22:25,1006.66,0,0,0,0,0,0
BSEDSI.BSE_IDX,01/07/2025,10:22:33,1006.66,0,0,0,0,0,0
BSEDSI.BSE_IDX,01/07/2025,10:22:41,1006.64,0,0,0,0,0,0
BSEDSI.BSE_IDX,01/07/2025,10:22:49,1006.63,0,0,0,0,0,0
BSEDSI.BSE_IDX,01/07/2025,10:22:57,1006.69,0,0,0,0,0,0
BSEDSI.BSE_IDX,01/07/2025,10:23:05,1006.64,0,0,0,0,0,0
BSEDSI.BSE_IDX,01/07/2025,10:23:13,1006.66,0,0,0,0,0,0
BSEDSI.BSE_IDX,01/07/2025,10:23:21,1006.67,0,0,0,0,0,0
BSEDSI.BSE_IDX,01/07/2025,10:23:29,1006.76,0,0,0,0,0,0
BSEDSI.BSE_IDX,01/07/2025,10:23:37,1006.72,0,0,0,0,0,0
BSEDSI.BSE_IDX,01/07/2025,10:23:45,1006.81,0,0,0,0,0,0
BSEDSI.BSE_IDX,01/07/2025,10:23:53,1006.76,0,0,0,0,0,0
BSEDSI.BSE_IDX,01/07/2025,10:24:01,1006.79,0,0,0,0,0,0
BSEDSI.BSE_IDX,01/07/2025,10:24:09,1006.72,0,0,0,0,0,0
BSEDSI.BSE_IDX,01/07/2025,10:24:17,1006.67,0,0,0,0,0,0
BSEDSI.BSE_IDX,01/07/2025,10:24:25,1006.62,0,0,0,0,0,0
BSEDSI.BSE_IDX,01/07/2025,10:24:33,1006.41,0,0,0,0,0,0
BSEDSI.BSE_IDX,01/07/2025,10:24:41,1006.41,0,0,0,0,0,0
BSEDSI.BSE_IDX,01/07/2025,10:24:49,1006.41,0,0,0,0,0,0
BSEDSI.BSE_IDX,01/07/2025,10:24:57,1006.4,0,0,0,0,0,0
BSEDSI.BSE_IDX,01/07/2025,10:25:05,1006.43,0,0,0,0,0,0
BSEDSI.BSE_IDX,01/07/2025,10:25:13,1006.42,0,0,0,0,0,0
BSEDSI.BSE_IDX,01/07/2025,10:25:21,1006.37,0,0,0,0,0,0
BSEDSI.BSE_IDX,01/07/2025,10:25:29,1006.32,0,0,0,0,0,0
BSEDSI.BSE_IDX,01/07/2025,10:25:37,1006.31,0,0,0,0,0,0
BSEDSI.BSE_IDX,01/07/2025,10:25:45,1006.3,0,0,0,0,0,0
BSEDSI.BSE_IDX,01/07/2025,10:25:53,1006.3,0,0,0,0,0,0
BSEDSI.BSE_IDX,01/07/2025,10:26:01,1006.36,0,0,0,0,0,0
BSEDSI.BSE_IDX,01/07/2025,10:26:09,1006.42,0,0,0,0,0,0
BSEDSI.BSE_IDX,01/07/2025,10:26:17,1006.4,0,0,0,0,0,0
BSEDSI.BSE_IDX,01/07/2025,10:26:25,1006.36,0,0,0,0,0,0
BSEDSI.BSE_IDX,01/07/2025,10:26:33,1006.42,0,0,0,0,0,0
BSEDSI.BSE_IDX,01/07/2025,10:26:41,1006.48,0,0,0,0,0,0
BSEDSI.BSE_IDX,01/07/2025,10:26:49,1006.45,0,0,0,0,0,0
BSEDSI.BSE_IDX,01/07/2025,10:26:57,1006.48,0,0,0,0,0,0
BSEDSI.BSE_IDX,01/07/2025,10:27:05,1006.5,0,0,0,0,0,0
BSEDSI.BSE_IDX,01/07/2025,10:27:13,1006.58,0,0,0,0,0,0
BSEDSI.BSE_IDX,01/07/2025,10:27:21,1006.6,0,0,0,0,0,0
BSEDSI.BSE_IDX,01/07/2025,10:27:29,1006.66,0,0,0,0,0,0
BSEDSI.BSE_IDX,01/07/2025,10:27:37,1006.65,0,0,0,0,0,0
BSEDSI.BSE_IDX,01/07/2025,10:27:45,1006.65,0,0,0,0,0,0
BSEDSI.BSE_IDX,01/07/2025,10:27:53,1006.72,0,0,0,0,0,0
BSEDSI.BSE_IDX,01/07/2025,10:28:01,1006.79,0,0,0,0,0,0
BSEDSI.BSE_IDX,01/07/2025,10:28:09,1006.85,0,0,0,0,0,0
BSEDSI.BSE_IDX,01/07/2025,10:28:17,1006.78,0,0,0,0,0,0
BSEDSI.BSE_IDX,01/07/2025,10:28:25,1006.76,0,0,0,0,0,0
BSEDSI.BSE_IDX,01/07/2025,10:28:33,1006.74,0,0,0,0,0,0
BSEDSI.BSE_IDX,01/07/2025,10:28:41,1006.73,0,0,0,0,0,0
BSEDSI.BSE_IDX,01/07/2025,10:28:49,1006.78,0,0,0,0,0,0
BSEDSI.BSE_IDX,01/07/2025,10:28:57,1006.71,0,0,0,0,0,0
BSEDSI.BSE_IDX,01/07/2025,10:29:05,1006.81,0,0,0,0,0,0
BSEDSI.BSE_IDX,01/07/2025,10:29:13,1006.89,0,0,0,0,0,0
BSEDSI.BSE_IDX,01/07/2025,10:29:21,1006.87,0,0,0,0,0,0
BSEDSI.BSE_IDX,01/07/2025,10:29:29,1006.89,0,0,0,0,0,0
BSEDSI.BSE_IDX,01/07/2025,10:29:37,1006.88,0,0,0,0,0,0
BSEDSI.BSE_IDX,01/07/2025,10:29:46,1006.86,0,0,0,0,0,0
BSEDSI.BSE_IDX,01/07/2025,10:29:54,1006.84,0,0,0,0,0,0
BSEDSI.BSE_IDX,01/07/2025,10:30:01,1006.85,0,0,0,0,0,0
BSEDSI.BSE_IDX,01/07/2025,10:30:09,1006.81,0,0,0,0,0,0
BSEDSI.BSE_IDX,01/07/2025,10:30:17,1006.87,0,0,0,0,0,0
BSEDSI.BSE_IDX,01/07/2025,10:30:25,1006.95,0,0,0,0,0,0
BSEDSI.BSE_IDX,01/07/2025,10:30:33,1006.94,0,0,0,0,0,0
BSEDSI.BSE_IDX,01/07/2025,10:30:41,1007.01,0,0,0,0,0,0
BSEDSI.BSE_IDX,01/07/2025,10:30:49,1006.94,0,0,0,0,0,0
BSEDSI.BSE_IDX,01/07/2025,10:30:57,1006.9,0,0,0,0,0,0
BSEDSI.BSE_IDX,01/07/2025,10:31:05,1006.9,0,0,0,0,0,0
BSEDSI.BSE_IDX,01/07/2025,10:31:13,1006.89,0,0,0,0,0,0
BSEDSI.BSE_IDX,01/07/2025,10:31:21,1006.87,0,0,0,0,0,0
BSEDSI.BSE_IDX,01/07/2025,10:31:29,1006.81,0,0,0,0,0,0
BSEDSI.BSE_IDX,01/07/2025,10:31:37,1006.82,0,0,0,0,0,0
BSEDSI.BSE_IDX,01/07/2025,10:31:45,1006.68,0,0,0,0,0,0
BSEDSI.BSE_IDX,01/07/2025,10:31:53,1006.72,0,0,0,0,0,0
BSEDSI.BSE_IDX,01/07/2025,10:32:01,1006.71,0,0,0,0,0,0
BSEDSI.BSE_IDX,01/07/2025,10:32:09,1006.76,0,0,0,0,0,0
BSEDSI.BSE_IDX,01/07/2025,10:32:17,1006.71,0,0,0,0,0,0
BSEDSI.BSE_IDX,01/07/2025,10:32:25,1006.72,0,0,0,0,0,0
BSEDSI.BSE_IDX,01/07/2025,10:32:33,1006.72,0,0,0,0,0,0
BSEDSI.BSE_IDX,01/07/2025,10:32:41,1006.76,0,0,0,0,0,0
BSEDSI.BSE_IDX,01/07/2025,10:32:49,1006.79,0,0,0,0,0,0
BSEDSI.BSE_IDX,01/07/2025,10:32:57,1006.86,0,0,0,0,0,0
BSEDSI.BSE_IDX,01/07/2025,10:33:05,1006.88,0,0,0,0,0,0
BSEDSI.BSE_IDX,01/07/2025,10:33:13,1006.98,0,0,0,0,0,0
BSEDSI.BSE_IDX,01/07/2025,10:33:21,1006.99,0,0,0,0,0,0
BSEDSI.BSE_IDX,01/07/2025,10:33:29,1006.98,0,0,0,0,0,0
BSEDSI.BSE_IDX,01/07/2025,10:33:37,1007.04,0,0,0,0,0,0
BSEDSI.BSE_IDX,01/07/2025,10:33:45,1007.05,0,0,0,0,0,0
BSEDSI.BSE_IDX,01/07/2025,10:33:53,1007.03,0,0,0,0,0,0
BSEDSI.BSE_IDX,01/07/2025,10:34:01,1007.05,0,0,0,0,0,0
BSEDSI.BSE_IDX,01/07/2025,10:34:09,1007,0,0,0,0,0,0
BSEDSI.BSE_IDX,01/07/2025,10:34:17,1007.02,0,0,0,0,0,0
BSEDSI.BSE_IDX,01/07/2025,10:34:25,1007.05,0,0,0,0,0,0
BSEDSI.BSE_IDX,01/07/2025,10:34:33,1007.04,0,0,0,0,0,0
BSEDSI.BSE_IDX,01/07/2025,10:34:41,1006.92,0,0,0,0,0,0
BSEDSI.BSE_IDX,01/07/2025,10:34:49,1006.89,0,0,0,0,0,0
BSEDSI.BSE_IDX,01/07/2025,10:34:58,1006.86,0,0,0,0,0,0
BSEDSI.BSE_IDX,01/07/2025,10:35:06,1006.85,0,0,0,0,0,0
BSEDSI.BSE_IDX,01/07/2025,10:35:14,1006.81,0,0,0,0,0,0
BSEDSI.BSE_IDX,01/07/2025,10:35:21,1006.83,0,0,0,0,0,0
BSEDSI.BSE_IDX,01/07/2025,10:35:29,1006.63,0,0,0,0,0,0
BSEDSI.BSE_IDX,01/07/2025,10:35:37,1006.41,0,0,0,0,0,0
BSEDSI.BSE_IDX,01/07/2025,10:35:45,1006.4,0,0,0,0,0,0
BSEDSI.BSE_IDX,01/07/2025,10:35:54,1006.46,0,0,0,0,0,0
BSEDSI.BSE_IDX,01/07/2025,10:36:02,1006.48,0,0,0,0,0,0
BSEDSI.BSE_IDX,01/07/2025,10:36:10,1006.46,0,0,0,0,0,0
BSEDSI.BSE_IDX,01/07/2025,10:36:17,1006.46,0,0,0,0,0,0
BSEDSI.BSE_IDX,01/07/2025,10:36:25,1006.41,0,0,0,0,0,0
BSEDSI.BSE_IDX,01/07/2025,10:36:34,1006.48,0,0,0,0,0,0
BSEDSI.BSE_IDX,01/07/2025,10:36:42,1006.54,0,0,0,0,0,0
BSEDSI.BSE_IDX,01/07/2025,10:36:49,1006.51,0,0,0,0,0,0
BSEDSI.BSE_IDX,01/07/2025,10:36:58,1006.5,0,0,0,0,0,0
BSEDSI.BSE_IDX,01/07/2025,10:37:05,1006.45,0,0,0,0,0,0
BSEDSI.BSE_IDX,01/07/2025,10:37:14,1006.41,0,0,0,0,0,0
BSEDSI.BSE_IDX,01/07/2025,10:37:21,1006.41,0,0,0,0,0,0
BSEDSI.BSE_IDX,01/07/2025,10:37:30,1006.3,0,0,0,0,0,0
BSEDSI.BSE_IDX,01/07/2025,10:37:38,1006.31,0,0,0,0,0,0
BSEDSI.BSE_IDX,01/07/2025,10:37:46,1006.3,0,0,0,0,0,0
BSEDSI.BSE_IDX,01/07/2025,10:37:54,1006.23,0,0,0,0,0,0
BSEDSI.BSE_IDX,01/07/2025,10:38:02,1006.21,0,0,0,0,0,0
BSEDSI.BSE_IDX,01/07/2025,10:38:10,1006.24,0,0,0,0,0,0
BSEDSI.BSE_IDX,01/07/2025,10:38:18,1006.24,0,0,0,0,0,0
BSEDSI.BSE_IDX,01/07/2025,10:38:26,1006.35,0,0,0,0,0,0
BSEDSI.BSE_IDX,01/07/2025,10:38:34,1006.33,0,0,0,0,0,0
BSEDSI.BSE_IDX,01/07/2025,10:38:42,1006.33,0,0,0,0,0,0
BSEDSI.BSE_IDX,01/07/2025,10:38:50,1006.36,0,0,0,0,0,0
BSEDSI.BSE_IDX,01/07/2025,10:38:58,1006.45,0,0,0,0,0,0
BSEDSI.BSE_IDX,01/07/2025,10:39:06,1006.44,0,0,0,0,0,0
BSEDSI.BSE_IDX,01/07/2025,10:39:14,1006.48,0,0,0,0,0,0
BSEDSI.BSE_IDX,01/07/2025,10:39:22,1006.64,0,0,0,0,0,0
BSEDSI.BSE_IDX,01/07/2025,10:39:30,1006.65,0,0,0,0,0,0
BSEDSI.BSE_IDX,01/07/2025,10:39:38,1006.73,0,0,0,0,0,0
BSEDSI.BSE_IDX,01/07/2025,10:39:46,1006.77,0,0,0,0,0,0
BSEDSI.BSE_IDX,01/07/2025,10:39:54,1006.85,0,0,0,0,0,0
BSEDSI.BSE_IDX,01/07/2025,10:40:02,1006.87,0,0,0,0,0,0
BSEDSI.BSE_IDX,01/07/2025,10:40:10,1006.66,0,0,0,0,0,0
BSEDSI.BSE_IDX,01/07/2025,10:40:18,1006.78,0,0,0,0,0,0
BSEDSI.BSE_IDX,01/07/2025,10:40:26,1006.69,0,0,0,0,0,0
BSEDSI.BSE_IDX,01/07/2025,10:40:34,1006.73,0,0,0,0,0,0
BSEDSI.BSE_IDX,01/07/2025,10:40:42,1006.73,0,0,0,0,0,0
BSEDSI.BSE_IDX,01/07/2025,10:40:50,1006.67,0,0,0,0,0,0
BSEDSI.BSE_IDX,01/07/2025,10:40:58,1006.62,0,0,0,0,0,0
BSEDSI.BSE_IDX,01/07/2025,10:41:06,1006.6,0,0,0,0,0,0
BSEDSI.BSE_IDX,01/07/2025,10:41:14,1006.56,0,0,0,0,0,0
BSEDSI.BSE_IDX,01/07/2025,10:41:22,1006.6,0,0,0,0,0,0
BSEDSI.BSE_IDX,01/07/2025,10:41:30,1006.5,0,0,0,0,0,0
BSEDSI.BSE_IDX,01/07/2025,10:41:38,1006.65,0,0,0,0,0,0
BSEDSI.BSE_IDX,01/07/2025,10:41:46,1006.63,0,0,0,0,0,0
BSEDSI.BSE_IDX,01/07/2025,10:41:54,1006.65,0,0,0,0,0,0
BSEDSI.BSE_IDX,01/07/2025,10:42:02,1006.62,0,0,0,0,0,0
BSEDSI.BSE_IDX,01/07/2025,10:42:10,1006.66,0,0,0,0,0,0
BSEDSI.BSE_IDX,01/07/2025,10:42:18,1006.71,0,0,0,0,0,0
BSEDSI.BSE_IDX,01/07/2025,10:42:26,1006.67,0,0,0,0,0,0
BSEDSI.BSE_IDX,01/07/2025,10:42:34,1006.61,0,0,0,0,0,0
BSEDSI.BSE_IDX,01/07/2025,10:42:42,1006.49,0,0,0,0,0,0
BSEDSI.BSE_IDX,01/07/2025,10:42:50,1006.5,0,0,0,0,0,0
BSEDSI.BSE_IDX,01/07/2025,10:42:58,1006.41,0,0,0,0,0,0
BSEDSI.BSE_IDX,01/07/2025,10:43:06,1006.43,0,0,0,0,0,0
BSEDSI.BSE_IDX,01/07/2025,10:43:14,1006.44,0,0,0,0,0,0
BSEDSI.BSE_IDX,01/07/2025,10:43:22,1006.44,0,0,0,0,0,0
BSEDSI.BSE_IDX,01/07/2025,10:43:30,1006.46,0,0,0,0,0,0
BSEDSI.BSE_IDX,01/07/2025,10:43:38,1006.35,0,0,0,0,0,0
BSEDSI.BSE_IDX,01/07/2025,10:43:46,1006.38,0,0,0,0,0,0
BSEDSI.BSE_IDX,01/07/2025,10:43:54,1006.36,0,0,0,0,0,0
BSEDSI.BSE_IDX,01/07/2025,10:44:02,1006.3,0,0,0,0,0,0
BSEDSI.BSE_IDX,01/07/2025,10:44:10,1006.32,0,0,0,0,0,0
BSEDSI.BSE_IDX,01/07/2025,10:44:18,1006.28,0,0,0,0,0,0
BSEDSI.BSE_IDX,01/07/2025,10:44:26,1006.18,0,0,0,0,0,0
BSEDSI.BSE_IDX,01/07/2025,10:44:34,1006.19,0,0,0,0,0,0
BSEDSI.BSE_IDX,01/07/2025,10:44:42,1006.24,0,0,0,0,0,0
BSEDSI.BSE_IDX,01/07/2025,10:44:50,1006.26,0,0,0,0,0,0
BSEDSI.BSE_IDX,01/07/2025,10:44:58,1006.09,0,0,0,0,0,0
BSEDSI.BSE_IDX,01/07/2025,10:45:07,1005.94,0,0,0,0,0,0
BSEDSI.BSE_IDX,01/07/2025,10:45:14,1005.95,0,0,0,0,0,0
BSEDSI.BSE_IDX,01/07/2025,10:45:22,1005.93,0,0,0,0,0,0
BSEDSI.BSE_IDX,01/07/2025,10:45:30,1006,0,0,0,0,0,0
BSEDSI.BSE_IDX,01/07/2025,10:45:38,1006,0,0,0,0,0,0
BSEDSI.BSE_IDX,01/07/2025,10:45:46,1006.01,0,0,0,0,0,0
BSEDSI.BSE_IDX,01/07/2025,10:45:54,1005.93,0,0,0,0,0,0
BSEDSI.BSE_IDX,01/07/2025,10:46:02,1005.94,0,0,0,0,0,0
BSEDSI.BSE_IDX,01/07/2025,10:46:10,1005.83,0,0,0,0,0,0
BSEDSI.BSE_IDX,01/07/2025,10:46:18,1005.78,0,0,0,0,0,0
BSEDSI.BSE_IDX,01/07/2025,10:46:26,1005.83,0,0,0,0,0,0
BSEDSI.BSE_IDX,01/07/2025,10:46:34,1005.83,0,0,0,0,0,0
BSEDSI.BSE_IDX,01/07/2025,10:46:42,1005.84,0,0,0,0,0,0
BSEDSI.BSE_IDX,01/07/2025,10:46:50,1005.8,0,0,0,0,0,0
BSEDSI.BSE_IDX,01/07/2025,10:46:58,1005.82,0,0,0,0,0,0
BSEDSI.BSE_IDX,01/07/2025,10:47:06,1005.74,0,0,0,0,0,0
BSEDSI.BSE_IDX,01/07/2025,10:47:14,1005.72,0,0,0,0,0,0
BSEDSI.BSE_IDX,01/07/2025,10:47:22,1005.7,0,0,0,0,0,0
BSEDSI.BSE_IDX,01/07/2025,10:47:30,1005.68,0,0,0,0,0,0
BSEDSI.BSE_IDX,01/07/2025,10:47:38,1005.67,0,0,0,0,0,0
BSEDSI.BSE_IDX,01/07/2025,10:47:46,1005.74,0,0,0,0,0,0
BSEDSI.BSE_IDX,01/07/2025,10:47:54,1005.77,0,0,0,0,0,0
BSEDSI.BSE_IDX,01/07/2025,10:48:02,1005.79,0,0,0,0,0,0
BSEDSI.BSE_IDX,01/07/2025,10:48:10,1005.83,0,0,0,0,0,0
BSEDSI.BSE_IDX,01/07/2025,10:48:18,1005.84,0,0,0,0,0,0
BSEDSI.BSE_IDX,01/07/2025,10:48:26,1005.87,0,0,0,0,0,0
BSEDSI.BSE_IDX,01/07/2025,10:48:34,1005.8,0,0,0,0,0,0
BSEDSI.BSE_IDX,01/07/2025,10:48:42,1005.84,0,0,0,0,0,0
BSEDSI.BSE_IDX,01/07/2025,10:48:50,1005.82,0,0,0,0,0,0
BSEDSI.BSE_IDX,01/07/2025,10:48:58,1005.83,0,0,0,0,0,0
BSEDSI.BSE_IDX,01/07/2025,10:49:06,1005.78,0,0,0,0,0,0
BSEDSI.BSE_IDX,01/07/2025,10:49:14,1005.62,0,0,0,0,0,0
BSEDSI.BSE_IDX,01/07/2025,10:49:22,1005.56,0,0,0,0,0,0
BSEDSI.BSE_IDX,01/07/2025,10:49:30,1005.5,0,0,0,0,0,0
BSEDSI.BSE_IDX,01/07/2025,10:49:38,1005.42,0,0,0,0,0,0
BSEDSI.BSE_IDX,01/07/2025,10:49:46,1005.34,0,0,0,0,0,0
BSEDSI.BSE_IDX,01/07/2025,10:49:54,1005.35,0,0,0,0,0,0
BSEDSI.BSE_IDX,01/07/2025,10:50:02,1005.21,0,0,0,0,0,0
BSEDSI.BSE_IDX,01/07/2025,10:50:10,1005.19,0,0,0,0,0,0
BSEDSI.BSE_IDX,01/07/2025,10:50:18,1005.21,0,0,0,0,0,0
BSEDSI.BSE_IDX,01/07/2025,10:50:26,1005.3,0,0,0,0,0,0
BSEDSI.BSE_IDX,01/07/2025,10:50:34,1005.42,0,0,0,0,0,0
BSEDSI.BSE_IDX,01/07/2025,10:50:42,1005.45,0,0,0,0,0,0
BSEDSI.BSE_IDX,01/07/2025,10:50:50,1005.39,0,0,0,0,0,0
BSEDSI.BSE_IDX,01/07/2025,10:50:58,1005.35,0,0,0,0,0,0
BSEDSI.BSE_IDX,01/07/2025,10:51:06,1005.29,0,0,0,0,0,0
BSEDSI.BSE_IDX,01/07/2025,10:51:14,1005.27,0,0,0,0,0,0
BSEDSI.BSE_IDX,01/07/2025,10:51:22,1005.29,0,0,0,0,0,0
BSEDSI.BSE_IDX,01/07/2025,10:51:30,1005.26,0,0,0,0,0,0
BSEDSI.BSE_IDX,01/07/2025,10:51:38,1005.27,0,0,0,0,0,0
BSEDSI.BSE_IDX,01/07/2025,10:51:46,1005.25,0,0,0,0,0,0
BSEDSI.BSE_IDX,01/07/2025,10:51:54,1005.13,0,0,0,0,0,0
BSEDSI.BSE_IDX,01/07/2025,10:52:02,1005.04,0,0,0,0,0,0
BSEDSI.BSE_IDX,01/07/2025,10:52:10,1005.07,0,0,0,0,0,0
BSEDSI.BSE_IDX,01/07/2025,10:52:18,1004.94,0,0,0,0,0,0
BSEDSI.BSE_IDX,01/07/2025,10:52:26,1004.89,0,0,0,0,0,0
BSEDSI.BSE_IDX,01/07/2025,10:52:34,1004.92,0,0,0,0,0,0
BSEDSI.BSE_IDX,01/07/2025,10:52:43,1004.81,0,0,0,0,0,0
BSEDSI.BSE_IDX,01/07/2025,10:52:50,1004.76,0,0,0,0,0,0
BSEDSI.BSE_IDX,01/07/2025,10:52:58,1004.7,0,0,0,0,0,0
BSEDSI.BSE_IDX,01/07/2025,10:53:06,1004.68,0,0,0,0,0,0
BSEDSI.BSE_IDX,01/07/2025,10:53:14,1004.56,0,0,0,0,0,0
BSEDSI.BSE_IDX,01/07/2025,10:53:22,1004.73,0,0,0,0,0,0
BSEDSI.BSE_IDX,01/07/2025,10:53:30,1004.78,0,0,0,0,0,0
BSEDSI.BSE_IDX,01/07/2025,10:53:38,1004.82,0,0,0,0,0,0
BSEDSI.BSE_IDX,01/07/2025,10:53:46,1004.8,0,0,0,0,0,0
BSEDSI.BSE_IDX,01/07/2025,10:53:54,1004.78,0,0,0,0,0,0
BSEDSI.BSE_IDX,01/07/2025,10:54:02,1004.86,0,0,0,0,0,0
BSEDSI.BSE_IDX,01/07/2025,10:54:10,1004.91,0,0,0,0,0,0
BSEDSI.BSE_IDX,01/07/2025,10:54:18,1004.92,0,0,0,0,0,0
BSEDSI.BSE_IDX,01/07/2025,10:54:26,1004.92,0,0,0,0,0,0
BSEDSI.BSE_IDX,01/07/2025,10:54:34,1005,0,0,0,0,0,0
BSEDSI.BSE_IDX,01/07/2025,10:54:42,1005.07,0,0,0,0,0,0
BSEDSI.BSE_IDX,01/07/2025,10:54:51,1005.07,0,0,0,0,0,0
BSEDSI.BSE_IDX,01/07/2025,10:54:58,1004.98,0,0,0,0,0,0
BSEDSI.BSE_IDX,01/07/2025,10:55:06,1005.03,0,0,0,0,0,0
BSEDSI.BSE_IDX,01/07/2025,10:55:14,1004.97,0,0,0,0,0,0
BSEDSI.BSE_IDX,01/07/2025,10:55:22,1005.09,0,0,0,0,0,0
BSEDSI.BSE_IDX,01/07/2025,10:55:30,1005.11,0,0,0,0,0,0
BSEDSI.BSE_IDX,01/07/2025,10:55:38,1005.07,0,0,0,0,0,0
BSEDSI.BSE_IDX,01/07/2025,10:55:46,1005.04,0,0,0,0,0,0
BSEDSI.BSE_IDX,01/07/2025,10:55:54,1004.95,0,0,0,0,0,0
BSEDSI.BSE_IDX,01/07/2025,10:56:02,1004.98,0,0,0,0,0,0
BSEDSI.BSE_IDX,01/07/2025,10:56:10,1004.91,0,0,0,0,0,0
BSEDSI.BSE_IDX,01/07/2025,10:56:18,1004.93,0,0,0,0,0,0
BSEDSI.BSE_IDX,01/07/2025,10:56:26,1004.88,0,0,0,0,0,0
BSEDSI.BSE_IDX,01/07/2025,10:56:34,1004.92,0,0,0,0,0,0
BSEDSI.BSE_IDX,01/07/2025,10:56:42,1004.87,0,0,0,0,0,0
BSEDSI.BSE_IDX,01/07/2025,10:56:50,1004.89,0,0,0,0,0,0
BSEDSI.BSE_IDX,01/07/2025,10:56:58,1004.87,0,0,0,0,0,0
BSEDSI.BSE_IDX,01/07/2025,10:57:06,1004.84,0,0,0,0,0,0
BSEDSI.BSE_IDX,01/07/2025,10:57:14,1004.77,0,0,0,0,0,0
BSEDSI.BSE_IDX,01/07/2025,10:57:22,1004.8,0,0,0,0,0,0
BSEDSI.BSE_IDX,01/07/2025,10:57:30,1004.76,0,0,0,0,0,0
BSEDSI.BSE_IDX,01/07/2025,10:57:39,1004.72,0,0,0,0,0,0
BSEDSI.BSE_IDX,01/07/2025,10:57:46,1004.75,0,0,0,0,0,0
BSEDSI.BSE_IDX,01/07/2025,10:57:54,1004.72,0,0,0,0,0,0
BSEDSI.BSE_IDX,01/07/2025,10:58:02,1004.73,0,0,0,0,0,0
BSEDSI.BSE_IDX,01/07/2025,10:58:10,1004.78,0,0,0,0,0,0
BSEDSI.BSE_IDX,01/07/2025,10:58:18,1004.77,0,0,0,0,0,0
BSEDSI.BSE_IDX,01/07/2025,10:58:26,1004.77,0,0,0,0,0,0
BSEDSI.BSE_IDX,01/07/2025,10:58:34,1004.86,0,0,0,0,0,0
BSEDSI.BSE_IDX,01/07/2025,10:58:42,1004.83,0,0,0,0,0,0
BSEDSI.BSE_IDX,01/07/2025,10:58:50,1004.86,0,0,0,0,0,0
BSEDSI.BSE_IDX,01/07/2025,10:58:58,1004.72,0,0,0,0,0,0
BSEDSI.BSE_IDX,01/07/2025,10:59:06,1004.76,0,0,0,0,0,0
BSEDSI.BSE_IDX,01/07/2025,10:59:14,1004.72,0,0,0,0,0,0
BSEDSI.BSE_IDX,01/07/2025,10:59:22,1004.72,0,0,0,0,0,0
BSEDSI.BSE_IDX,01/07/2025,10:59:30,1004.68,0,0,0,0,0,0
BSEDSI.BSE_IDX,01/07/2025,10:59:38,1004.67,0,0,0,0,0,0
BSEDSI.BSE_IDX,01/07/2025,10:59:47,1004.65,0,0,0,0,0,0
BSEDSI.BSE_IDX,01/07/2025,10:59:55,1004.66,0,0,0,0,0,0
BSEDSI.BSE_IDX,01/07/2025,11:00:03,1004.62,0,0,0,0,0,0
BSEDSI.BSE_IDX,01/07/2025,11:00:11,1004.65,0,0,0,0,0,0
BSEDSI.BSE_IDX,01/07/2025,11:00:18,1004.7,0,0,0,0,0,0
BSEDSI.BSE_IDX,01/07/2025,11:00:26,1004.73,0,0,0,0,0,0
BSEDSI.BSE_IDX,01/07/2025,11:00:34,1004.64,0,0,0,0,0,0
BSEDSI.BSE_IDX,01/07/2025,11:00:42,1004.65,0,0,0,0,0,0
BSEDSI.BSE_IDX,01/07/2025,11:00:50,1004.62,0,0,0,0,0,0
BSEDSI.BSE_IDX,01/07/2025,11:00:58,1004.67,0,0,0,0,0,0
BSEDSI.BSE_IDX,01/07/2025,11:01:06,1004.67,0,0,0,0,0,0
BSEDSI.BSE_IDX,01/07/2025,11:01:15,1004.72,0,0,0,0,0,0
BSEDSI.BSE_IDX,01/07/2025,11:01:22,1004.69,0,0,0,0,0,0
BSEDSI.BSE_IDX,01/07/2025,11:01:30,1004.58,0,0,0,0,0,0
BSEDSI.BSE_IDX,01/07/2025,11:01:38,1004.52,0,0,0,0,0,0
BSEDSI.BSE_IDX,01/07/2025,11:01:46,1004.5,0,0,0,0,0,0
BSEDSI.BSE_IDX,01/07/2025,11:01:54,1004.51,0,0,0,0,0,0
BSEDSI.BSE_IDX,01/07/2025,11:02:02,1004.56,0,0,0,0,0,0
BSEDSI.BSE_IDX,01/07/2025,11:02:10,1004.52,0,0,0,0,0,0
BSEDSI.BSE_IDX,01/07/2025,11:02:18,1004.55,0,0,0,0,0,0
BSEDSI.BSE_IDX,01/07/2025,11:02:27,1004.48,0,0,0,0,0,0
BSEDSI.BSE_IDX,01/07/2025,11:02:34,1004.46,0,0,0,0,0,0
BSEDSI.BSE_IDX,01/07/2025,11:02:42,1004.44,0,0,0,0,0,0
BSEDSI.BSE_IDX,01/07/2025,11:02:51,1004.47,0,0,0,0,0,0
BSEDSI.BSE_IDX,01/07/2025,11:02:58,1004.44,0,0,0,0,0,0
BSEDSI.BSE_IDX,01/07/2025,11:03:06,1004.39,0,0,0,0,0,0
BSEDSI.BSE_IDX,01/07/2025,11:03:14,1004.39,0,0,0,0,0,0
BSEDSI.BSE_IDX,01/07/2025,11:03:22,1004.41,0,0,0,0,0,0
BSEDSI.BSE_IDX,01/07/2025,11:03:31,1004.24,0,0,0,0,0,0
BSEDSI.BSE_IDX,01/07/2025,11:03:38,1004.22,0,0,0,0,0,0
BSEDSI.BSE_IDX,01/07/2025,11:03:46,1004.18,0,0,0,0,0,0
BSEDSI.BSE_IDX,01/07/2025,11:03:54,1004.2,0,0,0,0,0,0
BSEDSI.BSE_IDX,01/07/2025,11:04:02,1004.23,0,0,0,0,0,0
BSEDSI.BSE_IDX,01/07/2025,11:04:10,1004.17,0,0,0,0,0,0
BSEDSI.BSE_IDX,01/07/2025,11:04:18,1004.17,0,0,0,0,0,0
BSEDSI.BSE_IDX,01/07/2025,11:04:27,1004.27,0,0,0,0,0,0
BSEDSI.BSE_IDX,01/07/2025,11:04:34,1004.28,0,0,0,0,0,0
BSEDSI.BSE_IDX,01/07/2025,11:04:42,1004.33,0,0,0,0,0,0
BSEDSI.BSE_IDX,01/07/2025,11:04:51,1004.36,0,0,0,0,0,0
BSEDSI.BSE_IDX,01/07/2025,11:04:58,1004.39,0,0,0,0,0,0
BSEDSI.BSE_IDX,01/07/2025,11:05:06,1004.38,0,0,0,0,0,0
BSEDSI.BSE_IDX,01/07/2025,11:05:14,1004.46,0,0,0,0,0,0
BSEDSI.BSE_IDX,01/07/2025,11:05:22,1004.45,0,0,0,0,0,0
BSEDSI.BSE_IDX,01/07/2025,11:05:30,1004.46,0,0,0,0,0,0
BSEDSI.BSE_IDX,01/07/2025,11:05:38,1004.55,0,0,0,0,0,0
BSEDSI.BSE_IDX,01/07/2025,11:05:46,1004.59,0,0,0,0,0,0
BSEDSI.BSE_IDX,01/07/2025,11:05:54,1004.57,0,0,0,0,0,0
BSEDSI.BSE_IDX,01/07/2025,11:06:02,1004.66,0,0,0,0,0,0
BSEDSI.BSE_IDX,01/07/2025,11:06:11,1004.67,0,0,0,0,0,0
BSEDSI.BSE_IDX,01/07/2025,11:06:19,1004.74,0,0,0,0,0,0
BSEDSI.BSE_IDX,01/07/2025,11:06:26,1004.75,0,0,0,0,0,0
BSEDSI.BSE_IDX,01/07/2025,11:06:34,1004.75,0,0,0,0,0,0
BSEDSI.BSE_IDX,01/07/2025,11:06:42,1004.71,0,0,0,0,0,0
BSEDSI.BSE_IDX,01/07/2025,11:06:50,1004.77,0,0,0,0,0,0
BSEDSI.BSE_IDX,01/07/2025,11:06:58,1004.8,0,0,0,0,0,0
BSEDSI.BSE_IDX,01/07/2025,11:07:06,1004.9,0,0,0,0,0,0
BSEDSI.BSE_IDX,01/07/2025,11:07:15,1004.91,0,0,0,0,0,0
BSEDSI.BSE_IDX,01/07/2025,11:07:22,1005.03,0,0,0,0,0,0
BSEDSI.BSE_IDX,01/07/2025,11:07:30,1005.08,0,0,0,0,0,0
BSEDSI.BSE_IDX,01/07/2025,11:07:38,1005.16,0,0,0,0,0,0
BSEDSI.BSE_IDX,01/07/2025,11:07:46,1005.21,0,0,0,0,0,0
BSEDSI.BSE_IDX,01/07/2025,11:07:54,1005.21,0,0,0,0,0,0
BSEDSI.BSE_IDX,01/07/2025,11:08:02,1005.26,0,0,0,0,0,0
BSEDSI.BSE_IDX,01/07/2025,11:08:11,1005.21,0,0,0,0,0,0
BSEDSI.BSE_IDX,01/07/2025,11:08:18,1005.2,0,0,0,0,0,0
BSEDSI.BSE_IDX,01/07/2025,11:08:27,1005.23,0,0,0,0,0,0
BSEDSI.BSE_IDX,01/07/2025,11:08:35,1005.14,0,0,0,0,0,0
BSEDSI.BSE_IDX,01/07/2025,11:08:43,1005.12,0,0,0,0,0,0
BSEDSI.BSE_IDX,01/07/2025,11:08:51,1005.21,0,0,0,0,0,0
BSEDSI.BSE_IDX,01/07/2025,11:08:58,1005.21,0,0,0,0,0,0
BSEDSI.BSE_IDX,01/07/2025,11:09:07,1005.19,0,0,0,0,0,0
BSEDSI.BSE_IDX,01/07/2025,11:09:15,1005.16,0,0,0,0,0,0
BSEDSI.BSE_IDX,01/07/2025,11:09:23,1005.06,0,0,0,0,0,0
BSEDSI.BSE_IDX,01/07/2025,11:09:31,1005.19,0,0,0,0,0,0
BSEDSI.BSE_IDX,01/07/2025,11:09:39,1005.22,0,0,0,0,0,0
BSEDSI.BSE_IDX,01/07/2025,11:09:46,1005.26,0,0,0,0,0,0
BSEDSI.BSE_IDX,01/07/2025,11:09:55,1005.22,0,0,0,0,0,0
BSEDSI.BSE_IDX,01/07/2025,11:10:03,1005.25,0,0,0,0,0,0
BSEDSI.BSE_IDX,01/07/2025,11:10:11,1005.27,0,0,0,0,0,0
BSEDSI.BSE_IDX,01/07/2025,11:10:19,1005.35,0,0,0,0,0,0
BSEDSI.BSE_IDX,01/07/2025,11:10:27,1005.27,0,0,0,0,0,0
BSEDSI.BSE_IDX,01/07/2025,11:10:35,1005.33,0,0,0,0,0,0
BSEDSI.BSE_IDX,01/07/2025,11:10:43,1005.42,0,0,0,0,0,0
BSEDSI.BSE_IDX,01/07/2025,11:10:51,1005.42,0,0,0,0,0,0
BSEDSI.BSE_IDX,01/07/2025,11:10:59,1005.48,0,0,0,0,0,0
BSEDSI.BSE_IDX,01/07/2025,11:11:07,1005.51,0,0,0,0,0,0
BSEDSI.BSE_IDX,01/07/2025,11:11:15,1005.5,0,0,0,0,0,0
BSEDSI.BSE_IDX,01/07/2025,11:11:23,1005.42,0,0,0,0,0,0
BSEDSI.BSE_IDX,01/07/2025,11:11:31,1005.34,0,0,0,0,0,0
BSEDSI.BSE_IDX,01/07/2025,11:11:39,1005.32,0,0,0,0,0,0
BSEDSI.BSE_IDX,01/07/2025,11:11:47,1005.31,0,0,0,0,0,0
BSEDSI.BSE_IDX,01/07/2025,11:11:55,1005.31,0,0,0,0,0,0
BSEDSI.BSE_IDX,01/07/2025,11:12:03,1005.44,0,0,0,0,0,0
BSEDSI.BSE_IDX,01/07/2025,11:12:11,1005.48,0,0,0,0,0,0
BSEDSI.BSE_IDX,01/07/2025,11:12:19,1005.49,0,0,0,0,0,0
BSEDSI.BSE_IDX,01/07/2025,11:12:27,1005.47,0,0,0,0,0,0
BSEDSI.BSE_IDX,01/07/2025,11:12:35,1005.52,0,0,0,0,0,0
BSEDSI.BSE_IDX,01/07/2025,11:12:43,1005.54,0,0,0,0,0,0
BSEDSI.BSE_IDX,01/07/2025,11:12:51,1005.52,0,0,0,0,0,0
BSEDSI.BSE_IDX,01/07/2025,11:12:59,1005.53,0,0,0,0,0,0
BSEDSI.BSE_IDX,01/07/2025,11:13:07,1005.52,0,0,0,0,0,0
BSEDSI.BSE_IDX,01/07/2025,11:13:16,1005.48,0,0,0,0,0,0
BSEDSI.BSE_IDX,01/07/2025,11:13:23,1005.49,0,0,0,0,0,0
BSEDSI.BSE_IDX,01/07/2025,11:13:31,1005.45,0,0,0,0,0,0
BSEDSI.BSE_IDX,01/07/2025,11:13:39,1005.45,0,0,0,0,0,0
BSEDSI.BSE_IDX,01/07/2025,11:13:47,1005.42,0,0,0,0,0,0
BSEDSI.BSE_IDX,01/07/2025,11:13:55,1005.44,0,0,0,0,0,0
BSEDSI.BSE_IDX,01/07/2025,11:14:03,1005.51,0,0,0,0,0,0
BSEDSI.BSE_IDX,01/07/2025,11:14:11,1005.55,0,0,0,0,0,0
BSEDSI.BSE_IDX,01/07/2025,11:14:19,1005.57,0,0,0,0,0,0
BSEDSI.BSE_IDX,01/07/2025,11:14:27,1005.59,0,0,0,0,0,0
BSEDSI.BSE_IDX,01/07/2025,11:14:35,1005.63,0,0,0,0,0,0
BSEDSI.BSE_IDX,01/07/2025,11:14:43,1005.62,0,0,0,0,0,0
BSEDSI.BSE_IDX,01/07/2025,11:14:51,1005.64,0,0,0,0,0,0
BSEDSI.BSE_IDX,01/07/2025,11:14:59,1005.67,0,0,0,0,0,0
BSEDSI.BSE_IDX,01/07/2025,11:15:07,1005.74,0,0,0,0,0,0
BSEDSI.BSE_IDX,01/07/2025,11:15:15,1005.74,0,0,0,0,0,0
BSEDSI.BSE_IDX,01/07/2025,11:15:23,1005.77,0,0,0,0,0,0
BSEDSI.BSE_IDX,01/07/2025,11:15:31,1005.66,0,0,0,0,0,0
BSEDSI.BSE_IDX,01/07/2025,11:15:39,1005.7,0,0,0,0,0,0
BSEDSI.BSE_IDX,01/07/2025,11:15:47,1005.75,0,0,0,0,0,0
BSEDSI.BSE_IDX,01/07/2025,11:15:56,1005.78,0,0,0,0,0,0
BSEDSI.BSE_IDX,01/07/2025,11:16:03,1005.74,0,0,0,0,0,0
BSEDSI.BSE_IDX,01/07/2025,11:16:11,1005.74,0,0,0,0,0,0
BSEDSI.BSE_IDX,01/07/2025,11:16:19,1005.73,0,0,0,0,0,0
BSEDSI.BSE_IDX,01/07/2025,11:16:27,1005.69,0,0,0,0,0,0
BSEDSI.BSE_IDX,01/07/2025,11:16:35,1005.57,0,0,0,0,0,0
BSEDSI.BSE_IDX,01/07/2025,11:16:43,1005.52,0,0,0,0,0,0
BSEDSI.BSE_IDX,01/07/2025,11:16:51,1005.56,0,0,0,0,0,0
BSEDSI.BSE_IDX,01/07/2025,11:16:59,1005.41,0,0,0,0,0,0
BSEDSI.BSE_IDX,01/07/2025,11:17:07,1005.5,0,0,0,0,0,0
BSEDSI.BSE_IDX,01/07/2025,11:17:15,1005.48,0,0,0,0,0,0
BSEDSI.BSE_IDX,01/07/2025,11:17:23,1005.53,0,0,0,0,0,0
BSEDSI.BSE_IDX,01/07/2025,11:17:31,1005.61,0,0,0,0,0,0
BSEDSI.BSE_IDX,01/07/2025,11:17:39,1005.66,0,0,0,0,0,0
BSEDSI.BSE_IDX,01/07/2025,11:17:47,1005.84,0,0,0,0,0,0
BSEDSI.BSE_IDX,01/07/2025,11:17:57,1005.89,0,0,0,0,0,0
BSEDSI.BSE_IDX,01/07/2025,11:18:03,1005.89,0,0,0,0,0,0
BSEDSI.BSE_IDX,01/07/2025,11:18:11,1005.89,0,0,0,0,0,0
BSEDSI.BSE_IDX,01/07/2025,11:18:19,1005.97,0,0,0,0,0,0
BSEDSI.BSE_IDX,01/07/2025,11:18:27,1006.03,0,0,0,0,0,0
BSEDSI.BSE_IDX,01/07/2025,11:18:35,1006.05,0,0,0,0,0,0
BSEDSI.BSE_IDX,01/07/2025,11:18:44,1006.05,0,0,0,0,0,0
BSEDSI.BSE_IDX,01/07/2025,11:18:51,1006.12,0,0,0,0,0,0
BSEDSI.BSE_IDX,01/07/2025,11:18:59,1006,0,0,0,0,0,0
BSEDSI.BSE_IDX,01/07/2025,11:19:08,1005.97,0,0,0,0,0,0
BSEDSI.BSE_IDX,01/07/2025,11:19:15,1005.99,0,0,0,0,0,0
BSEDSI.BSE_IDX,01/07/2025,11:19:23,1006.03,0,0,0,0,0,0
BSEDSI.BSE_IDX,01/07/2025,11:19:31,1005.95,0,0,0,0,0,0
BSEDSI.BSE_IDX,01/07/2025,11:19:39,1005.87,0,0,0,0,0,0
BSEDSI.BSE_IDX,01/07/2025,11:19:47,1005.84,0,0,0,0,0,0
BSEDSI.BSE_IDX,01/07/2025,11:19:55,1005.63,0,0,0,0,0,0
BSEDSI.BSE_IDX,01/07/2025,11:20:03,1005.62,0,0,0,0,0,0
BSEDSI.BSE_IDX,01/07/2025,11:20:11,1005.73,0,0,0,0,0,0
BSEDSI.BSE_IDX,01/07/2025,11:20:19,1005.72,0,0,0,0,0,0
BSEDSI.BSE_IDX,01/07/2025,11:20:27,1005.69,0,0,0,0,0,0
BSEDSI.BSE_IDX,01/07/2025,11:20:35,1005.79,0,0,0,0,0,0
BSEDSI.BSE_IDX,01/07/2025,11:20:43,1005.8,0,0,0,0,0,0
BSEDSI.BSE_IDX,01/07/2025,11:20:51,1005.83,0,0,0,0,0,0
BSEDSI.BSE_IDX,01/07/2025,11:20:59,1005.81,0,0,0,0,0,0
BSEDSI.BSE_IDX,01/07/2025,11:21:07,1005.8,0,0,0,0,0,0
BSEDSI.BSE_IDX,01/07/2025,11:21:15,1005.81,0,0,0,0,0,0
BSEDSI.BSE_IDX,01/07/2025,11:21:24,1005.9,0,0,0,0,0,0
BSEDSI.BSE_IDX,01/07/2025,11:21:31,1005.83,0,0,0,0,0,0
BSEDSI.BSE_IDX,01/07/2025,11:21:39,1005.73,0,0,0,0,0,0
BSEDSI.BSE_IDX,01/07/2025,11:21:47,1005.73,0,0,0,0,0,0
BSEDSI.BSE_IDX,01/07/2025,11:21:56,1005.68,0,0,0,0,0,0
BSEDSI.BSE_IDX,01/07/2025,11:22:03,1005.76,0,0,0,0,0,0
BSEDSI.BSE_IDX,01/07/2025,11:22:11,1005.71,0,0,0,0,0,0
BSEDSI.BSE_IDX,01/07/2025,11:22:19,1005.68,0,0,0,0,0,0
BSEDSI.BSE_IDX,01/07/2025,11:22:28,1005.65,0,0,0,0,0,0
BSEDSI.BSE_IDX,01/07/2025,11:22:35,1005.64,0,0,0,0,0,0
BSEDSI.BSE_IDX,01/07/2025,11:22:43,1005.65,0,0,0,0,0,0
BSEDSI.BSE_IDX,01/07/2025,11:22:51,1005.66,0,0,0,0,0,0
BSEDSI.BSE_IDX,01/07/2025,11:22:59,1005.61,0,0,0,0,0,0
BSEDSI.BSE_IDX,01/07/2025,11:23:07,1005.66,0,0,0,0,0,0
BSEDSI.BSE_IDX,01/07/2025,11:23:15,1005.61,0,0,0,0,0,0
BSEDSI.BSE_IDX,01/07/2025,11:23:23,1005.63,0,0,0,0,0,0
BSEDSI.BSE_IDX,01/07/2025,11:23:31,1005.62,0,0,0,0,0,0
BSEDSI.BSE_IDX,01/07/2025,11:23:39,1005.65,0,0,0,0,0,0
BSEDSI.BSE_IDX,01/07/2025,11:23:47,1005.72,0,0,0,0,0,0
BSEDSI.BSE_IDX,01/07/2025,11:23:55,1005.8,0,0,0,0,0,0
BSEDSI.BSE_IDX,01/07/2025,11:24:04,1005.74,0,0,0,0,0,0
BSEDSI.BSE_IDX,01/07/2025,11:24:11,1005.77,0,0,0,0,0,0
BSEDSI.BSE_IDX,01/07/2025,11:24:19,1005.85,0,0,0,0,0,0
BSEDSI.BSE_IDX,01/07/2025,11:24:27,1005.87,0,0,0,0,0,0
BSEDSI.BSE_IDX,01/07/2025,11:24:35,1005.83,0,0,0,0,0,0
BSEDSI.BSE_IDX,01/07/2025,11:24:43,1005.85,0,0,0,0,0,0
BSEDSI.BSE_IDX,01/07/2025,11:24:52,1005.84,0,0,0,0,0,0
BSEDSI.BSE_IDX,01/07/2025,11:25:00,1005.87,0,0,0,0,0,0
BSEDSI.BSE_IDX,01/07/2025,11:25:07,1005.83,0,0,0,0,0,0
BSEDSI.BSE_IDX,01/07/2025,11:25:15,1005.86,0,0,0,0,0,0
BSEDSI.BSE_IDX,01/07/2025,11:25:23,1005.76,0,0,0,0,0,0
BSEDSI.BSE_IDX,01/07/2025,11:25:31,1005.81,0,0,0,0,0,0
BSEDSI.BSE_IDX,01/07/2025,11:25:41,1005.82,0,0,0,0,0,0
BSEDSI.BSE_IDX,01/07/2025,11:25:47,1005.76,0,0,0,0,0,0
BSEDSI.BSE_IDX,01/07/2025,11:25:55,1005.72,0,0,0,0,0,0
BSEDSI.BSE_IDX,01/07/2025,11:26:03,1005.72,0,0,0,0,0,0
BSEDSI.BSE_IDX,01/07/2025,11:26:11,1005.67,0,0,0,0,0,0
BSEDSI.BSE_IDX,01/07/2025,11:26:19,1005.73,0,0,0,0,0,0
BSEDSI.BSE_IDX,01/07/2025,11:26:27,1005.77,0,0,0,0,0,0
BSEDSI.BSE_IDX,01/07/2025,11:26:35,1005.79,0,0,0,0,0,0
BSEDSI.BSE_IDX,01/07/2025,11:26:43,1005.81,0,0,0,0,0,0
BSEDSI.BSE_IDX,01/07/2025,11:26:51,1005.83,0,0,0,0,0,0
BSEDSI.BSE_IDX,01/07/2025,11:26:59,1005.81,0,0,0,0,0,0
BSEDSI.BSE_IDX,01/07/2025,11:27:07,1005.9,0,0,0,0,0,0
BSEDSI.BSE_IDX,01/07/2025,11:27:15,1005.87,0,0,0,0,0,0
BSEDSI.BSE_IDX,01/07/2025,11:27:23,1005.79,0,0,0,0,0,0
BSEDSI.BSE_IDX,01/07/2025,11:27:31,1005.81,0,0,0,0,0,0
BSEDSI.BSE_IDX,01/07/2025,11:27:39,1005.88,0,0,0,0,0,0
BSEDSI.BSE_IDX,01/07/2025,11:27:47,1005.85,0,0,0,0,0,0
BSEDSI.BSE_IDX,01/07/2025,11:27:55,1005.84,0,0,0,0,0,0
BSEDSI.BSE_IDX,01/07/2025,11:28:03,1005.85,0,0,0,0,0,0
BSEDSI.BSE_IDX,01/07/2025,11:28:11,1005.9,0,0,0,0,0,0
BSEDSI.BSE_IDX,01/07/2025,11:28:19,1005.87,0,0,0,0,0,0
BSEDSI.BSE_IDX,01/07/2025,11:28:27,1005.88,0,0,0,0,0,0
BSEDSI.BSE_IDX,01/07/2025,11:28:36,1006,0,0,0,0,0,0
BSEDSI.BSE_IDX,01/07/2025,11:28:43,1005.97,0,0,0,0,0,0
BSEDSI.BSE_IDX,01/07/2025,11:28:51,1005.94,0,0,0,0,0,0
BSEDSI.BSE_IDX,01/07/2025,11:28:59,1006.02,0,0,0,0,0,0
BSEDSI.BSE_IDX,01/07/2025,11:29:07,1006.02,0,0,0,0,0,0
BSEDSI.BSE_IDX,01/07/2025,11:29:16,1005.97,0,0,0,0,0,0
BSEDSI.BSE_IDX,01/07/2025,11:29:24,1005.94,0,0,0,0,0,0
BSEDSI.BSE_IDX,01/07/2025,11:29:31,1006.03,0,0,0,0,0,0
BSEDSI.BSE_IDX,01/07/2025,11:29:39,1006.05,0,0,0,0,0,0
BSEDSI.BSE_IDX,01/07/2025,11:29:47,1006.11,0,0,0,0,0,0
BSEDSI.BSE_IDX,01/07/2025,11:29:55,1006.13,0,0,0,0,0,0
BSEDSI.BSE_IDX,01/07/2025,11:30:03,1006.12,0,0,0,0,0,0
BSEDSI.BSE_IDX,01/07/2025,11:30:11,1006.08,0,0,0,0,0,0
BSEDSI.BSE_IDX,01/07/2025,11:30:19,1006.11,0,0,0,0,0,0
BSEDSI.BSE_IDX,01/07/2025,11:30:27,1006.1,0,0,0,0,0,0
BSEDSI.BSE_IDX,01/07/2025,11:30:35,1006.05,0,0,0,0,0,0
BSEDSI.BSE_IDX,01/07/2025,11:30:43,1006.1,0,0,0,0,0,0
BSEDSI.BSE_IDX,01/07/2025,11:30:51,1006.01,0,0,0,0,0,0
BSEDSI.BSE_IDX,01/07/2025,11:30:59,1005.91,0,0,0,0,0,0
BSEDSI.BSE_IDX,01/07/2025,11:31:07,1005.94,0,0,0,0,0,0
BSEDSI.BSE_IDX,01/07/2025,11:31:15,1005.87,0,0,0,0,0,0
BSEDSI.BSE_IDX,01/07/2025,11:31:23,1005.8,0,0,0,0,0,0
BSEDSI.BSE_IDX,01/07/2025,11:31:31,1005.79,0,0,0,0,0,0
BSEDSI.BSE_IDX,01/07/2025,11:31:39,1005.81,0,0,0,0,0,0
BSEDSI.BSE_IDX,01/07/2025,11:31:47,1005.8,0,0,0,0,0,0
BSEDSI.BSE_IDX,01/07/2025,11:31:55,1005.8,0,0,0,0,0,0
BSEDSI.BSE_IDX,01/07/2025,11:32:04,1005.81,0,0,0,0,0,0
BSEDSI.BSE_IDX,01/07/2025,11:32:11,1005.77,0,0,0,0,0,0
BSEDSI.BSE_IDX,01/07/2025,11:32:19,1005.86,0,0,0,0,0,0
BSEDSI.BSE_IDX,01/07/2025,11:32:27,1005.81,0,0,0,0,0,0
BSEDSI.BSE_IDX,01/07/2025,11:32:35,1005.79,0,0,0,0,0,0
BSEDSI.BSE_IDX,01/07/2025,11:32:43,1005.72,0,0,0,0,0,0
BSEDSI.BSE_IDX,01/07/2025,11:32:51,1005.69,0,0,0,0,0,0
BSEDSI.BSE_IDX,01/07/2025,11:32:59,1005.66,0,0,0,0,0,0
BSEDSI.BSE_IDX,01/07/2025,11:33:07,1005.58,0,0,0,0,0,0
BSEDSI.BSE_IDX,01/07/2025,11:33:15,1005.48,0,0,0,0,0,0
BSEDSI.BSE_IDX,01/07/2025,11:33:23,1005.44,0,0,0,0,0,0
BSEDSI.BSE_IDX,01/07/2025,11:33:31,1005.42,0,0,0,0,0,0
BSEDSI.BSE_IDX,01/07/2025,11:33:39,1005.5,0,0,0,0,0,0
BSEDSI.BSE_IDX,01/07/2025,11:33:47,1005.53,0,0,0,0,0,0
BSEDSI.BSE_IDX,01/07/2025,11:33:55,1005.52,0,0,0,0,0,0
BSEDSI.BSE_IDX,01/07/2025,11:34:03,1005.53,0,0,0,0,0,0
BSEDSI.BSE_IDX,01/07/2025,11:34:12,1005.57,0,0,0,0,0,0
BSEDSI.BSE_IDX,01/07/2025,11:34:19,1005.57,0,0,0,0,0,0
BSEDSI.BSE_IDX,01/07/2025,11:34:27,1005.5,0,0,0,0,0,0
BSEDSI.BSE_IDX,01/07/2025,11:34:35,1005.44,0,0,0,0,0,0
BSEDSI.BSE_IDX,01/07/2025,11:34:43,1005.5,0,0,0,0,0,0
BSEDSI.BSE_IDX,01/07/2025,11:34:51,1005.5,0,0,0,0,0,0
BSEDSI.BSE_IDX,01/07/2025,11:34:59,1005.52,0,0,0,0,0,0
BSEDSI.BSE_IDX,01/07/2025,11:35:07,1005.5,0,0,0,0,0,0
BSEDSI.BSE_IDX,01/07/2025,11:35:16,1005.61,0,0,0,0,0,0
BSEDSI.BSE_IDX,01/07/2025,11:35:23,1005.62,0,0,0,0,0,0
BSEDSI.BSE_IDX,01/07/2025,11:35:32,1005.59,0,0,0,0,0,0
BSEDSI.BSE_IDX,01/07/2025,11:35:39,1005.67,0,0,0,0,0,0
BSEDSI.BSE_IDX,01/07/2025,11:35:47,1005.77,0,0,0,0,0,0
BSEDSI.BSE_IDX,01/07/2025,11:35:55,1005.83,0,0,0,0,0,0
BSEDSI.BSE_IDX,01/07/2025,11:36:04,1005.82,0,0,0,0,0,0
BSEDSI.BSE_IDX,01/07/2025,11:36:11,1005.85,0,0,0,0,0,0
BSEDSI.BSE_IDX,01/07/2025,11:36:19,1005.78,0,0,0,0,0,0
BSEDSI.BSE_IDX,01/07/2025,11:36:28,1005.8,0,0,0,0,0,0
BSEDSI.BSE_IDX,01/07/2025,11:36:35,1005.77,0,0,0,0,0,0
BSEDSI.BSE_IDX,01/07/2025,11:36:43,1005.76,0,0,0,0,0,0
BSEDSI.BSE_IDX,01/07/2025,11:36:54,1005.83,0,0,0,0,0,0
BSEDSI.BSE_IDX,01/07/2025,11:36:59,1005.8,0,0,0,0,0,0
BSEDSI.BSE_IDX,01/07/2025,11:37:07,1005.86,0,0,0,0,0,0
BSEDSI.BSE_IDX,01/07/2025,11:37:15,1005.9,0,0,0,0,0,0
BSEDSI.BSE_IDX,01/07/2025,11:37:23,1005.85,0,0,0,0,0,0
BSEDSI.BSE_IDX,01/07/2025,11:37:31,1005.89,0,0,0,0,0,0
BSEDSI.BSE_IDX,01/07/2025,11:37:41,1005.84,0,0,0,0,0,0
BSEDSI.BSE_IDX,01/07/2025,11:37:47,1005.85,0,0,0,0,0,0
BSEDSI.BSE_IDX,01/07/2025,11:37:55,1005.87,0,0,0,0,0,0
BSEDSI.BSE_IDX,01/07/2025,11:38:03,1005.86,0,0,0,0,0,0
BSEDSI.BSE_IDX,01/07/2025,11:38:11,1005.86,0,0,0,0,0,0
BSEDSI.BSE_IDX,01/07/2025,11:38:20,1005.83,0,0,0,0,0,0
BSEDSI.BSE_IDX,01/07/2025,11:38:27,1005.85,0,0,0,0,0,0
BSEDSI.BSE_IDX,01/07/2025,11:38:35,1005.93,0,0,0,0,0,0
BSEDSI.BSE_IDX,01/07/2025,11:38:43,1005.95,0,0,0,0,0,0
BSEDSI.BSE_IDX,01/07/2025,11:38:51,1005.91,0,0,0,0,0,0
BSEDSI.BSE_IDX,01/07/2025,11:38:59,1005.95,0,0,0,0,0,0
BSEDSI.BSE_IDX,01/07/2025,11:39:07,1006.04,0,0,0,0,0,0
BSEDSI.BSE_IDX,01/07/2025,11:39:16,1006.08,0,0,0,0,0,0
BSEDSI.BSE_IDX,01/07/2025,11:39:23,1006.08,0,0,0,0,0,0
BSEDSI.BSE_IDX,01/07/2025,11:39:31,1006.09,0,0,0,0,0,0
BSEDSI.BSE_IDX,01/07/2025,11:39:39,1005.96,0,0,0,0,0,0
BSEDSI.BSE_IDX,01/07/2025,11:39:47,1005.98,0,0,0,0,0,0
BSEDSI.BSE_IDX,01/07/2025,11:39:55,1005.92,0,0,0,0,0,0
BSEDSI.BSE_IDX,01/07/2025,11:40:03,1005.99,0,0,0,0,0,0
BSEDSI.BSE_IDX,01/07/2025,11:40:11,1005.97,0,0,0,0,0,0
BSEDSI.BSE_IDX,01/07/2025,11:40:19,1005.92,0,0,0,0,0,0
BSEDSI.BSE_IDX,01/07/2025,11:40:27,1005.93,0,0,0,0,0,0
BSEDSI.BSE_IDX,01/07/2025,11:40:35,1005.95,0,0,0,0,0,0
BSEDSI.BSE_IDX,01/07/2025,11:40:43,1005.97,0,0,0,0,0,0
BSEDSI.BSE_IDX,01/07/2025,11:40:51,1005.99,0,0,0,0,0,0
BSEDSI.BSE_IDX,01/07/2025,11:41:00,1005.99,0,0,0,0,0,0
BSEDSI.BSE_IDX,01/07/2025,11:41:07,1005.96,0,0,0,0,0,0
BSEDSI.BSE_IDX,01/07/2025,11:41:15,1005.91,0,0,0,0,0,0
BSEDSI.BSE_IDX,01/07/2025,11:41:24,1005.99,0,0,0,0,0,0
BSEDSI.BSE_IDX,01/07/2025,11:41:32,1005.93,0,0,0,0,0,0
BSEDSI.BSE_IDX,01/07/2025,11:41:39,1005.97,0,0,0,0,0,0
BSEDSI.BSE_IDX,01/07/2025,11:41:48,1005.97,0,0,0,0,0,0
BSEDSI.BSE_IDX,01/07/2025,11:41:56,1005.93,0,0,0,0,0,0
BSEDSI.BSE_IDX,01/07/2025,11:42:04,1006.04,0,0,0,0,0,0
BSEDSI.BSE_IDX,01/07/2025,11:42:12,1006.07,0,0,0,0,0,0
BSEDSI.BSE_IDX,01/07/2025,11:42:20,1006.15,0,0,0,0,0,0
BSEDSI.BSE_IDX,01/07/2025,11:42:28,1006.14,0,0,0,0,0,0
BSEDSI.BSE_IDX,01/07/2025,11:42:36,1006.11,0,0,0,0,0,0
BSEDSI.BSE_IDX,01/07/2025,11:42:44,1006.15,0,0,0,0,0,0
BSEDSI.BSE_IDX,01/07/2025,11:42:52,1006.16,0,0,0,0,0,0
BSEDSI.BSE_IDX,01/07/2025,11:43:00,1006.15,0,0,0,0,0,0
BSEDSI.BSE_IDX,01/07/2025,11:43:08,1006.15,0,0,0,0,0,0
BSEDSI.BSE_IDX,01/07/2025,11:43:16,1006.14,0,0,0,0,0,0
BSEDSI.BSE_IDX,01/07/2025,11:43:24,1006.15,0,0,0,0,0,0
BSEDSI.BSE_IDX,01/07/2025,11:43:32,1006.14,0,0,0,0,0,0
BSEDSI.BSE_IDX,01/07/2025,11:43:40,1006.1,0,0,0,0,0,0
BSEDSI.BSE_IDX,01/07/2025,11:43:48,1006.09,0,0,0,0,0,0
BSEDSI.BSE_IDX,01/07/2025,11:43:56,1006.07,0,0,0,0,0,0
BSEDSI.BSE_IDX,01/07/2025,11:44:04,1006.08,0,0,0,0,0,0
BSEDSI.BSE_IDX,01/07/2025,11:44:12,1006.14,0,0,0,0,0,0
BSEDSI.BSE_IDX,01/07/2025,11:44:20,1006.16,0,0,0,0,0,0
BSEDSI.BSE_IDX,01/07/2025,11:44:28,1006.18,0,0,0,0,0,0
BSEDSI.BSE_IDX,01/07/2025,11:44:36,1006,0,0,0,0,0,0
BSEDSI.BSE_IDX,01/07/2025,11:44:44,1005.98,0,0,0,0,0,0
BSEDSI.BSE_IDX,01/07/2025,11:44:52,1005.95,0,0,0,0,0,0
BSEDSI.BSE_IDX,01/07/2025,11:45:00,1005.94,0,0,0,0,0,0
BSEDSI.BSE_IDX,01/07/2025,11:45:08,1005.97,0,0,0,0,0,0
BSEDSI.BSE_IDX,01/07/2025,11:45:16,1006,0,0,0,0,0,0
BSEDSI.BSE_IDX,01/07/2025,11:45:24,1006.08,0,0,0,0,0,0
BSEDSI.BSE_IDX,01/07/2025,11:45:32,1006.04,0,0,0,0,0,0
BSEDSI.BSE_IDX,01/07/2025,11:45:40,1006.15,0,0,0,0,0,0
BSEDSI.BSE_IDX,01/07/2025,11:45:48,1006.14,0,0,0,0,0,0
BSEDSI.BSE_IDX,01/07/2025,11:45:56,1006.2,0,0,0,0,0,0
BSEDSI.BSE_IDX,01/07/2025,11:46:04,1006.29,0,0,0,0,0,0
BSEDSI.BSE_IDX,01/07/2025,11:46:12,1006.34,0,0,0,0,0,0
BSEDSI.BSE_IDX,01/07/2025,11:46:20,1006.3,0,0,0,0,0,0
BSEDSI.BSE_IDX,01/07/2025,11:46:28,1006.3,0,0,0,0,0,0
BSEDSI.BSE_IDX,01/07/2025,11:46:36,1006.29,0,0,0,0,0,0
BSEDSI.BSE_IDX,01/07/2025,11:46:44,1006.2,0,0,0,0,0,0
BSEDSI.BSE_IDX,01/07/2025,11:46:52,1006.2,0,0,0,0,0,0
BSEDSI.BSE_IDX,01/07/2025,11:47:00,1006.22,0,0,0,0,0,0
BSEDSI.BSE_IDX,01/07/2025,11:47:08,1006.2,0,0,0,0,0,0
BSEDSI.BSE_IDX,01/07/2025,11:47:16,1006.07,0,0,0,0,0,0
BSEDSI.BSE_IDX,01/07/2025,11:47:24,1006.02,0,0,0,0,0,0
BSEDSI.BSE_IDX,01/07/2025,11:47:32,1006.07,0,0,0,0,0,0
BSEDSI.BSE_IDX,01/07/2025,11:47:40,1006.09,0,0,0,0,0,0
BSEDSI.BSE_IDX,01/07/2025,11:47:48,1006.09,0,0,0,0,0,0
BSEDSI.BSE_IDX,01/07/2025,11:47:56,1005.92,0,0,0,0,0,0
BSEDSI.BSE_IDX,01/07/2025,11:48:04,1005.97,0,0,0,0,0,0
BSEDSI.BSE_IDX,01/07/2025,11:48:12,1006.02,0,0,0,0,0,0
BSEDSI.BSE_IDX,01/07/2025,11:48:20,1006.05,0,0,0,0,0,0
BSEDSI.BSE_IDX,01/07/2025,11:48:28,1006.12,0,0,0,0,0,0
BSEDSI.BSE_IDX,01/07/2025,11:48:36,1006.07,0,0,0,0,0,0
BSEDSI.BSE_IDX,01/07/2025,11:48:44,1006.15,0,0,0,0,0,0
BSEDSI.BSE_IDX,01/07/2025,11:48:52,1006.15,0,0,0,0,0,0
BSEDSI.BSE_IDX,01/07/2025,11:49:01,1006.15,0,0,0,0,0,0
BSEDSI.BSE_IDX,01/07/2025,11:49:09,1006.22,0,0,0,0,0,0
BSEDSI.BSE_IDX,01/07/2025,11:49:16,1006.25,0,0,0,0,0,0
BSEDSI.BSE_IDX,01/07/2025,11:49:24,1006.22,0,0,0,0,0,0
BSEDSI.BSE_IDX,01/07/2025,11:49:32,1006.15,0,0,0,0,0,0
BSEDSI.BSE_IDX,01/07/2025,11:49:40,1006.14,0,0,0,0,0,0
BSEDSI.BSE_IDX,01/07/2025,11:49:49,1006.15,0,0,0,0,0,0
BSEDSI.BSE_IDX,01/07/2025,11:49:56,1006.09,0,0,0,0,0,0
BSEDSI.BSE_IDX,01/07/2025,11:50:04,1006.04,0,0,0,0,0,0
BSEDSI.BSE_IDX,01/07/2025,11:50:12,1005.85,0,0,0,0,0,0
BSEDSI.BSE_IDX,01/07/2025,11:50:20,1005.83,0,0,0,0,0,0
BSEDSI.BSE_IDX,01/07/2025,11:50:28,1005.97,0,0,0,0,0,0
BSEDSI.BSE_IDX,01/07/2025,11:50:36,1006.01,0,0,0,0,0,0
BSEDSI.BSE_IDX,01/07/2025,11:50:44,1006.01,0,0,0,0,0,0
BSEDSI.BSE_IDX,01/07/2025,11:50:52,1006.05,0,0,0,0,0,0
BSEDSI.BSE_IDX,01/07/2025,11:51:00,1006.02,0,0,0,0,0,0
BSEDSI.BSE_IDX,01/07/2025,11:51:08,1005.99,0,0,0,0,0,0
BSEDSI.BSE_IDX,01/07/2025,11:51:16,1006.03,0,0,0,0,0,0
BSEDSI.BSE_IDX,01/07/2025,11:51:24,1005.94,0,0,0,0,0,0
BSEDSI.BSE_IDX,01/07/2025,11:51:32,1005.94,0,0,0,0,0,0
BSEDSI.BSE_IDX,01/07/2025,11:51:40,1005.88,0,0,0,0,0,0
BSEDSI.BSE_IDX,01/07/2025,11:51:48,1005.95,0,0,0,0,0,0
BSEDSI.BSE_IDX,01/07/2025,11:51:56,1005.92,0,0,0,0,0,0
BSEDSI.BSE_IDX,01/07/2025,11:52:04,1005.92,0,0,0,0,0,0
BSEDSI.BSE_IDX,01/07/2025,11:52:12,1005.8,0,0,0,0,0,0
BSEDSI.BSE_IDX,01/07/2025,11:52:20,1005.81,0,0,0,0,0,0
BSEDSI.BSE_IDX,01/07/2025,11:52:28,1005.85,0,0,0,0,0,0
BSEDSI.BSE_IDX,01/07/2025,11:52:36,1005.83,0,0,0,0,0,0
BSEDSI.BSE_IDX,01/07/2025,11:52:44,1005.77,0,0,0,0,0,0
BSEDSI.BSE_IDX,01/07/2025,11:52:52,1005.76,0,0,0,0,0,0
BSEDSI.BSE_IDX,01/07/2025,11:53:00,1005.71,0,0,0,0,0,0
BSEDSI.BSE_IDX,01/07/2025,11:53:08,1005.6,0,0,0,0,0,0
BSEDSI.BSE_IDX,01/07/2025,11:53:16,1005.54,0,0,0,0,0,0
BSEDSI.BSE_IDX,01/07/2025,11:53:24,1005.51,0,0,0,0,0,0
BSEDSI.BSE_IDX,01/07/2025,11:53:32,1005.49,0,0,0,0,0,0
BSEDSI.BSE_IDX,01/07/2025,11:53:40,1005.52,0,0,0,0,0,0
BSEDSI.BSE_IDX,01/07/2025,11:53:48,1005.5,0,0,0,0,0,0
BSEDSI.BSE_IDX,01/07/2025,11:53:56,1005.48,0,0,0,0,0,0
BSEDSI.BSE_IDX,01/07/2025,11:54:04,1005.35,0,0,0,0,0,0
BSEDSI.BSE_IDX,01/07/2025,11:54:12,1005.33,0,0,0,0,0,0
BSEDSI.BSE_IDX,01/07/2025,11:54:20,1005.3,0,0,0,0,0,0
BSEDSI.BSE_IDX,01/07/2025,11:54:28,1005.19,0,0,0,0,0,0
BSEDSI.BSE_IDX,01/07/2025,11:54:36,1005.17,0,0,0,0,0,0
BSEDSI.BSE_IDX,01/07/2025,11:54:44,1005.18,0,0,0,0,0,0
BSEDSI.BSE_IDX,01/07/2025,11:54:52,1005.13,0,0,0,0,0,0
BSEDSI.BSE_IDX,01/07/2025,11:55:00,1005.17,0,0,0,0,0,0
BSEDSI.BSE_IDX,01/07/2025,11:55:08,1005.21,0,0,0,0,0,0
BSEDSI.BSE_IDX,01/07/2025,11:55:17,1005.22,0,0,0,0,0,0
BSEDSI.BSE_IDX,01/07/2025,11:55:24,1005.22,0,0,0,0,0,0
BSEDSI.BSE_IDX,01/07/2025,11:55:32,1005.13,0,0,0,0,0,0
BSEDSI.BSE_IDX,01/07/2025,11:55:40,1005.19,0,0,0,0,0,0
BSEDSI.BSE_IDX,01/07/2025,11:55:48,1005.14,0,0,0,0,0,0
BSEDSI.BSE_IDX,01/07/2025,11:55:56,1005.09,0,0,0,0,0,0
BSEDSI.BSE_IDX,01/07/2025,11:56:05,1005.07,0,0,0,0,0,0
BSEDSI.BSE_IDX,01/07/2025,11:56:12,1005.04,0,0,0,0,0,0
BSEDSI.BSE_IDX,01/07/2025,11:56:20,1004.87,0,0,0,0,0,0
BSEDSI.BSE_IDX,01/07/2025,11:56:28,1004.79,0,0,0,0,0,0
BSEDSI.BSE_IDX,01/07/2025,11:56:36,1004.75,0,0,0,0,0,0
BSEDSI.BSE_IDX,01/07/2025,11:56:44,1004.83,0,0,0,0,0,0
BSEDSI.BSE_IDX,01/07/2025,11:56:52,1004.73,0,0,0,0,0,0
BSEDSI.BSE_IDX,01/07/2025,11:57:00,1004.71,0,0,0,0,0,0
BSEDSI.BSE_IDX,01/07/2025,11:57:08,1004.69,0,0,0,0,0,0
BSEDSI.BSE_IDX,01/07/2025,11:57:16,1004.67,0,0,0,0,0,0
BSEDSI.BSE_IDX,01/07/2025,11:57:24,1004.69,0,0,0,0,0,0
BSEDSI.BSE_IDX,01/07/2025,11:57:32,1004.68,0,0,0,0,0,0
BSEDSI.BSE_IDX,01/07/2025,11:57:40,1004.65,0,0,0,0,0,0
BSEDSI.BSE_IDX,01/07/2025,11:57:48,1004.68,0,0,0,0,0,0
BSEDSI.BSE_IDX,01/07/2025,11:57:56,1004.68,0,0,0,0,0,0
BSEDSI.BSE_IDX,01/07/2025,11:58:04,1004.69,0,0,0,0,0,0
BSEDSI.BSE_IDX,01/07/2025,11:58:12,1004.69,0,0,0,0,0,0
BSEDSI.BSE_IDX,01/07/2025,11:58:20,1004.72,0,0,0,0,0,0
BSEDSI.BSE_IDX,01/07/2025,11:58:28,1004.7,0,0,0,0,0,0
BSEDSI.BSE_IDX,01/07/2025,11:58:36,1004.71,0,0,0,0,0,0
BSEDSI.BSE_IDX,01/07/2025,11:58:44,1004.77,0,0,0,0,0,0
BSEDSI.BSE_IDX,01/07/2025,11:58:52,1004.77,0,0,0,0,0,0
BSEDSI.BSE_IDX,01/07/2025,11:59:00,1004.75,0,0,0,0,0,0
BSEDSI.BSE_IDX,01/07/2025,11:59:08,1004.76,0,0,0,0,0,0
BSEDSI.BSE_IDX,01/07/2025,11:59:16,1004.74,0,0,0,0,0,0
BSEDSI.BSE_IDX,01/07/2025,11:59:24,1004.8,0,0,0,0,0,0
BSEDSI.BSE_IDX,01/07/2025,11:59:32,1004.93,0,0,0,0,0,0
BSEDSI.BSE_IDX,01/07/2025,11:59:40,1004.99,0,0,0,0,0,0
BSEDSI.BSE_IDX,01/07/2025,11:59:48,1005.03,0,0,0,0,0,0
BSEDSI.BSE_IDX,01/07/2025,11:59:56,1005.02,0,0,0,0,0,0
BSEDSI.BSE_IDX,01/07/2025,12:00:05,1005.05,0,0,0,0,0,0
BSEDSI.BSE_IDX,01/07/2025,12:00:12,1005.02,0,0,0,0,0,0
BSEDSI.BSE_IDX,01/07/2025,12:00:20,1004.97,0,0,0,0,0,0
BSEDSI.BSE_IDX,01/07/2025,12:00:28,1004.85,0,0,0,0,0,0
BSEDSI.BSE_IDX,01/07/2025,12:00:37,1004.79,0,0,0,0,0,0
BSEDSI.BSE_IDX,01/07/2025,12:00:44,1004.76,0,0,0,0,0,0
BSEDSI.BSE_IDX,01/07/2025,12:00:52,1004.75,0,0,0,0,0,0
BSEDSI.BSE_IDX,01/07/2025,12:01:00,1004.66,0,0,0,0,0,0
BSEDSI.BSE_IDX,01/07/2025,12:01:08,1004.65,0,0,0,0,0,0
BSEDSI.BSE_IDX,01/07/2025,12:01:16,1004.73,0,0,0,0,0,0
BSEDSI.BSE_IDX,01/07/2025,12:01:24,1004.74,0,0,0,0,0,0
BSEDSI.BSE_IDX,01/07/2025,12:01:32,1004.77,0,0,0,0,0,0
BSEDSI.BSE_IDX,01/07/2025,12:01:40,1004.75,0,0,0,0,0,0
BSEDSI.BSE_IDX,01/07/2025,12:01:48,1004.68,0,0,0,0,0,0
BSEDSI.BSE_IDX,01/07/2025,12:01:57,1004.64,0,0,0,0,0,0
BSEDSI.BSE_IDX,01/07/2025,12:02:04,1004.69,0,0,0,0,0,0
BSEDSI.BSE_IDX,01/07/2025,12:02:12,1004.74,0,0,0,0,0,0
BSEDSI.BSE_IDX,01/07/2025,12:02:20,1004.69,0,0,0,0,0,0
BSEDSI.BSE_IDX,01/07/2025,12:02:28,1004.66,0,0,0,0,0,0
BSEDSI.BSE_IDX,01/07/2025,12:02:36,1004.7,0,0,0,0,0,0
BSEDSI.BSE_IDX,01/07/2025,12:02:44,1004.67,0,0,0,0,0,0
BSEDSI.BSE_IDX,01/07/2025,12:02:52,1004.7,0,0,0,0,0,0
BSEDSI.BSE_IDX,01/07/2025,12:03:00,1004.67,0,0,0,0,0,0
BSEDSI.BSE_IDX,01/07/2025,12:03:08,1004.71,0,0,0,0,0,0
BSEDSI.BSE_IDX,01/07/2025,12:03:17,1004.64,0,0,0,0,0,0
BSEDSI.BSE_IDX,01/07/2025,12:03:24,1004.7,0,0,0,0,0,0
BSEDSI.BSE_IDX,01/07/2025,12:03:32,1004.73,0,0,0,0,0,0
BSEDSI.BSE_IDX,01/07/2025,12:03:40,1004.79,0,0,0,0,0,0
BSEDSI.BSE_IDX,01/07/2025,12:03:48,1004.77,0,0,0,0,0,0
BSEDSI.BSE_IDX,01/07/2025,12:03:56,1004.83,0,0,0,0,0,0
BSEDSI.BSE_IDX,01/07/2025,12:04:04,1004.82,0,0,0,0,0,0
BSEDSI.BSE_IDX,01/07/2025,12:04:12,1004.75,0,0,0,0,0,0
BSEDSI.BSE_IDX,01/07/2025,12:04:20,1004.76,0,0,0,0,0,0
BSEDSI.BSE_IDX,01/07/2025,12:04:28,1004.78,0,0,0,0,0,0
BSEDSI.BSE_IDX,01/07/2025,12:04:36,1004.84,0,0,0,0,0,0
BSEDSI.BSE_IDX,01/07/2025,12:04:44,1004.81,0,0,0,0,0,0
BSEDSI.BSE_IDX,01/07/2025,12:04:52,1004.79,0,0,0,0,0,0
BSEDSI.BSE_IDX,01/07/2025,12:05:01,1004.85,0,0,0,0,0,0
BSEDSI.BSE_IDX,01/07/2025,12:05:08,1004.76,0,0,0,0,0,0
BSEDSI.BSE_IDX,01/07/2025,12:05:16,1004.79,0,0,0,0,0,0
BSEDSI.BSE_IDX,01/07/2025,12:05:24,1004.77,0,0,0,0,0,0
BSEDSI.BSE_IDX,01/07/2025,12:05:32,1004.7,0,0,0,0,0,0
BSEDSI.BSE_IDX,01/07/2025,12:05:40,1004.68,0,0,0,0,0,0
BSEDSI.BSE_IDX,01/07/2025,12:05:48,1004.66,0,0,0,0,0,0
BSEDSI.BSE_IDX,01/07/2025,12:05:56,1004.68,0,0,0,0,0,0
BSEDSI.BSE_IDX,01/07/2025,12:06:04,1004.73,0,0,0,0,0,0
BSEDSI.BSE_IDX,01/07/2025,12:06:12,1004.81,0,0,0,0,0,0
BSEDSI.BSE_IDX,01/07/2025,12:06:20,1004.84,0,0,0,0,0,0
BSEDSI.BSE_IDX,01/07/2025,12:06:28,1004.67,0,0,0,0,0,0
BSEDSI.BSE_IDX,01/07/2025,12:06:36,1004.71,0,0,0,0,0,0
BSEDSI.BSE_IDX,01/07/2025,12:06:44,1004.66,0,0,0,0,0,0
BSEDSI.BSE_IDX,01/07/2025,12:06:53,1004.66,0,0,0,0,0,0
BSEDSI.BSE_IDX,01/07/2025,12:07:00,1004.63,0,0,0,0,0,0
BSEDSI.BSE_IDX,01/07/2025,12:07:08,1004.65,0,0,0,0,0,0
BSEDSI.BSE_IDX,01/07/2025,12:07:16,1004.65,0,0,0,0,0,0
BSEDSI.BSE_IDX,01/07/2025,12:07:24,1004.65,0,0,0,0,0,0
BSEDSI.BSE_IDX,01/07/2025,12:07:32,1004.56,0,0,0,0,0,0
BSEDSI.BSE_IDX,01/07/2025,12:07:40,1004.6,0,0,0,0,0,0
BSEDSI.BSE_IDX,01/07/2025,12:07:48,1004.62,0,0,0,0,0,0
BSEDSI.BSE_IDX,01/07/2025,12:07:56,1004.61,0,0,0,0,0,0
BSEDSI.BSE_IDX,01/07/2025,12:08:04,1004.6,0,0,0,0,0,0
BSEDSI.BSE_IDX,01/07/2025,12:08:12,1004.57,0,0,0,0,0,0
BSEDSI.BSE_IDX,01/07/2025,12:08:20,1004.46,0,0,0,0,0,0
BSEDSI.BSE_IDX,01/07/2025,12:08:28,1004.63,0,0,0,0,0,0
BSEDSI.BSE_IDX,01/07/2025,12:08:36,1004.6,0,0,0,0,0,0
BSEDSI.BSE_IDX,01/07/2025,12:08:44,1004.63,0,0,0,0,0,0
BSEDSI.BSE_IDX,01/07/2025,12:08:52,1004.71,0,0,0,0,0,0
BSEDSI.BSE_IDX,01/07/2025,12:09:00,1004.74,0,0,0,0,0,0
BSEDSI.BSE_IDX,01/07/2025,12:09:08,1004.82,0,0,0,0,0,0
BSEDSI.BSE_IDX,01/07/2025,12:09:16,1004.83,0,0,0,0,0,0
BSEDSI.BSE_IDX,01/07/2025,12:09:25,1004.84,0,0,0,0,0,0
BSEDSI.BSE_IDX,01/07/2025,12:09:32,1004.83,0,0,0,0,0,0
BSEDSI.BSE_IDX,01/07/2025,12:09:40,1004.79,0,0,0,0,0,0
BSEDSI.BSE_IDX,01/07/2025,12:09:48,1004.76,0,0,0,0,0,0
BSEDSI.BSE_IDX,01/07/2025,12:09:57,1004.76,0,0,0,0,0,0
BSEDSI.BSE_IDX,01/07/2025,12:10:05,1004.75,0,0,0,0,0,0
BSEDSI.BSE_IDX,01/07/2025,12:10:13,1004.77,0,0,0,0,0,0
BSEDSI.BSE_IDX,01/07/2025,12:10:22,1004.8,0,0,0,0,0,0
BSEDSI.BSE_IDX,01/07/2025,12:10:28,1004.79,0,0,0,0,0,0
BSEDSI.BSE_IDX,01/07/2025,12:10:36,1004.78,0,0,0,0,0,0
BSEDSI.BSE_IDX,01/07/2025,12:10:45,1004.8,0,0,0,0,0,0
BSEDSI.BSE_IDX,01/07/2025,12:10:52,1004.87,0,0,0,0,0,0
BSEDSI.BSE_IDX,01/07/2025,12:11:00,1004.87,0,0,0,0,0,0
BSEDSI.BSE_IDX,01/07/2025,12:11:08,1004.88,0,0,0,0,0,0
BSEDSI.BSE_IDX,01/07/2025,12:11:17,1004.89,0,0,0,0,0,0
BSEDSI.BSE_IDX,01/07/2025,12:11:24,1004.92,0,0,0,0,0,0
BSEDSI.BSE_IDX,01/07/2025,12:11:32,1004.91,0,0,0,0,0,0
BSEDSI.BSE_IDX,01/07/2025,12:11:40,1004.85,0,0,0,0,0,0
BSEDSI.BSE_IDX,01/07/2025,12:11:49,1004.87,0,0,0,0,0,0
BSEDSI.BSE_IDX,01/07/2025,12:11:57,1004.93,0,0,0,0,0,0
BSEDSI.BSE_IDX,01/07/2025,12:12:05,1005.02,0,0,0,0,0,0
BSEDSI.BSE_IDX,01/07/2025,12:12:13,1005.07,0,0,0,0,0,0
BSEDSI.BSE_IDX,01/07/2025,12:12:21,1005.14,0,0,0,0,0,0
BSEDSI.BSE_IDX,01/07/2025,12:12:29,1005.15,0,0,0,0,0,0
BSEDSI.BSE_IDX,01/07/2025,12:12:37,1005.09,0,0,0,0,0,0
BSEDSI.BSE_IDX,01/07/2025,12:12:45,1005.12,0,0,0,0,0,0
BSEDSI.BSE_IDX,01/07/2025,12:12:53,1005.06,0,0,0,0,0,0
BSEDSI.BSE_IDX,01/07/2025,12:13:01,1005.05,0,0,0,0,0,0
BSEDSI.BSE_IDX,01/07/2025,12:13:09,1005.06,0,0,0,0,0,0
BSEDSI.BSE_IDX,01/07/2025,12:13:17,1005.09,0,0,0,0,0,0
BSEDSI.BSE_IDX,01/07/2025,12:13:25,1005.09,0,0,0,0,0,0
BSEDSI.BSE_IDX,01/07/2025,12:13:33,1005.12,0,0,0,0,0,0
BSEDSI.BSE_IDX,01/07/2025,12:13:41,1005.16,0,0,0,0,0,0
BSEDSI.BSE_IDX,01/07/2025,12:13:49,1005.15,0,0,0,0,0,0
BSEDSI.BSE_IDX,01/07/2025,12:13:57,1005.16,0,0,0,0,0,0
BSEDSI.BSE_IDX,01/07/2025,12:14:05,1005.21,0,0,0,0,0,0
BSEDSI.BSE_IDX,01/07/2025,12:14:13,1005.19,0,0,0,0,0,0
BSEDSI.BSE_IDX,01/07/2025,12:14:21,1005.25,0,0,0,0,0,0
BSEDSI.BSE_IDX,01/07/2025,12:14:29,1005.2,0,0,0,0,0,0
BSEDSI.BSE_IDX,01/07/2025,12:14:37,1005.24,0,0,0,0,0,0
BSEDSI.BSE_IDX,01/07/2025,12:14:46,1005.24,0,0,0,0,0,0
BSEDSI.BSE_IDX,01/07/2025,12:14:54,1005.17,0,0,0,0,0,0
BSEDSI.BSE_IDX,01/07/2025,12:15:01,1005.1,0,0,0,0,0,0
BSEDSI.BSE_IDX,01/07/2025,12:15:09,1005.11,0,0,0,0,0,0
BSEDSI.BSE_IDX,01/07/2025,12:15:17,1005.12,0,0,0,0,0,0
BSEDSI.BSE_IDX,01/07/2025,12:15:25,1004.98,0,0,0,0,0,0
BSEDSI.BSE_IDX,01/07/2025,12:15:33,1004.9,0,0,0,0,0,0
BSEDSI.BSE_IDX,01/07/2025,12:15:41,1004.94,0,0,0,0,0,0
BSEDSI.BSE_IDX,01/07/2025,12:15:49,1004.94,0,0,0,0,0,0
BSEDSI.BSE_IDX,01/07/2025,12:15:57,1004.95,0,0,0,0,0,0
BSEDSI.BSE_IDX,01/07/2025,12:16:05,1004.95,0,0,0,0,0,0
BSEDSI.BSE_IDX,01/07/2025,12:16:13,1005.02,0,0,0,0,0,0
BSEDSI.BSE_IDX,01/07/2025,12:16:21,1005.04,0,0,0,0,0,0
BSEDSI.BSE_IDX,01/07/2025,12:16:29,1005.07,0,0,0,0,0,0
BSEDSI.BSE_IDX,01/07/2025,12:16:37,1005.07,0,0,0,0,0,0
BSEDSI.BSE_IDX,01/07/2025,12:16:45,1005.05,0,0,0,0,0,0
BSEDSI.BSE_IDX,01/07/2025,12:16:53,1005.03,0,0,0,0,0,0
BSEDSI.BSE_IDX,01/07/2025,12:17:01,1005.04,0,0,0,0,0,0
BSEDSI.BSE_IDX,01/07/2025,12:17:09,1004.99,0,0,0,0,0,0
BSEDSI.BSE_IDX,01/07/2025,12:17:17,1005.04,0,0,0,0,0,0
BSEDSI.BSE_IDX,01/07/2025,12:17:25,1005,0,0,0,0,0,0
BSEDSI.BSE_IDX,01/07/2025,12:17:33,1005.04,0,0,0,0,0,0
BSEDSI.BSE_IDX,01/07/2025,12:17:41,1005.01,0,0,0,0,0,0
BSEDSI.BSE_IDX,01/07/2025,12:17:49,1005.03,0,0,0,0,0,0
BSEDSI.BSE_IDX,01/07/2025,12:17:57,1005.05,0,0,0,0,0,0
BSEDSI.BSE_IDX,01/07/2025,12:18:05,1005.03,0,0,0,0,0,0
BSEDSI.BSE_IDX,01/07/2025,12:18:13,1005.06,0,0,0,0,0,0
BSEDSI.BSE_IDX,01/07/2025,12:18:21,1005.01,0,0,0,0,0,0
BSEDSI.BSE_IDX,01/07/2025,12:18:29,1005.03,0,0,0,0,0,0
BSEDSI.BSE_IDX,01/07/2025,12:18:37,1005,0,0,0,0,0,0
BSEDSI.BSE_IDX,01/07/2025,12:18:45,1005.03,0,0,0,0,0,0
BSEDSI.BSE_IDX,01/07/2025,12:18:53,1004.98,0,0,0,0,0,0
BSEDSI.BSE_IDX,01/07/2025,12:19:01,1005.09,0,0,0,0,0,0
BSEDSI.BSE_IDX,01/07/2025,12:19:09,1005.14,0,0,0,0,0,0
BSEDSI.BSE_IDX,01/07/2025,12:19:17,1005.12,0,0,0,0,0,0
BSEDSI.BSE_IDX,01/07/2025,12:19:25,1005.11,0,0,0,0,0,0
BSEDSI.BSE_IDX,01/07/2025,12:19:33,1005.21,0,0,0,0,0,0
BSEDSI.BSE_IDX,01/07/2025,12:19:41,1005.26,0,0,0,0,0,0
BSEDSI.BSE_IDX,01/07/2025,12:19:49,1005.29,0,0,0,0,0,0
BSEDSI.BSE_IDX,01/07/2025,12:19:57,1005.41,0,0,0,0,0,0
BSEDSI.BSE_IDX,01/07/2025,12:20:05,1005.36,0,0,0,0,0,0
BSEDSI.BSE_IDX,01/07/2025,12:20:13,1005.32,0,0,0,0,0,0
BSEDSI.BSE_IDX,01/07/2025,12:20:21,1005.38,0,0,0,0,0,0
BSEDSI.BSE_IDX,01/07/2025,12:20:29,1005.48,0,0,0,0,0,0
BSEDSI.BSE_IDX,01/07/2025,12:20:37,1005.51,0,0,0,0,0,0
BSEDSI.BSE_IDX,01/07/2025,12:20:45,1005.47,0,0,0,0,0,0
BSEDSI.BSE_IDX,01/07/2025,12:20:53,1005.5,0,0,0,0,0,0
BSEDSI.BSE_IDX,01/07/2025,12:21:01,1005.47,0,0,0,0,0,0
BSEDSI.BSE_IDX,01/07/2025,12:21:09,1005.44,0,0,0,0,0,0
BSEDSI.BSE_IDX,01/07/2025,12:21:17,1005.33,0,0,0,0,0,0
BSEDSI.BSE_IDX,01/07/2025,12:21:25,1005.27,0,0,0,0,0,0
BSEDSI.BSE_IDX,01/07/2025,12:21:33,1005.34,0,0,0,0,0,0
BSEDSI.BSE_IDX,01/07/2025,12:21:41,1005.4,0,0,0,0,0,0
BSEDSI.BSE_IDX,01/07/2025,12:21:49,1005.51,0,0,0,0,0,0
BSEDSI.BSE_IDX,01/07/2025,12:21:57,1005.57,0,0,0,0,0,0
BSEDSI.BSE_IDX,01/07/2025,12:22:05,1005.61,0,0,0,0,0,0
BSEDSI.BSE_IDX,01/07/2025,12:22:13,1005.58,0,0,0,0,0,0
BSEDSI.BSE_IDX,01/07/2025,12:22:21,1005.61,0,0,0,0,0,0
BSEDSI.BSE_IDX,01/07/2025,12:22:29,1005.51,0,0,0,0,0,0
BSEDSI.BSE_IDX,01/07/2025,12:22:37,1005.41,0,0,0,0,0,0
BSEDSI.BSE_IDX,01/07/2025,12:22:45,1005.45,0,0,0,0,0,0
BSEDSI.BSE_IDX,01/07/2025,12:22:53,1005.48,0,0,0,0,0,0
BSEDSI.BSE_IDX,01/07/2025,12:23:02,1005.44,0,0,0,0,0,0
BSEDSI.BSE_IDX,01/07/2025,12:23:09,1005.43,0,0,0,0,0,0
BSEDSI.BSE_IDX,01/07/2025,12:23:17,1005.43,0,0,0,0,0,0
BSEDSI.BSE_IDX,01/07/2025,12:23:25,1005.44,0,0,0,0,0,0
BSEDSI.BSE_IDX,01/07/2025,12:23:33,1005.46,0,0,0,0,0,0
BSEDSI.BSE_IDX,01/07/2025,12:23:41,1005.54,0,0,0,0,0,0
BSEDSI.BSE_IDX,01/07/2025,12:23:49,1005.55,0,0,0,0,0,0
BSEDSI.BSE_IDX,01/07/2025,12:23:57,1005.49,0,0,0,0,0,0
BSEDSI.BSE_IDX,01/07/2025,12:24:05,1005.53,0,0,0,0,0,0
BSEDSI.BSE_IDX,01/07/2025,12:24:13,1005.57,0,0,0,0,0,0
BSEDSI.BSE_IDX,01/07/2025,12:24:21,1005.61,0,0,0,0,0,0
BSEDSI.BSE_IDX,01/07/2025,12:24:29,1005.66,0,0,0,0,0,0
BSEDSI.BSE_IDX,01/07/2025,12:24:37,1005.58,0,0,0,0,0,0
BSEDSI.BSE_IDX,01/07/2025,12:24:45,1005.61,0,0,0,0,0,0
BSEDSI.BSE_IDX,01/07/2025,12:24:53,1005.65,0,0,0,0,0,0
BSEDSI.BSE_IDX,01/07/2025,12:25:01,1005.67,0,0,0,0,0,0
BSEDSI.BSE_IDX,01/07/2025,12:25:09,1005.7,0,0,0,0,0,0
BSEDSI.BSE_IDX,01/07/2025,12:25:17,1005.72,0,0,0,0,0,0
BSEDSI.BSE_IDX,01/07/2025,12:25:25,1005.77,0,0,0,0,0,0
BSEDSI.BSE_IDX,01/07/2025,12:25:33,1005.82,0,0,0,0,0,0
BSEDSI.BSE_IDX,01/07/2025,12:25:41,1005.84,0,0,0,0,0,0
BSEDSI.BSE_IDX,01/07/2025,12:25:49,1005.87,0,0,0,0,0,0
BSEDSI.BSE_IDX,01/07/2025,12:25:57,1005.88,0,0,0,0,0,0
BSEDSI.BSE_IDX,01/07/2025,12:26:05,1005.97,0,0,0,0,0,0
BSEDSI.BSE_IDX,01/07/2025,12:26:13,1006,0,0,0,0,0,0
BSEDSI.BSE_IDX,01/07/2025,12:26:21,1006.09,0,0,0,0,0,0
BSEDSI.BSE_IDX,01/07/2025,12:26:31,1006.09,0,0,0,0,0,0
BSEDSI.BSE_IDX,01/07/2025,12:26:37,1006.14,0,0,0,0,0,0
BSEDSI.BSE_IDX,01/07/2025,12:26:45,1006.12,0,0,0,0,0,0
BSEDSI.BSE_IDX,01/07/2025,12:26:53,1006.08,0,0,0,0,0,0
BSEDSI.BSE_IDX,01/07/2025,12:27:01,1005.93,0,0,0,0,0,0
BSEDSI.BSE_IDX,01/07/2025,12:27:09,1005.92,0,0,0,0,0,0
BSEDSI.BSE_IDX,01/07/2025,12:27:17,1005.96,0,0,0,0,0,0
BSEDSI.BSE_IDX,01/07/2025,12:27:25,1005.99,0,0,0,0,0,0
BSEDSI.BSE_IDX,01/07/2025,12:27:33,1005.93,0,0,0,0,0,0
BSEDSI.BSE_IDX,01/07/2025,12:27:41,1005.97,0,0,0,0,0,0
BSEDSI.BSE_IDX,01/07/2025,12:27:49,1005.96,0,0,0,0,0,0
BSEDSI.BSE_IDX,01/07/2025,12:27:57,1005.95,0,0,0,0,0,0
BSEDSI.BSE_IDX,01/07/2025,12:28:05,1005.95,0,0,0,0,0,0
BSEDSI.BSE_IDX,01/07/2025,12:28:13,1005.91,0,0,0,0,0,0
BSEDSI.BSE_IDX,01/07/2025,12:28:21,1005.88,0,0,0,0,0,0
BSEDSI.BSE_IDX,01/07/2025,12:28:29,1005.88,0,0,0,0,0,0
BSEDSI.BSE_IDX,01/07/2025,12:28:37,1005.85,0,0,0,0,0,0
BSEDSI.BSE_IDX,01/07/2025,12:28:45,1005.76,0,0,0,0,0,0
BSEDSI.BSE_IDX,01/07/2025,12:28:53,1005.67,0,0,0,0,0,0
BSEDSI.BSE_IDX,01/07/2025,12:29:01,1005.68,0,0,0,0,0,0
BSEDSI.BSE_IDX,01/07/2025,12:29:10,1005.66,0,0,0,0,0,0
BSEDSI.BSE_IDX,01/07/2025,12:29:18,1005.66,0,0,0,0,0,0
BSEDSI.BSE_IDX,01/07/2025,12:29:25,1005.68,0,0,0,0,0,0
BSEDSI.BSE_IDX,01/07/2025,12:29:33,1005.61,0,0,0,0,0,0
BSEDSI.BSE_IDX,01/07/2025,12:29:41,1005.53,0,0,0,0,0,0
BSEDSI.BSE_IDX,01/07/2025,12:29:49,1005.51,0,0,0,0,0,0
BSEDSI.BSE_IDX,01/07/2025,12:29:57,1005.49,0,0,0,0,0,0
BSEDSI.BSE_IDX,01/07/2025,12:30:05,1005.67,0,0,0,0,0,0
BSEDSI.BSE_IDX,01/07/2025,12:30:13,1005.65,0,0,0,0,0,0
BSEDSI.BSE_IDX,01/07/2025,12:30:22,1005.65,0,0,0,0,0,0
BSEDSI.BSE_IDX,01/07/2025,12:30:29,1005.6,0,0,0,0,0,0
BSEDSI.BSE_IDX,01/07/2025,12:30:37,1005.62,0,0,0,0,0,0
BSEDSI.BSE_IDX,01/07/2025,12:30:45,1005.62,0,0,0,0,0,0
BSEDSI.BSE_IDX,01/07/2025,12:30:53,1005.53,0,0,0,0,0,0
BSEDSI.BSE_IDX,01/07/2025,12:31:01,1005.55,0,0,0,0,0,0
BSEDSI.BSE_IDX,01/07/2025,12:31:09,1005.46,0,0,0,0,0,0
BSEDSI.BSE_IDX,01/07/2025,12:31:17,1005.45,0,0,0,0,0,0
BSEDSI.BSE_IDX,01/07/2025,12:31:25,1005.39,0,0,0,0,0,0
BSEDSI.BSE_IDX,01/07/2025,12:31:34,1005.3,0,0,0,0,0,0
BSEDSI.BSE_IDX,01/07/2025,12:31:41,1005.19,0,0,0,0,0,0
BSEDSI.BSE_IDX,01/07/2025,12:31:49,1005.07,0,0,0,0,0,0
BSEDSI.BSE_IDX,01/07/2025,12:31:57,1005.14,0,0,0,0,0,0
BSEDSI.BSE_IDX,01/07/2025,12:32:05,1005.15,0,0,0,0,0,0
BSEDSI.BSE_IDX,01/07/2025,12:32:13,1005.21,0,0,0,0,0,0
BSEDSI.BSE_IDX,01/07/2025,12:32:21,1005.22,0,0,0,0,0,0
BSEDSI.BSE_IDX,01/07/2025,12:32:29,1005.21,0,0,0,0,0,0
BSEDSI.BSE_IDX,01/07/2025,12:32:37,1005.18,0,0,0,0,0,0
BSEDSI.BSE_IDX,01/07/2025,12:32:45,1005.22,0,0,0,0,0,0
BSEDSI.BSE_IDX,01/07/2025,12:32:53,1005.2,0,0,0,0,0,0
BSEDSI.BSE_IDX,01/07/2025,12:33:01,1005.21,0,0,0,0,0,0
BSEDSI.BSE_IDX,01/07/2025,12:33:09,1005.19,0,0,0,0,0,0
BSEDSI.BSE_IDX,01/07/2025,12:33:17,1005.25,0,0,0,0,0,0
BSEDSI.BSE_IDX,01/07/2025,12:33:26,1005.28,0,0,0,0,0,0
BSEDSI.BSE_IDX,01/07/2025,12:33:33,1005.26,0,0,0,0,0,0
BSEDSI.BSE_IDX,01/07/2025,12:33:41,1005.25,0,0,0,0,0,0
BSEDSI.BSE_IDX,01/07/2025,12:33:49,1005.2,0,0,0,0,0,0
BSEDSI.BSE_IDX,01/07/2025,12:33:57,1005.22,0,0,0,0,0,0
BSEDSI.BSE_IDX,01/07/2025,12:34:05,1005.23,0,0,0,0,0,0
BSEDSI.BSE_IDX,01/07/2025,12:34:13,1005.22,0,0,0,0,0,0
BSEDSI.BSE_IDX,01/07/2025,12:34:21,1005.23,0,0,0,0,0,0
BSEDSI.BSE_IDX,01/07/2025,12:34:29,1005.22,0,0,0,0,0,0
BSEDSI.BSE_IDX,01/07/2025,12:34:37,1005.26,0,0,0,0,0,0
BSEDSI.BSE_IDX,01/07/2025,12:34:45,1005.25,0,0,0,0,0,0
BSEDSI.BSE_IDX,01/07/2025,12:34:53,1005.39,0,0,0,0,0,0
BSEDSI.BSE_IDX,01/07/2025,12:35:01,1005.44,0,0,0,0,0,0
BSEDSI.BSE_IDX,01/07/2025,12:35:09,1005.44,0,0,0,0,0,0
BSEDSI.BSE_IDX,01/07/2025,12:35:17,1005.52,0,0,0,0,0,0
BSEDSI.BSE_IDX,01/07/2025,12:35:25,1005.58,0,0,0,0,0,0
BSEDSI.BSE_IDX,01/07/2025,12:35:33,1005.59,0,0,0,0,0,0
BSEDSI.BSE_IDX,01/07/2025,12:35:41,1005.57,0,0,0,0,0,0
BSEDSI.BSE_IDX,01/07/2025,12:35:49,1005.62,0,0,0,0,0,0
BSEDSI.BSE_IDX,01/07/2025,12:35:57,1005.5,0,0,0,0,0,0
BSEDSI.BSE_IDX,01/07/2025,12:36:05,1005.64,0,0,0,0,0,0
BSEDSI.BSE_IDX,01/07/2025,12:36:13,1005.6,0,0,0,0,0,0
BSEDSI.BSE_IDX,01/07/2025,12:36:21,1005.55,0,0,0,0,0,0
BSEDSI.BSE_IDX,01/07/2025,12:36:29,1005.55,0,0,0,0,0,0
BSEDSI.BSE_IDX,01/07/2025,12:36:37,1005.6,0,0,0,0,0,0
BSEDSI.BSE_IDX,01/07/2025,12:36:45,1005.68,0,0,0,0,0,0
BSEDSI.BSE_IDX,01/07/2025,12:36:53,1005.68,0,0,0,0,0,0
BSEDSI.BSE_IDX,01/07/2025,12:37:01,1005.72,0,0,0,0,0,0
BSEDSI.BSE_IDX,01/07/2025,12:37:09,1005.75,0,0,0,0,0,0
BSEDSI.BSE_IDX,01/07/2025,12:37:17,1005.73,0,0,0,0,0,0
BSEDSI.BSE_IDX,01/07/2025,12:37:25,1005.71,0,0,0,0,0,0
BSEDSI.BSE_IDX,01/07/2025,12:37:33,1005.7,0,0,0,0,0,0
BSEDSI.BSE_IDX,01/07/2025,12:37:41,1005.62,0,0,0,0,0,0
BSEDSI.BSE_IDX,01/07/2025,12:37:49,1005.59,0,0,0,0,0,0
BSEDSI.BSE_IDX,01/07/2025,12:37:57,1005.5,0,0,0,0,0,0
BSEDSI.BSE_IDX,01/07/2025,12:38:05,1005.49,0,0,0,0,0,0
BSEDSI.BSE_IDX,01/07/2025,12:38:13,1005.56,0,0,0,0,0,0
BSEDSI.BSE_IDX,01/07/2025,12:38:22,1005.59,0,0,0,0,0,0
BSEDSI.BSE_IDX,01/07/2025,12:38:29,1005.59,0,0,0,0,0,0
BSEDSI.BSE_IDX,01/07/2025,12:38:39,1005.66,0,0,0,0,0,0
BSEDSI.BSE_IDX,01/07/2025,12:38:45,1005.67,0,0,0,0,0,0
BSEDSI.BSE_IDX,01/07/2025,12:38:53,1005.63,0,0,0,0,0,0
BSEDSI.BSE_IDX,01/07/2025,12:39:01,1005.54,0,0,0,0,0,0
BSEDSI.BSE_IDX,01/07/2025,12:39:10,1005.55,0,0,0,0,0,0
BSEDSI.BSE_IDX,01/07/2025,12:39:17,1005.62,0,0,0,0,0,0
BSEDSI.BSE_IDX,01/07/2025,12:39:25,1005.61,0,0,0,0,0,0
BSEDSI.BSE_IDX,01/07/2025,12:39:34,1005.6,0,0,0,0,0,0
BSEDSI.BSE_IDX,01/07/2025,12:39:42,1005.6,0,0,0,0,0,0
BSEDSI.BSE_IDX,01/07/2025,12:39:49,1005.57,0,0,0,0,0,0
BSEDSI.BSE_IDX,01/07/2025,12:39:57,1005.54,0,0,0,0,0,0
BSEDSI.BSE_IDX,01/07/2025,12:40:05,1005.55,0,0,0,0,0,0
BSEDSI.BSE_IDX,01/07/2025,12:40:14,1005.55,0,0,0,0,0,0
BSEDSI.BSE_IDX,01/07/2025,12:40:21,1005.63,0,0,0,0,0,0
BSEDSI.BSE_IDX,01/07/2025,12:40:29,1005.53,0,0,0,0,0,0
BSEDSI.BSE_IDX,01/07/2025,12:40:37,1005.57,0,0,0,0,0,0
BSEDSI.BSE_IDX,01/07/2025,12:40:45,1005.6,0,0,0,0,0,0
BSEDSI.BSE_IDX,01/07/2025,12:40:54,1005.57,0,0,0,0,0,0
BSEDSI.BSE_IDX,01/07/2025,12:41:01,1005.56,0,0,0,0,0,0
BSEDSI.BSE_IDX,01/07/2025,12:41:09,1005.61,0,0,0,0,0,0
BSEDSI.BSE_IDX,01/07/2025,12:41:17,1005.56,0,0,0,0,0,0
BSEDSI.BSE_IDX,01/07/2025,12:41:25,1005.59,0,0,0,0,0,0
BSEDSI.BSE_IDX,01/07/2025,12:41:33,1005.65,0,0,0,0,0,0
BSEDSI.BSE_IDX,01/07/2025,12:41:41,1005.71,0,0,0,0,0,0
BSEDSI.BSE_IDX,01/07/2025,12:41:49,1005.73,0,0,0,0,0,0
BSEDSI.BSE_IDX,01/07/2025,12:41:57,1005.73,0,0,0,0,0,0
BSEDSI.BSE_IDX,01/07/2025,12:42:05,1005.76,0,0,0,0,0,0
BSEDSI.BSE_IDX,01/07/2025,12:42:13,1005.7,0,0,0,0,0,0
BSEDSI.BSE_IDX,01/07/2025,12:42:21,1005.73,0,0,0,0,0,0
BSEDSI.BSE_IDX,01/07/2025,12:42:29,1005.75,0,0,0,0,0,0
BSEDSI.BSE_IDX,01/07/2025,12:42:37,1005.71,0,0,0,0,0,0
BSEDSI.BSE_IDX,01/07/2025,12:42:45,1005.71,0,0,0,0,0,0
BSEDSI.BSE_IDX,01/07/2025,12:42:53,1005.68,0,0,0,0,0,0
BSEDSI.BSE_IDX,01/07/2025,12:43:01,1005.71,0,0,0,0,0,0
BSEDSI.BSE_IDX,01/07/2025,12:43:10,1005.74,0,0,0,0,0,0
BSEDSI.BSE_IDX,01/07/2025,12:43:17,1005.8,0,0,0,0,0,0
BSEDSI.BSE_IDX,01/07/2025,12:43:26,1005.74,0,0,0,0,0,0
BSEDSI.BSE_IDX,01/07/2025,12:43:33,1005.76,0,0,0,0,0,0
BSEDSI.BSE_IDX,01/07/2025,12:43:41,1005.71,0,0,0,0,0,0
BSEDSI.BSE_IDX,01/07/2025,12:43:49,1005.73,0,0,0,0,0,0
BSEDSI.BSE_IDX,01/07/2025,12:43:58,1005.71,0,0,0,0,0,0
BSEDSI.BSE_IDX,01/07/2025,12:44:05,1005.69,0,0,0,0,0,0
BSEDSI.BSE_IDX,01/07/2025,12:44:14,1005.69,0,0,0,0,0,0
BSEDSI.BSE_IDX,01/07/2025,12:44:21,1005.6,0,0,0,0,0,0
BSEDSI.BSE_IDX,01/07/2025,12:44:29,1005.55,0,0,0,0,0,0
BSEDSI.BSE_IDX,01/07/2025,12:44:38,1005.51,0,0,0,0,0,0
BSEDSI.BSE_IDX,01/07/2025,12:44:45,1005.48,0,0,0,0,0,0
BSEDSI.BSE_IDX,01/07/2025,12:44:53,1005.4,0,0,0,0,0,0
BSEDSI.BSE_IDX,01/07/2025,12:45:01,1005.44,0,0,0,0,0,0
BSEDSI.BSE_IDX,01/07/2025,12:45:11,1005.46,0,0,0,0,0,0
BSEDSI.BSE_IDX,01/07/2025,12:45:17,1005.38,0,0,0,0,0,0
BSEDSI.BSE_IDX,01/07/2025,12:45:25,1005.39,0,0,0,0,0,0
BSEDSI.BSE_IDX,01/07/2025,12:45:34,1005.36,0,0,0,0,0,0
BSEDSI.BSE_IDX,01/07/2025,12:45:42,1005.33,0,0,0,0,0,0
BSEDSI.BSE_IDX,01/07/2025,12:45:50,1005.34,0,0,0,0,0,0
BSEDSI.BSE_IDX,01/07/2025,12:45:58,1005.31,0,0,0,0,0,0
BSEDSI.BSE_IDX,01/07/2025,12:46:06,1005.3,0,0,0,0,0,0
BSEDSI.BSE_IDX,01/07/2025,12:46:14,1005.31,0,0,0,0,0,0
BSEDSI.BSE_IDX,01/07/2025,12:46:22,1005.27,0,0,0,0,0,0
BSEDSI.BSE_IDX,01/07/2025,12:46:30,1005.25,0,0,0,0,0,0
BSEDSI.BSE_IDX,01/07/2025,12:46:38,1005.26,0,0,0,0,0,0
BSEDSI.BSE_IDX,01/07/2025,12:46:46,1005.26,0,0,0,0,0,0
BSEDSI.BSE_IDX,01/07/2025,12:46:54,1005.26,0,0,0,0,0,0
BSEDSI.BSE_IDX,01/07/2025,12:47:02,1005.24,0,0,0,0,0,0
BSEDSI.BSE_IDX,01/07/2025,12:47:10,1005.24,0,0,0,0,0,0
BSEDSI.BSE_IDX,01/07/2025,12:47:18,1005.24,0,0,0,0,0,0
BSEDSI.BSE_IDX,01/07/2025,12:47:26,1005.25,0,0,0,0,0,0
BSEDSI.BSE_IDX,01/07/2025,12:47:34,1005.27,0,0,0,0,0,0
BSEDSI.BSE_IDX,01/07/2025,12:47:42,1005.26,0,0,0,0,0,0
BSEDSI.BSE_IDX,01/07/2025,12:47:50,1005.21,0,0,0,0,0,0
BSEDSI.BSE_IDX,01/07/2025,12:47:58,1005.19,0,0,0,0,0,0
BSEDSI.BSE_IDX,01/07/2025,12:48:06,1005.23,0,0,0,0,0,0
BSEDSI.BSE_IDX,01/07/2025,12:48:14,1005.27,0,0,0,0,0,0
BSEDSI.BSE_IDX,01/07/2025,12:48:22,1005.3,0,0,0,0,0,0
BSEDSI.BSE_IDX,01/07/2025,12:48:30,1005.29,0,0,0,0,0,0
BSEDSI.BSE_IDX,01/07/2025,12:48:38,1005.29,0,0,0,0,0,0
BSEDSI.BSE_IDX,01/07/2025,12:48:46,1005.27,0,0,0,0,0,0
BSEDSI.BSE_IDX,01/07/2025,12:48:54,1005.31,0,0,0,0,0,0
BSEDSI.BSE_IDX,01/07/2025,12:49:02,1005.32,0,0,0,0,0,0
BSEDSI.BSE_IDX,01/07/2025,12:49:10,1005.35,0,0,0,0,0,0
BSEDSI.BSE_IDX,01/07/2025,12:49:18,1005.36,0,0,0,0,0,0
BSEDSI.BSE_IDX,01/07/2025,12:49:26,1005.36,0,0,0,0,0,0
BSEDSI.BSE_IDX,01/07/2025,12:49:34,1005.39,0,0,0,0,0,0
BSEDSI.BSE_IDX,01/07/2025,12:49:42,1005.4,0,0,0,0,0,0
BSEDSI.BSE_IDX,01/07/2025,12:49:50,1005.41,0,0,0,0,0,0
BSEDSI.BSE_IDX,01/07/2025,12:49:58,1005.38,0,0,0,0,0,0
BSEDSI.BSE_IDX,01/07/2025,12:50:06,1005.35,0,0,0,0,0,0
BSEDSI.BSE_IDX,01/07/2025,12:50:14,1005.38,0,0,0,0,0,0
BSEDSI.BSE_IDX,01/07/2025,12:50:22,1005.42,0,0,0,0,0,0
BSEDSI.BSE_IDX,01/07/2025,12:50:30,1005.45,0,0,0,0,0,0
BSEDSI.BSE_IDX,01/07/2025,12:50:38,1005.41,0,0,0,0,0,0
BSEDSI.BSE_IDX,01/07/2025,12:50:47,1005.43,0,0,0,0,0,0
BSEDSI.BSE_IDX,01/07/2025,12:50:54,1005.47,0,0,0,0,0,0
BSEDSI.BSE_IDX,01/07/2025,12:51:02,1005.48,0,0,0,0,0,0
BSEDSI.BSE_IDX,01/07/2025,12:51:10,1005.53,0,0,0,0,0,0
BSEDSI.BSE_IDX,01/07/2025,12:51:19,1005.49,0,0,0,0,0,0
BSEDSI.BSE_IDX,01/07/2025,12:51:26,1005.44,0,0,0,0,0,0
BSEDSI.BSE_IDX,01/07/2025,12:51:34,1005.42,0,0,0,0,0,0
BSEDSI.BSE_IDX,01/07/2025,12:51:42,1005.42,0,0,0,0,0,0
BSEDSI.BSE_IDX,01/07/2025,12:51:50,1005.39,0,0,0,0,0,0
BSEDSI.BSE_IDX,01/07/2025,12:51:58,1005.45,0,0,0,0,0,0
BSEDSI.BSE_IDX,01/07/2025,12:52:06,1005.4,0,0,0,0,0,0
BSEDSI.BSE_IDX,01/07/2025,12:52:14,1005.4,0,0,0,0,0,0
BSEDSI.BSE_IDX,01/07/2025,12:52:22,1005.43,0,0,0,0,0,0
BSEDSI.BSE_IDX,01/07/2025,12:52:30,1005.41,0,0,0,0,0,0
BSEDSI.BSE_IDX,01/07/2025,12:52:38,1005.42,0,0,0,0,0,0
BSEDSI.BSE_IDX,01/07/2025,12:52:46,1005.39,0,0,0,0,0,0
BSEDSI.BSE_IDX,01/07/2025,12:52:54,1005.42,0,0,0,0,0,0
BSEDSI.BSE_IDX,01/07/2025,12:53:02,1005.42,0,0,0,0,0,0
BSEDSI.BSE_IDX,01/07/2025,12:53:10,1005.45,0,0,0,0,0,0
BSEDSI.BSE_IDX,01/07/2025,12:53:18,1005.41,0,0,0,0,0,0
BSEDSI.BSE_IDX,01/07/2025,12:53:26,1005.39,0,0,0,0,0,0
BSEDSI.BSE_IDX,01/07/2025,12:53:34,1005.36,0,0,0,0,0,0
BSEDSI.BSE_IDX,01/07/2025,12:53:42,1005.37,0,0,0,0,0,0
BSEDSI.BSE_IDX,01/07/2025,12:53:50,1005.34,0,0,0,0,0,0
BSEDSI.BSE_IDX,01/07/2025,12:53:58,1005.3,0,0,0,0,0,0
BSEDSI.BSE_IDX,01/07/2025,12:54:06,1005.28,0,0,0,0,0,0
BSEDSI.BSE_IDX,01/07/2025,12:54:14,1005.26,0,0,0,0,0,0
BSEDSI.BSE_IDX,01/07/2025,12:54:22,1005.28,0,0,0,0,0,0
BSEDSI.BSE_IDX,01/07/2025,12:54:30,1005.3,0,0,0,0,0,0
BSEDSI.BSE_IDX,01/07/2025,12:54:38,1005.3,0,0,0,0,0,0
BSEDSI.BSE_IDX,01/07/2025,12:54:46,1005.28,0,0,0,0,0,0
BSEDSI.BSE_IDX,01/07/2025,12:54:54,1005.28,0,0,0,0,0,0
BSEDSI.BSE_IDX,01/07/2025,12:55:02,1005.31,0,0,0,0,0,0
BSEDSI.BSE_IDX,01/07/2025,12:55:10,1005.23,0,0,0,0,0,0
BSEDSI.BSE_IDX,01/07/2025,12:55:18,1005.27,0,0,0,0,0,0
BSEDSI.BSE_IDX,01/07/2025,12:55:26,1005.22,0,0,0,0,0,0
BSEDSI.BSE_IDX,01/07/2025,12:55:34,1005.23,0,0,0,0,0,0
BSEDSI.BSE_IDX,01/07/2025,12:55:42,1005.26,0,0,0,0,0,0
BSEDSI.BSE_IDX,01/07/2025,12:55:50,1005.29,0,0,0,0,0,0
BSEDSI.BSE_IDX,01/07/2025,12:55:58,1005.25,0,0,0,0,0,0
BSEDSI.BSE_IDX,01/07/2025,12:56:06,1005.28,0,0,0,0,0,0
BSEDSI.BSE_IDX,01/07/2025,12:56:15,1005.26,0,0,0,0,0,0
BSEDSI.BSE_IDX,01/07/2025,12:56:22,1005.31,0,0,0,0,0,0
BSEDSI.BSE_IDX,01/07/2025,12:56:30,1005.29,0,0,0,0,0,0
BSEDSI.BSE_IDX,01/07/2025,12:56:38,1005.23,0,0,0,0,0,0
BSEDSI.BSE_IDX,01/07/2025,12:56:46,1005.22,0,0,0,0,0,0
BSEDSI.BSE_IDX,01/07/2025,12:56:54,1005.13,0,0,0,0,0,0
BSEDSI.BSE_IDX,01/07/2025,12:57:02,1005.08,0,0,0,0,0,0
BSEDSI.BSE_IDX,01/07/2025,12:57:10,1005.06,0,0,0,0,0,0
BSEDSI.BSE_IDX,01/07/2025,12:57:18,1005.14,0,0,0,0,0,0
BSEDSI.BSE_IDX,01/07/2025,12:57:26,1005.09,0,0,0,0,0,0
BSEDSI.BSE_IDX,01/07/2025,12:57:34,1004.99,0,0,0,0,0,0
BSEDSI.BSE_IDX,01/07/2025,12:57:42,1005.06,0,0,0,0,0,0
BSEDSI.BSE_IDX,01/07/2025,12:57:51,1005,0,0,0,0,0,0
BSEDSI.BSE_IDX,01/07/2025,12:57:58,1004.96,0,0,0,0,0,0
BSEDSI.BSE_IDX,01/07/2025,12:58:06,1005.01,0,0,0,0,0,0
BSEDSI.BSE_IDX,01/07/2025,12:58:14,1005.05,0,0,0,0,0,0
BSEDSI.BSE_IDX,01/07/2025,12:58:22,1005.03,0,0,0,0,0,0
BSEDSI.BSE_IDX,01/07/2025,12:58:30,1005.1,0,0,0,0,0,0
BSEDSI.BSE_IDX,01/07/2025,12:58:38,1005.1,0,0,0,0,0,0
