Ticker,Date,Time,LTP,BuyPrice,BuyQty,SellPrice,SellQty,LTQ,OpenInterest
BSEEVI.BSE_IDX,01/07/2025,09:00:07,969.39,0,0,0,0,0,0
BSEEVI.BSE_IDX,01/07/2025,09:00:15,962.49,0,0,0,0,0,0
BSEEVI.BSE_IDX,01/07/2025,09:00:23,962.53,0,0,0,0,0,0
BSEEVI.BSE_IDX,01/07/2025,09:00:31,964.93,0,0,0,0,0,0
BSEEVI.BSE_IDX,01/07/2025,09:00:39,965.7,0,0,0,0,0,0
BSEEVI.BSE_IDX,01/07/2025,09:00:47,964.48,0,0,0,0,0,0
BSEEVI.BSE_IDX,01/07/2025,09:00:55,967.11,0,0,0,0,0,0
BSEEVI.BSE_IDX,01/07/2025,09:01:03,967.41,0,0,0,0,0,0
BSEEVI.BSE_IDX,01/07/2025,09:01:11,967.4,0,0,0,0,0,0
BSEEVI.BSE_IDX,01/07/2025,09:01:19,966.93,0,0,0,0,0,0
BSEEVI.BSE_IDX,01/07/2025,09:01:27,966.68,0,0,0,0,0,0
BSEEVI.BSE_IDX,01/07/2025,09:01:35,966.63,0,0,0,0,0,0
BSEEVI.BSE_IDX,01/07/2025,09:01:43,966.63,0,0,0,0,0,0
BSEEVI.BSE_IDX,01/07/2025,09:01:51,966.63,0,0,0,0,0,0
BSEEVI.BSE_IDX,01/07/2025,09:01:59,966.56,0,0,0,0,0,0
BSEEVI.BSE_IDX,01/07/2025,09:02:07,966.56,0,0,0,0,0,0
BSEEVI.BSE_IDX,01/07/2025,09:02:15,966.46,0,0,0,0,0,0
BSEEVI.BSE_IDX,01/07/2025,09:02:23,966.18,0,0,0,0,0,0
BSEEVI.BSE_IDX,01/07/2025,09:02:31,966.2,0,0,0,0,0,0
BSEEVI.BSE_IDX,01/07/2025,09:02:39,966.55,0,0,0,0,0,0
BSEEVI.BSE_IDX,01/07/2025,09:02:47,967.69,0,0,0,0,0,0
BSEEVI.BSE_IDX,01/07/2025,09:02:55,968.39,0,0,0,0,0,0
BSEEVI.BSE_IDX,01/07/2025,09:03:03,969.07,0,0,0,0,0,0
BSEEVI.BSE_IDX,01/07/2025,09:03:11,968.41,0,0,0,0,0,0
BSEEVI.BSE_IDX,01/07/2025,09:03:19,969.6,0,0,0,0,0,0
BSEEVI.BSE_IDX,01/07/2025,09:03:27,968.84,0,0,0,0,0,0
BSEEVI.BSE_IDX,01/07/2025,09:03:35,968.72,0,0,0,0,0,0
BSEEVI.BSE_IDX,01/07/2025,09:03:43,968.93,0,0,0,0,0,0
BSEEVI.BSE_IDX,01/07/2025,09:03:51,969.14,0,0,0,0,0,0
BSEEVI.BSE_IDX,01/07/2025,09:03:59,969.88,0,0,0,0,0,0
BSEEVI.BSE_IDX,01/07/2025,09:04:07,969.25,0,0,0,0,0,0
BSEEVI.BSE_IDX,01/07/2025,09:04:15,969.23,0,0,0,0,0,0
BSEEVI.BSE_IDX,01/07/2025,09:04:23,969.11,0,0,0,0,0,0
BSEEVI.BSE_IDX,01/07/2025,09:04:31,969.01,0,0,0,0,0,0
BSEEVI.BSE_IDX,01/07/2025,09:04:39,969.71,0,0,0,0,0,0
BSEEVI.BSE_IDX,01/07/2025,09:04:47,969.3,0,0,0,0,0,0
BSEEVI.BSE_IDX,01/07/2025,09:04:55,969.3,0,0,0,0,0,0
BSEEVI.BSE_IDX,01/07/2025,09:05:03,969.28,0,0,0,0,0,0
BSEEVI.BSE_IDX,01/07/2025,09:05:11,969.19,0,0,0,0,0,0
BSEEVI.BSE_IDX,01/07/2025,09:05:19,969.43,0,0,0,0,0,0
BSEEVI.BSE_IDX,01/07/2025,09:05:27,969.16,0,0,0,0,0,0
BSEEVI.BSE_IDX,01/07/2025,09:05:35,968.71,0,0,0,0,0,0
BSEEVI.BSE_IDX,01/07/2025,09:05:43,969.14,0,0,0,0,0,0
BSEEVI.BSE_IDX,01/07/2025,09:05:51,968.58,0,0,0,0,0,0
BSEEVI.BSE_IDX,01/07/2025,09:05:59,968.75,0,0,0,0,0,0
BSEEVI.BSE_IDX,01/07/2025,09:06:07,968.66,0,0,0,0,0,0
BSEEVI.BSE_IDX,01/07/2025,09:06:15,968.5,0,0,0,0,0,0
BSEEVI.BSE_IDX,01/07/2025,09:06:23,968.52,0,0,0,0,0,0
BSEEVI.BSE_IDX,01/07/2025,09:06:31,968.59,0,0,0,0,0,0
BSEEVI.BSE_IDX,01/07/2025,09:06:39,968.59,0,0,0,0,0,0
BSEEVI.BSE_IDX,01/07/2025,09:06:47,968.66,0,0,0,0,0,0
BSEEVI.BSE_IDX,01/07/2025,09:06:55,968.89,0,0,0,0,0,0
BSEEVI.BSE_IDX,01/07/2025,09:07:04,968.44,0,0,0,0,0,0
BSEEVI.BSE_IDX,01/07/2025,09:07:11,968.44,0,0,0,0,0,0
BSEEVI.BSE_IDX,01/07/2025,09:07:19,968.44,0,0,0,0,0,0
BSEEVI.BSE_IDX,01/07/2025,09:07:27,968.44,0,0,0,0,0,0
BSEEVI.BSE_IDX,01/07/2025,09:07:35,968.44,0,0,0,0,0,0
BSEEVI.BSE_IDX,01/07/2025,09:07:43,968.44,0,0,0,0,0,0
BSEEVI.BSE_IDX,01/07/2025,09:07:51,968.44,0,0,0,0,0,0
BSEEVI.BSE_IDX,01/07/2025,09:07:59,968.44,0,0,0,0,0,0
BSEEVI.BSE_IDX,01/07/2025,09:08:07,968.44,0,0,0,0,0,0
BSEEVI.BSE_IDX,01/07/2025,09:08:15,968.44,0,0,0,0,0,0
BSEEVI.BSE_IDX,01/07/2025,09:08:23,968.44,0,0,0,0,0,0
BSEEVI.BSE_IDX,01/07/2025,09:08:31,968.44,0,0,0,0,0,0
BSEEVI.BSE_IDX,01/07/2025,09:08:39,968.44,0,0,0,0,0,0
BSEEVI.BSE_IDX,01/07/2025,09:08:47,968.44,0,0,0,0,0,0
BSEEVI.BSE_IDX,01/07/2025,09:08:55,968.44,0,0,0,0,0,0
BSEEVI.BSE_IDX,01/07/2025,09:09:03,968.41,0,0,0,0,0,0
BSEEVI.BSE_IDX,01/07/2025,09:09:11,968.41,0,0,0,0,0,0
BSEEVI.BSE_IDX,01/07/2025,09:09:19,968.41,0,0,0,0,0,0
BSEEVI.BSE_IDX,01/07/2025,09:09:27,968.41,0,0,0,0,0,0
BSEEVI.BSE_IDX,01/07/2025,09:09:35,968.41,0,0,0,0,0,0
BSEEVI.BSE_IDX,01/07/2025,09:09:43,968.41,0,0,0,0,0,0
BSEEVI.BSE_IDX,01/07/2025,09:09:51,968.41,0,0,0,0,0,0
BSEEVI.BSE_IDX,01/07/2025,09:09:59,968.41,0,0,0,0,0,0
BSEEVI.BSE_IDX,01/07/2025,09:10:07,968.41,0,0,0,0,0,0
BSEEVI.BSE_IDX,01/07/2025,09:10:15,968.41,0,0,0,0,0,0
BSEEVI.BSE_IDX,01/07/2025,09:10:23,968.41,0,0,0,0,0,0
BSEEVI.BSE_IDX,01/07/2025,09:10:31,968.41,0,0,0,0,0,0
BSEEVI.BSE_IDX,01/07/2025,09:10:39,968.41,0,0,0,0,0,0
BSEEVI.BSE_IDX,01/07/2025,09:10:47,968.41,0,0,0,0,0,0
BSEEVI.BSE_IDX,01/07/2025,09:10:55,968.41,0,0,0,0,0,0
BSEEVI.BSE_IDX,01/07/2025,09:11:03,968.41,0,0,0,0,0,0
BSEEVI.BSE_IDX,01/07/2025,09:11:11,968.41,0,0,0,0,0,0
BSEEVI.BSE_IDX,01/07/2025,09:11:19,968.41,0,0,0,0,0,0
BSEEVI.BSE_IDX,01/07/2025,09:11:27,968.41,0,0,0,0,0,0
BSEEVI.BSE_IDX,01/07/2025,09:11:35,968.41,0,0,0,0,0,0
BSEEVI.BSE_IDX,01/07/2025,09:11:43,968.41,0,0,0,0,0,0
BSEEVI.BSE_IDX,01/07/2025,09:11:51,968.41,0,0,0,0,0,0
BSEEVI.BSE_IDX,01/07/2025,09:11:59,968.41,0,0,0,0,0,0
BSEEVI.BSE_IDX,01/07/2025,09:12:07,968.41,0,0,0,0,0,0
BSEEVI.BSE_IDX,01/07/2025,09:12:16,968.41,0,0,0,0,0,0
BSEEVI.BSE_IDX,01/07/2025,09:12:23,968.41,0,0,0,0,0,0
BSEEVI.BSE_IDX,01/07/2025,09:12:31,968.41,0,0,0,0,0,0
BSEEVI.BSE_IDX,01/07/2025,09:12:39,968.41,0,0,0,0,0,0
BSEEVI.BSE_IDX,01/07/2025,09:12:47,968.41,0,0,0,0,0,0
BSEEVI.BSE_IDX,01/07/2025,09:12:55,968.41,0,0,0,0,0,0
BSEEVI.BSE_IDX,01/07/2025,09:13:03,968.41,0,0,0,0,0,0
BSEEVI.BSE_IDX,01/07/2025,09:13:11,968.41,0,0,0,0,0,0
BSEEVI.BSE_IDX,01/07/2025,09:13:19,968.41,0,0,0,0,0,0
BSEEVI.BSE_IDX,01/07/2025,09:13:27,968.41,0,0,0,0,0,0
BSEEVI.BSE_IDX,01/07/2025,09:13:35,968.41,0,0,0,0,0,0
BSEEVI.BSE_IDX,01/07/2025,09:13:43,968.41,0,0,0,0,0,0
BSEEVI.BSE_IDX,01/07/2025,09:13:51,968.41,0,0,0,0,0,0
BSEEVI.BSE_IDX,01/07/2025,09:13:59,968.41,0,0,0,0,0,0
BSEEVI.BSE_IDX,01/07/2025,09:14:07,968.41,0,0,0,0,0,0
BSEEVI.BSE_IDX,01/07/2025,09:14:15,968.41,0,0,0,0,0,0
BSEEVI.BSE_IDX,01/07/2025,09:14:23,968.41,0,0,0,0,0,0
BSEEVI.BSE_IDX,01/07/2025,09:14:31,968.41,0,0,0,0,0,0
BSEEVI.BSE_IDX,01/07/2025,09:14:39,968.41,0,0,0,0,0,0
BSEEVI.BSE_IDX,01/07/2025,09:14:47,968.41,0,0,0,0,0,0
BSEEVI.BSE_IDX,01/07/2025,09:14:55,968.41,0,0,0,0,0,0
BSEEVI.BSE_IDX,01/07/2025,09:15:04,968.3,0,0,0,0,0,0
BSEEVI.BSE_IDX,01/07/2025,09:15:11,968.2,0,0,0,0,0,0
BSEEVI.BSE_IDX,01/07/2025,09:15:19,967.16,0,0,0,0,0,0
BSEEVI.BSE_IDX,01/07/2025,09:15:27,966.24,0,0,0,0,0,0
BSEEVI.BSE_IDX,01/07/2025,09:15:35,965.89,0,0,0,0,0,0
BSEEVI.BSE_IDX,01/07/2025,09:15:43,966.09,0,0,0,0,0,0
BSEEVI.BSE_IDX,01/07/2025,09:15:51,965.74,0,0,0,0,0,0
BSEEVI.BSE_IDX,01/07/2025,09:15:59,965.57,0,0,0,0,0,0
BSEEVI.BSE_IDX,01/07/2025,09:16:07,965.58,0,0,0,0,0,0
BSEEVI.BSE_IDX,01/07/2025,09:16:15,965.81,0,0,0,0,0,0
BSEEVI.BSE_IDX,01/07/2025,09:16:24,966.01,0,0,0,0,0,0
BSEEVI.BSE_IDX,01/07/2025,09:16:31,965.91,0,0,0,0,0,0
BSEEVI.BSE_IDX,01/07/2025,09:16:39,965.93,0,0,0,0,0,0
BSEEVI.BSE_IDX,01/07/2025,09:16:48,965.95,0,0,0,0,0,0
BSEEVI.BSE_IDX,01/07/2025,09:16:55,966.16,0,0,0,0,0,0
BSEEVI.BSE_IDX,01/07/2025,09:17:03,966.03,0,0,0,0,0,0
BSEEVI.BSE_IDX,01/07/2025,09:17:12,966.31,0,0,0,0,0,0
BSEEVI.BSE_IDX,01/07/2025,09:17:19,966.54,0,0,0,0,0,0
BSEEVI.BSE_IDX,01/07/2025,09:17:27,966.96,0,0,0,0,0,0
BSEEVI.BSE_IDX,01/07/2025,09:17:35,966.99,0,0,0,0,0,0
BSEEVI.BSE_IDX,01/07/2025,09:17:44,967.1,0,0,0,0,0,0
BSEEVI.BSE_IDX,01/07/2025,09:17:51,967.14,0,0,0,0,0,0
BSEEVI.BSE_IDX,01/07/2025,09:17:59,967.37,0,0,0,0,0,0
BSEEVI.BSE_IDX,01/07/2025,09:18:07,967.59,0,0,0,0,0,0
BSEEVI.BSE_IDX,01/07/2025,09:18:15,967.24,0,0,0,0,0,0
BSEEVI.BSE_IDX,01/07/2025,09:18:23,967.28,0,0,0,0,0,0
BSEEVI.BSE_IDX,01/07/2025,09:18:31,967.09,0,0,0,0,0,0
BSEEVI.BSE_IDX,01/07/2025,09:18:39,967.09,0,0,0,0,0,0
BSEEVI.BSE_IDX,01/07/2025,09:18:47,966.95,0,0,0,0,0,0
BSEEVI.BSE_IDX,01/07/2025,09:18:56,967.19,0,0,0,0,0,0
BSEEVI.BSE_IDX,01/07/2025,09:19:03,967.17,0,0,0,0,0,0
BSEEVI.BSE_IDX,01/07/2025,09:19:11,967.02,0,0,0,0,0,0
BSEEVI.BSE_IDX,01/07/2025,09:19:19,967.24,0,0,0,0,0,0
BSEEVI.BSE_IDX,01/07/2025,09:19:28,967.25,0,0,0,0,0,0
BSEEVI.BSE_IDX,01/07/2025,09:19:35,967.39,0,0,0,0,0,0
BSEEVI.BSE_IDX,01/07/2025,09:19:43,966.99,0,0,0,0,0,0
BSEEVI.BSE_IDX,01/07/2025,09:19:52,967.13,0,0,0,0,0,0
BSEEVI.BSE_IDX,01/07/2025,09:19:59,966.94,0,0,0,0,0,0
BSEEVI.BSE_IDX,01/07/2025,09:20:07,966.83,0,0,0,0,0,0
BSEEVI.BSE_IDX,01/07/2025,09:20:15,966.74,0,0,0,0,0,0
BSEEVI.BSE_IDX,01/07/2025,09:20:24,966.53,0,0,0,0,0,0
BSEEVI.BSE_IDX,01/07/2025,09:20:31,966.45,0,0,0,0,0,0
BSEEVI.BSE_IDX,01/07/2025,09:20:39,966.51,0,0,0,0,0,0
BSEEVI.BSE_IDX,01/07/2025,09:20:47,966.57,0,0,0,0,0,0
BSEEVI.BSE_IDX,01/07/2025,09:20:55,966.39,0,0,0,0,0,0
BSEEVI.BSE_IDX,01/07/2025,09:21:03,966.42,0,0,0,0,0,0
BSEEVI.BSE_IDX,01/07/2025,09:21:11,966.42,0,0,0,0,0,0
BSEEVI.BSE_IDX,01/07/2025,09:21:19,966.69,0,0,0,0,0,0
BSEEVI.BSE_IDX,01/07/2025,09:21:27,966.55,0,0,0,0,0,0
BSEEVI.BSE_IDX,01/07/2025,09:21:36,966.48,0,0,0,0,0,0
BSEEVI.BSE_IDX,01/07/2025,09:21:43,966.43,0,0,0,0,0,0
BSEEVI.BSE_IDX,01/07/2025,09:21:51,966.36,0,0,0,0,0,0
BSEEVI.BSE_IDX,01/07/2025,09:21:59,966.41,0,0,0,0,0,0
BSEEVI.BSE_IDX,01/07/2025,09:22:07,966.41,0,0,0,0,0,0
BSEEVI.BSE_IDX,01/07/2025,09:22:15,966.51,0,0,0,0,0,0
BSEEVI.BSE_IDX,01/07/2025,09:22:23,966.57,0,0,0,0,0,0
BSEEVI.BSE_IDX,01/07/2025,09:22:31,966.63,0,0,0,0,0,0
BSEEVI.BSE_IDX,01/07/2025,09:22:39,966.86,0,0,0,0,0,0
BSEEVI.BSE_IDX,01/07/2025,09:22:47,966.75,0,0,0,0,0,0
BSEEVI.BSE_IDX,01/07/2025,09:22:55,966.85,0,0,0,0,0,0
BSEEVI.BSE_IDX,01/07/2025,09:23:03,966.84,0,0,0,0,0,0
BSEEVI.BSE_IDX,01/07/2025,09:23:11,966.9,0,0,0,0,0,0
BSEEVI.BSE_IDX,01/07/2025,09:23:19,966.94,0,0,0,0,0,0
BSEEVI.BSE_IDX,01/07/2025,09:23:27,966.98,0,0,0,0,0,0
BSEEVI.BSE_IDX,01/07/2025,09:23:35,967.29,0,0,0,0,0,0
BSEEVI.BSE_IDX,01/07/2025,09:23:44,967.37,0,0,0,0,0,0
BSEEVI.BSE_IDX,01/07/2025,09:23:51,967.26,0,0,0,0,0,0
BSEEVI.BSE_IDX,01/07/2025,09:23:59,967.17,0,0,0,0,0,0
BSEEVI.BSE_IDX,01/07/2025,09:24:08,967.19,0,0,0,0,0,0
BSEEVI.BSE_IDX,01/07/2025,09:24:15,967.4,0,0,0,0,0,0
BSEEVI.BSE_IDX,01/07/2025,09:24:23,967.32,0,0,0,0,0,0
BSEEVI.BSE_IDX,01/07/2025,09:24:32,967.39,0,0,0,0,0,0
BSEEVI.BSE_IDX,01/07/2025,09:24:39,967.48,0,0,0,0,0,0
BSEEVI.BSE_IDX,01/07/2025,09:24:48,967.65,0,0,0,0,0,0
BSEEVI.BSE_IDX,01/07/2025,09:24:57,967.76,0,0,0,0,0,0
BSEEVI.BSE_IDX,01/07/2025,09:25:03,967.53,0,0,0,0,0,0
BSEEVI.BSE_IDX,01/07/2025,09:25:12,967.53,0,0,0,0,0,0
BSEEVI.BSE_IDX,01/07/2025,09:25:19,967.74,0,0,0,0,0,0
BSEEVI.BSE_IDX,01/07/2025,09:25:29,967.83,0,0,0,0,0,0
BSEEVI.BSE_IDX,01/07/2025,09:25:35,967.95,0,0,0,0,0,0
BSEEVI.BSE_IDX,01/07/2025,09:25:43,967.86,0,0,0,0,0,0
BSEEVI.BSE_IDX,01/07/2025,09:25:51,967.75,0,0,0,0,0,0
BSEEVI.BSE_IDX,01/07/2025,09:25:59,967.79,0,0,0,0,0,0
BSEEVI.BSE_IDX,01/07/2025,09:26:08,967.78,0,0,0,0,0,0
BSEEVI.BSE_IDX,01/07/2025,09:26:15,967.73,0,0,0,0,0,0
BSEEVI.BSE_IDX,01/07/2025,09:26:24,967.67,0,0,0,0,0,0
BSEEVI.BSE_IDX,01/07/2025,09:26:31,967.66,0,0,0,0,0,0
BSEEVI.BSE_IDX,01/07/2025,09:26:39,967.67,0,0,0,0,0,0
BSEEVI.BSE_IDX,01/07/2025,09:26:48,967.6,0,0,0,0,0,0
BSEEVI.BSE_IDX,01/07/2025,09:26:55,967.85,0,0,0,0,0,0
BSEEVI.BSE_IDX,01/07/2025,09:27:04,967.87,0,0,0,0,0,0
BSEEVI.BSE_IDX,01/07/2025,09:27:12,967.85,0,0,0,0,0,0
BSEEVI.BSE_IDX,01/07/2025,09:27:19,967.72,0,0,0,0,0,0
BSEEVI.BSE_IDX,01/07/2025,09:27:28,967.67,0,0,0,0,0,0
BSEEVI.BSE_IDX,01/07/2025,09:27:36,967.86,0,0,0,0,0,0
BSEEVI.BSE_IDX,01/07/2025,09:27:44,967.58,0,0,0,0,0,0
BSEEVI.BSE_IDX,01/07/2025,09:27:51,967.7,0,0,0,0,0,0
BSEEVI.BSE_IDX,01/07/2025,09:28:00,967.75,0,0,0,0,0,0
BSEEVI.BSE_IDX,01/07/2025,09:28:08,967.42,0,0,0,0,0,0
BSEEVI.BSE_IDX,01/07/2025,09:28:16,967.22,0,0,0,0,0,0
BSEEVI.BSE_IDX,01/07/2025,09:28:24,967.23,0,0,0,0,0,0
BSEEVI.BSE_IDX,01/07/2025,09:28:32,967.15,0,0,0,0,0,0
BSEEVI.BSE_IDX,01/07/2025,09:28:40,967.1,0,0,0,0,0,0
BSEEVI.BSE_IDX,01/07/2025,09:28:48,967.3,0,0,0,0,0,0
BSEEVI.BSE_IDX,01/07/2025,09:28:56,967.35,0,0,0,0,0,0
BSEEVI.BSE_IDX,01/07/2025,09:29:04,967.33,0,0,0,0,0,0
BSEEVI.BSE_IDX,01/07/2025,09:29:12,967.25,0,0,0,0,0,0
BSEEVI.BSE_IDX,01/07/2025,09:29:20,967.14,0,0,0,0,0,0
BSEEVI.BSE_IDX,01/07/2025,09:29:28,967.24,0,0,0,0,0,0
BSEEVI.BSE_IDX,01/07/2025,09:29:36,967.27,0,0,0,0,0,0
BSEEVI.BSE_IDX,01/07/2025,09:29:44,967.3,0,0,0,0,0,0
BSEEVI.BSE_IDX,01/07/2025,09:29:52,967.41,0,0,0,0,0,0
BSEEVI.BSE_IDX,01/07/2025,09:30:00,967.36,0,0,0,0,0,0
BSEEVI.BSE_IDX,01/07/2025,09:30:08,967.32,0,0,0,0,0,0
BSEEVI.BSE_IDX,01/07/2025,09:30:16,967.68,0,0,0,0,0,0
BSEEVI.BSE_IDX,01/07/2025,09:30:24,967.75,0,0,0,0,0,0
BSEEVI.BSE_IDX,01/07/2025,09:30:32,967.99,0,0,0,0,0,0
BSEEVI.BSE_IDX,01/07/2025,09:30:40,968.06,0,0,0,0,0,0
BSEEVI.BSE_IDX,01/07/2025,09:30:48,968.07,0,0,0,0,0,0
BSEEVI.BSE_IDX,01/07/2025,09:30:56,967.96,0,0,0,0,0,0
BSEEVI.BSE_IDX,01/07/2025,09:31:04,967.76,0,0,0,0,0,0
BSEEVI.BSE_IDX,01/07/2025,09:31:12,967.4,0,0,0,0,0,0
BSEEVI.BSE_IDX,01/07/2025,09:31:20,967.27,0,0,0,0,0,0
BSEEVI.BSE_IDX,01/07/2025,09:31:28,967.18,0,0,0,0,0,0
BSEEVI.BSE_IDX,01/07/2025,09:31:36,966.98,0,0,0,0,0,0
BSEEVI.BSE_IDX,01/07/2025,09:31:44,966.76,0,0,0,0,0,0
BSEEVI.BSE_IDX,01/07/2025,09:31:52,966.81,0,0,0,0,0,0
BSEEVI.BSE_IDX,01/07/2025,09:32:00,966.93,0,0,0,0,0,0
BSEEVI.BSE_IDX,01/07/2025,09:32:08,966.79,0,0,0,0,0,0
BSEEVI.BSE_IDX,01/07/2025,09:32:16,966.76,0,0,0,0,0,0
BSEEVI.BSE_IDX,01/07/2025,09:32:24,966.74,0,0,0,0,0,0
BSEEVI.BSE_IDX,01/07/2025,09:32:32,966.72,0,0,0,0,0,0
BSEEVI.BSE_IDX,01/07/2025,09:32:40,966.9,0,0,0,0,0,0
BSEEVI.BSE_IDX,01/07/2025,09:32:48,966.99,0,0,0,0,0,0
BSEEVI.BSE_IDX,01/07/2025,09:32:56,967.01,0,0,0,0,0,0
BSEEVI.BSE_IDX,01/07/2025,09:33:04,967,0,0,0,0,0,0
BSEEVI.BSE_IDX,01/07/2025,09:33:12,966.94,0,0,0,0,0,0
BSEEVI.BSE_IDX,01/07/2025,09:33:20,966.95,0,0,0,0,0,0
BSEEVI.BSE_IDX,01/07/2025,09:33:28,967.17,0,0,0,0,0,0
BSEEVI.BSE_IDX,01/07/2025,09:33:36,967.05,0,0,0,0,0,0
BSEEVI.BSE_IDX,01/07/2025,09:33:44,966.93,0,0,0,0,0,0
BSEEVI.BSE_IDX,01/07/2025,09:33:52,966.85,0,0,0,0,0,0
BSEEVI.BSE_IDX,01/07/2025,09:34:00,966.8,0,0,0,0,0,0
BSEEVI.BSE_IDX,01/07/2025,09:34:08,966.83,0,0,0,0,0,0
BSEEVI.BSE_IDX,01/07/2025,09:34:16,966.73,0,0,0,0,0,0
BSEEVI.BSE_IDX,01/07/2025,09:34:24,966.82,0,0,0,0,0,0
BSEEVI.BSE_IDX,01/07/2025,09:34:32,966.95,0,0,0,0,0,0
BSEEVI.BSE_IDX,01/07/2025,09:34:40,966.97,0,0,0,0,0,0
BSEEVI.BSE_IDX,01/07/2025,09:34:48,967.09,0,0,0,0,0,0
BSEEVI.BSE_IDX,01/07/2025,09:34:56,967.12,0,0,0,0,0,0
BSEEVI.BSE_IDX,01/07/2025,09:35:05,966.98,0,0,0,0,0,0
BSEEVI.BSE_IDX,01/07/2025,09:35:12,966.91,0,0,0,0,0,0
BSEEVI.BSE_IDX,01/07/2025,09:35:20,966.74,0,0,0,0,0,0
BSEEVI.BSE_IDX,01/07/2025,09:35:28,966.72,0,0,0,0,0,0
BSEEVI.BSE_IDX,01/07/2025,09:35:36,966.69,0,0,0,0,0,0
BSEEVI.BSE_IDX,01/07/2025,09:35:44,966.64,0,0,0,0,0,0
BSEEVI.BSE_IDX,01/07/2025,09:35:52,966.75,0,0,0,0,0,0
BSEEVI.BSE_IDX,01/07/2025,09:36:00,966.76,0,0,0,0,0,0
BSEEVI.BSE_IDX,01/07/2025,09:36:08,966.68,0,0,0,0,0,0
BSEEVI.BSE_IDX,01/07/2025,09:36:16,966.62,0,0,0,0,0,0
BSEEVI.BSE_IDX,01/07/2025,09:36:24,966.5,0,0,0,0,0,0
BSEEVI.BSE_IDX,01/07/2025,09:36:33,966.4,0,0,0,0,0,0
BSEEVI.BSE_IDX,01/07/2025,09:36:40,966.47,0,0,0,0,0,0
BSEEVI.BSE_IDX,01/07/2025,09:36:48,966.54,0,0,0,0,0,0
BSEEVI.BSE_IDX,01/07/2025,09:36:56,966.54,0,0,0,0,0,0
BSEEVI.BSE_IDX,01/07/2025,09:37:04,966.65,0,0,0,0,0,0
BSEEVI.BSE_IDX,01/07/2025,09:37:12,966.62,0,0,0,0,0,0
BSEEVI.BSE_IDX,01/07/2025,09:37:20,966.78,0,0,0,0,0,0
BSEEVI.BSE_IDX,01/07/2025,09:37:28,966.71,0,0,0,0,0,0
BSEEVI.BSE_IDX,01/07/2025,09:37:36,966.62,0,0,0,0,0,0
BSEEVI.BSE_IDX,01/07/2025,09:37:44,966.71,0,0,0,0,0,0
BSEEVI.BSE_IDX,01/07/2025,09:37:52,966.66,0,0,0,0,0,0
BSEEVI.BSE_IDX,01/07/2025,09:38:00,966.68,0,0,0,0,0,0
BSEEVI.BSE_IDX,01/07/2025,09:38:08,966.47,0,0,0,0,0,0
BSEEVI.BSE_IDX,01/07/2025,09:38:16,966.17,0,0,0,0,0,0
BSEEVI.BSE_IDX,01/07/2025,09:38:24,966.2,0,0,0,0,0,0
BSEEVI.BSE_IDX,01/07/2025,09:38:32,966.04,0,0,0,0,0,0
BSEEVI.BSE_IDX,01/07/2025,09:38:40,965.84,0,0,0,0,0,0
BSEEVI.BSE_IDX,01/07/2025,09:38:48,965.71,0,0,0,0,0,0
BSEEVI.BSE_IDX,01/07/2025,09:38:56,965.75,0,0,0,0,0,0
BSEEVI.BSE_IDX,01/07/2025,09:39:04,965.7,0,0,0,0,0,0
BSEEVI.BSE_IDX,01/07/2025,09:39:12,965.67,0,0,0,0,0,0
BSEEVI.BSE_IDX,01/07/2025,09:39:20,965.7,0,0,0,0,0,0
BSEEVI.BSE_IDX,01/07/2025,09:39:28,965.58,0,0,0,0,0,0
BSEEVI.BSE_IDX,01/07/2025,09:39:36,965.58,0,0,0,0,0,0
BSEEVI.BSE_IDX,01/07/2025,09:39:44,965.56,0,0,0,0,0,0
BSEEVI.BSE_IDX,01/07/2025,09:39:52,965.59,0,0,0,0,0,0
BSEEVI.BSE_IDX,01/07/2025,09:40:00,965.84,0,0,0,0,0,0
BSEEVI.BSE_IDX,01/07/2025,09:40:08,965.85,0,0,0,0,0,0
BSEEVI.BSE_IDX,01/07/2025,09:40:16,965.92,0,0,0,0,0,0
BSEEVI.BSE_IDX,01/07/2025,09:40:24,966.12,0,0,0,0,0,0
BSEEVI.BSE_IDX,01/07/2025,09:40:32,965.95,0,0,0,0,0,0
BSEEVI.BSE_IDX,01/07/2025,09:40:40,965.98,0,0,0,0,0,0
BSEEVI.BSE_IDX,01/07/2025,09:40:48,965.96,0,0,0,0,0,0
BSEEVI.BSE_IDX,01/07/2025,09:40:56,965.84,0,0,0,0,0,0
BSEEVI.BSE_IDX,01/07/2025,09:41:04,965.6,0,0,0,0,0,0
BSEEVI.BSE_IDX,01/07/2025,09:41:12,965.56,0,0,0,0,0,0
BSEEVI.BSE_IDX,01/07/2025,09:41:20,965.54,0,0,0,0,0,0
BSEEVI.BSE_IDX,01/07/2025,09:41:28,965.52,0,0,0,0,0,0
BSEEVI.BSE_IDX,01/07/2025,09:41:36,965.61,0,0,0,0,0,0
BSEEVI.BSE_IDX,01/07/2025,09:41:44,965.55,0,0,0,0,0,0
BSEEVI.BSE_IDX,01/07/2025,09:41:52,965.5,0,0,0,0,0,0
BSEEVI.BSE_IDX,01/07/2025,09:42:00,965.47,0,0,0,0,0,0
BSEEVI.BSE_IDX,01/07/2025,09:42:08,965.52,0,0,0,0,0,0
BSEEVI.BSE_IDX,01/07/2025,09:42:16,965.12,0,0,0,0,0,0
BSEEVI.BSE_IDX,01/07/2025,09:42:24,965.03,0,0,0,0,0,0
BSEEVI.BSE_IDX,01/07/2025,09:42:32,964.91,0,0,0,0,0,0
BSEEVI.BSE_IDX,01/07/2025,09:42:40,964.79,0,0,0,0,0,0
BSEEVI.BSE_IDX,01/07/2025,09:42:48,964.74,0,0,0,0,0,0
BSEEVI.BSE_IDX,01/07/2025,09:42:56,964.81,0,0,0,0,0,0
BSEEVI.BSE_IDX,01/07/2025,09:43:04,964.65,0,0,0,0,0,0
BSEEVI.BSE_IDX,01/07/2025,09:43:12,964.72,0,0,0,0,0,0
BSEEVI.BSE_IDX,01/07/2025,09:43:20,964.83,0,0,0,0,0,0
BSEEVI.BSE_IDX,01/07/2025,09:43:28,964.85,0,0,0,0,0,0
BSEEVI.BSE_IDX,01/07/2025,09:43:36,964.74,0,0,0,0,0,0
BSEEVI.BSE_IDX,01/07/2025,09:43:44,964.78,0,0,0,0,0,0
BSEEVI.BSE_IDX,01/07/2025,09:43:53,964.85,0,0,0,0,0,0
BSEEVI.BSE_IDX,01/07/2025,09:44:00,964.79,0,0,0,0,0,0
BSEEVI.BSE_IDX,01/07/2025,09:44:08,964.79,0,0,0,0,0,0
BSEEVI.BSE_IDX,01/07/2025,09:44:16,964.72,0,0,0,0,0,0
BSEEVI.BSE_IDX,01/07/2025,09:44:24,964.76,0,0,0,0,0,0
BSEEVI.BSE_IDX,01/07/2025,09:44:32,964.74,0,0,0,0,0,0
BSEEVI.BSE_IDX,01/07/2025,09:44:40,964.75,0,0,0,0,0,0
BSEEVI.BSE_IDX,01/07/2025,09:44:48,964.78,0,0,0,0,0,0
BSEEVI.BSE_IDX,01/07/2025,09:44:56,964.72,0,0,0,0,0,0
BSEEVI.BSE_IDX,01/07/2025,09:45:05,964.48,0,0,0,0,0,0
BSEEVI.BSE_IDX,01/07/2025,09:45:12,964.23,0,0,0,0,0,0
BSEEVI.BSE_IDX,01/07/2025,09:45:20,964.09,0,0,0,0,0,0
BSEEVI.BSE_IDX,01/07/2025,09:45:28,964.13,0,0,0,0,0,0
BSEEVI.BSE_IDX,01/07/2025,09:45:36,964.23,0,0,0,0,0,0
BSEEVI.BSE_IDX,01/07/2025,09:45:44,964.23,0,0,0,0,0,0
BSEEVI.BSE_IDX,01/07/2025,09:45:52,964.17,0,0,0,0,0,0
BSEEVI.BSE_IDX,01/07/2025,09:46:01,964.18,0,0,0,0,0,0
BSEEVI.BSE_IDX,01/07/2025,09:46:08,964.3,0,0,0,0,0,0
BSEEVI.BSE_IDX,01/07/2025,09:46:16,964.38,0,0,0,0,0,0
BSEEVI.BSE_IDX,01/07/2025,09:46:24,964.52,0,0,0,0,0,0
BSEEVI.BSE_IDX,01/07/2025,09:46:32,964.36,0,0,0,0,0,0
BSEEVI.BSE_IDX,01/07/2025,09:46:40,964.54,0,0,0,0,0,0
BSEEVI.BSE_IDX,01/07/2025,09:46:48,964.41,0,0,0,0,0,0
BSEEVI.BSE_IDX,01/07/2025,09:46:56,964.39,0,0,0,0,0,0
BSEEVI.BSE_IDX,01/07/2025,09:47:04,964.29,0,0,0,0,0,0
BSEEVI.BSE_IDX,01/07/2025,09:47:12,964.29,0,0,0,0,0,0
BSEEVI.BSE_IDX,01/07/2025,09:47:20,964.28,0,0,0,0,0,0
BSEEVI.BSE_IDX,01/07/2025,09:47:28,964.23,0,0,0,0,0,0
BSEEVI.BSE_IDX,01/07/2025,09:47:36,964.2,0,0,0,0,0,0
BSEEVI.BSE_IDX,01/07/2025,09:47:44,964.36,0,0,0,0,0,0
BSEEVI.BSE_IDX,01/07/2025,09:47:52,964.41,0,0,0,0,0,0
BSEEVI.BSE_IDX,01/07/2025,09:48:00,964.59,0,0,0,0,0,0
BSEEVI.BSE_IDX,01/07/2025,09:48:08,964.84,0,0,0,0,0,0
BSEEVI.BSE_IDX,01/07/2025,09:48:16,965.11,0,0,0,0,0,0
BSEEVI.BSE_IDX,01/07/2025,09:48:24,965.21,0,0,0,0,0,0
BSEEVI.BSE_IDX,01/07/2025,09:48:32,965.21,0,0,0,0,0,0
BSEEVI.BSE_IDX,01/07/2025,09:48:40,965.29,0,0,0,0,0,0
BSEEVI.BSE_IDX,01/07/2025,09:48:48,965.12,0,0,0,0,0,0
BSEEVI.BSE_IDX,01/07/2025,09:48:56,965.23,0,0,0,0,0,0
BSEEVI.BSE_IDX,01/07/2025,09:49:04,965.2,0,0,0,0,0,0
BSEEVI.BSE_IDX,01/07/2025,09:49:12,965.17,0,0,0,0,0,0
BSEEVI.BSE_IDX,01/07/2025,09:49:20,965.3,0,0,0,0,0,0
BSEEVI.BSE_IDX,01/07/2025,09:49:28,965.38,0,0,0,0,0,0
BSEEVI.BSE_IDX,01/07/2025,09:49:36,965.46,0,0,0,0,0,0
BSEEVI.BSE_IDX,01/07/2025,09:49:44,965.52,0,0,0,0,0,0
BSEEVI.BSE_IDX,01/07/2025,09:49:52,965.59,0,0,0,0,0,0
BSEEVI.BSE_IDX,01/07/2025,09:50:00,965.63,0,0,0,0,0,0
BSEEVI.BSE_IDX,01/07/2025,09:50:08,965.62,0,0,0,0,0,0
BSEEVI.BSE_IDX,01/07/2025,09:50:16,965.7,0,0,0,0,0,0
BSEEVI.BSE_IDX,01/07/2025,09:50:24,965.73,0,0,0,0,0,0
BSEEVI.BSE_IDX,01/07/2025,09:50:32,965.73,0,0,0,0,0,0
BSEEVI.BSE_IDX,01/07/2025,09:50:40,965.72,0,0,0,0,0,0
BSEEVI.BSE_IDX,01/07/2025,09:50:48,965.76,0,0,0,0,0,0
BSEEVI.BSE_IDX,01/07/2025,09:50:57,965.4,0,0,0,0,0,0
BSEEVI.BSE_IDX,01/07/2025,09:51:04,965.36,0,0,0,0,0,0
BSEEVI.BSE_IDX,01/07/2025,09:51:12,965.66,0,0,0,0,0,0
BSEEVI.BSE_IDX,01/07/2025,09:51:20,965.76,0,0,0,0,0,0
BSEEVI.BSE_IDX,01/07/2025,09:51:28,965.75,0,0,0,0,0,0
BSEEVI.BSE_IDX,01/07/2025,09:51:37,965.66,0,0,0,0,0,0
BSEEVI.BSE_IDX,01/07/2025,09:51:44,965.63,0,0,0,0,0,0
BSEEVI.BSE_IDX,01/07/2025,09:51:52,965.66,0,0,0,0,0,0
BSEEVI.BSE_IDX,01/07/2025,09:52:01,965.63,0,0,0,0,0,0
BSEEVI.BSE_IDX,01/07/2025,09:52:08,965.5,0,0,0,0,0,0
BSEEVI.BSE_IDX,01/07/2025,09:52:17,965.47,0,0,0,0,0,0
BSEEVI.BSE_IDX,01/07/2025,09:52:24,965.37,0,0,0,0,0,0
BSEEVI.BSE_IDX,01/07/2025,09:52:32,965.49,0,0,0,0,0,0
BSEEVI.BSE_IDX,01/07/2025,09:52:40,965.65,0,0,0,0,0,0
BSEEVI.BSE_IDX,01/07/2025,09:52:48,965.6,0,0,0,0,0,0
BSEEVI.BSE_IDX,01/07/2025,09:52:57,965.57,0,0,0,0,0,0
BSEEVI.BSE_IDX,01/07/2025,09:53:04,965.56,0,0,0,0,0,0
BSEEVI.BSE_IDX,01/07/2025,09:53:13,965.52,0,0,0,0,0,0
BSEEVI.BSE_IDX,01/07/2025,09:53:20,965.51,0,0,0,0,0,0
BSEEVI.BSE_IDX,01/07/2025,09:53:28,965.62,0,0,0,0,0,0
BSEEVI.BSE_IDX,01/07/2025,09:53:36,965.68,0,0,0,0,0,0
BSEEVI.BSE_IDX,01/07/2025,09:53:44,965.65,0,0,0,0,0,0
BSEEVI.BSE_IDX,01/07/2025,09:53:52,965.67,0,0,0,0,0,0
BSEEVI.BSE_IDX,01/07/2025,09:54:00,965.43,0,0,0,0,0,0
BSEEVI.BSE_IDX,01/07/2025,09:54:08,965.49,0,0,0,0,0,0
BSEEVI.BSE_IDX,01/07/2025,09:54:16,965.21,0,0,0,0,0,0
BSEEVI.BSE_IDX,01/07/2025,09:54:24,965.22,0,0,0,0,0,0
BSEEVI.BSE_IDX,01/07/2025,09:54:32,965.25,0,0,0,0,0,0
BSEEVI.BSE_IDX,01/07/2025,09:54:40,965.24,0,0,0,0,0,0
BSEEVI.BSE_IDX,01/07/2025,09:54:48,965.2,0,0,0,0,0,0
BSEEVI.BSE_IDX,01/07/2025,09:54:56,965.13,0,0,0,0,0,0
BSEEVI.BSE_IDX,01/07/2025,09:55:04,965.03,0,0,0,0,0,0
BSEEVI.BSE_IDX,01/07/2025,09:55:12,964.97,0,0,0,0,0,0
BSEEVI.BSE_IDX,01/07/2025,09:55:20,964.97,0,0,0,0,0,0
BSEEVI.BSE_IDX,01/07/2025,09:55:28,965.03,0,0,0,0,0,0
BSEEVI.BSE_IDX,01/07/2025,09:55:36,964.98,0,0,0,0,0,0
BSEEVI.BSE_IDX,01/07/2025,09:55:44,964.94,0,0,0,0,0,0
BSEEVI.BSE_IDX,01/07/2025,09:55:52,964.89,0,0,0,0,0,0
BSEEVI.BSE_IDX,01/07/2025,09:56:00,965.01,0,0,0,0,0,0
BSEEVI.BSE_IDX,01/07/2025,09:56:08,965.07,0,0,0,0,0,0
BSEEVI.BSE_IDX,01/07/2025,09:56:16,965.02,0,0,0,0,0,0
BSEEVI.BSE_IDX,01/07/2025,09:56:25,964.94,0,0,0,0,0,0
BSEEVI.BSE_IDX,01/07/2025,09:56:32,964.94,0,0,0,0,0,0
BSEEVI.BSE_IDX,01/07/2025,09:56:41,965.02,0,0,0,0,0,0
BSEEVI.BSE_IDX,01/07/2025,09:56:48,965.05,0,0,0,0,0,0
BSEEVI.BSE_IDX,01/07/2025,09:56:57,965.08,0,0,0,0,0,0
BSEEVI.BSE_IDX,01/07/2025,09:57:04,965.1,0,0,0,0,0,0
BSEEVI.BSE_IDX,01/07/2025,09:57:12,965.22,0,0,0,0,0,0
BSEEVI.BSE_IDX,01/07/2025,09:57:20,965.24,0,0,0,0,0,0
BSEEVI.BSE_IDX,01/07/2025,09:57:28,965.26,0,0,0,0,0,0
BSEEVI.BSE_IDX,01/07/2025,09:57:36,965.23,0,0,0,0,0,0
BSEEVI.BSE_IDX,01/07/2025,09:57:44,965.39,0,0,0,0,0,0
BSEEVI.BSE_IDX,01/07/2025,09:57:52,965.28,0,0,0,0,0,0
BSEEVI.BSE_IDX,01/07/2025,09:58:00,965.3,0,0,0,0,0,0
BSEEVI.BSE_IDX,01/07/2025,09:58:08,965.25,0,0,0,0,0,0
BSEEVI.BSE_IDX,01/07/2025,09:58:16,965.19,0,0,0,0,0,0
BSEEVI.BSE_IDX,01/07/2025,09:58:24,965.23,0,0,0,0,0,0
BSEEVI.BSE_IDX,01/07/2025,09:58:32,965.17,0,0,0,0,0,0
BSEEVI.BSE_IDX,01/07/2025,09:58:40,965.35,0,0,0,0,0,0
BSEEVI.BSE_IDX,01/07/2025,09:58:48,965.44,0,0,0,0,0,0
BSEEVI.BSE_IDX,01/07/2025,09:58:56,965.47,0,0,0,0,0,0
BSEEVI.BSE_IDX,01/07/2025,09:59:05,965.36,0,0,0,0,0,0
BSEEVI.BSE_IDX,01/07/2025,09:59:12,965.4,0,0,0,0,0,0
BSEEVI.BSE_IDX,01/07/2025,09:59:20,965.5,0,0,0,0,0,0
BSEEVI.BSE_IDX,01/07/2025,09:59:28,965.56,0,0,0,0,0,0
BSEEVI.BSE_IDX,01/07/2025,09:59:36,965.69,0,0,0,0,0,0
BSEEVI.BSE_IDX,01/07/2025,09:59:45,965.69,0,0,0,0,0,0
BSEEVI.BSE_IDX,01/07/2025,09:59:52,965.72,0,0,0,0,0,0
BSEEVI.BSE_IDX,01/07/2025,10:00:00,965.66,0,0,0,0,0,0
BSEEVI.BSE_IDX,01/07/2025,10:00:08,965.75,0,0,0,0,0,0
BSEEVI.BSE_IDX,01/07/2025,10:00:16,965.75,0,0,0,0,0,0
BSEEVI.BSE_IDX,01/07/2025,10:00:24,965.73,0,0,0,0,0,0
BSEEVI.BSE_IDX,01/07/2025,10:00:32,965.51,0,0,0,0,0,0
BSEEVI.BSE_IDX,01/07/2025,10:00:40,965.54,0,0,0,0,0,0
BSEEVI.BSE_IDX,01/07/2025,10:00:48,965.38,0,0,0,0,0,0
BSEEVI.BSE_IDX,01/07/2025,10:00:56,965.34,0,0,0,0,0,0
BSEEVI.BSE_IDX,01/07/2025,10:01:04,965.2,0,0,0,0,0,0
BSEEVI.BSE_IDX,01/07/2025,10:01:12,964.99,0,0,0,0,0,0
BSEEVI.BSE_IDX,01/07/2025,10:01:21,965.04,0,0,0,0,0,0
BSEEVI.BSE_IDX,01/07/2025,10:01:28,964.95,0,0,0,0,0,0
BSEEVI.BSE_IDX,01/07/2025,10:01:36,965,0,0,0,0,0,0
BSEEVI.BSE_IDX,01/07/2025,10:01:44,965.08,0,0,0,0,0,0
BSEEVI.BSE_IDX,01/07/2025,10:01:52,964.9,0,0,0,0,0,0
BSEEVI.BSE_IDX,01/07/2025,10:02:00,964.95,0,0,0,0,0,0
BSEEVI.BSE_IDX,01/07/2025,10:02:08,964.95,0,0,0,0,0,0
BSEEVI.BSE_IDX,01/07/2025,10:02:17,964.86,0,0,0,0,0,0
BSEEVI.BSE_IDX,01/07/2025,10:02:24,964.53,0,0,0,0,0,0
BSEEVI.BSE_IDX,01/07/2025,10:02:32,964.19,0,0,0,0,0,0
BSEEVI.BSE_IDX,01/07/2025,10:02:41,964.12,0,0,0,0,0,0
BSEEVI.BSE_IDX,01/07/2025,10:02:49,964.3,0,0,0,0,0,0
BSEEVI.BSE_IDX,01/07/2025,10:02:56,964.12,0,0,0,0,0,0
BSEEVI.BSE_IDX,01/07/2025,10:03:04,964.1,0,0,0,0,0,0
BSEEVI.BSE_IDX,01/07/2025,10:03:13,963.99,0,0,0,0,0,0
BSEEVI.BSE_IDX,01/07/2025,10:03:20,963.8,0,0,0,0,0,0
BSEEVI.BSE_IDX,01/07/2025,10:03:29,963.8,0,0,0,0,0,0
BSEEVI.BSE_IDX,01/07/2025,10:03:37,963.66,0,0,0,0,0,0
BSEEVI.BSE_IDX,01/07/2025,10:03:53,963.76,0,0,0,0,0,0
BSEEVI.BSE_IDX,01/07/2025,10:04:01,963.68,0,0,0,0,0,0
BSEEVI.BSE_IDX,01/07/2025,10:04:09,963.77,0,0,0,0,0,0
BSEEVI.BSE_IDX,01/07/2025,10:04:17,963.64,0,0,0,0,0,0
BSEEVI.BSE_IDX,01/07/2025,10:04:25,963.7,0,0,0,0,0,0
BSEEVI.BSE_IDX,01/07/2025,10:04:33,963.78,0,0,0,0,0,0
BSEEVI.BSE_IDX,01/07/2025,10:04:41,963.88,0,0,0,0,0,0
BSEEVI.BSE_IDX,01/07/2025,10:04:50,963.93,0,0,0,0,0,0
BSEEVI.BSE_IDX,01/07/2025,10:04:57,963.96,0,0,0,0,0,0
BSEEVI.BSE_IDX,01/07/2025,10:05:05,963.77,0,0,0,0,0,0
BSEEVI.BSE_IDX,01/07/2025,10:05:14,963.57,0,0,0,0,0,0
BSEEVI.BSE_IDX,01/07/2025,10:05:21,963.58,0,0,0,0,0,0
BSEEVI.BSE_IDX,01/07/2025,10:05:29,963.46,0,0,0,0,0,0
BSEEVI.BSE_IDX,01/07/2025,10:05:37,963.29,0,0,0,0,0,0
BSEEVI.BSE_IDX,01/07/2025,10:05:45,963.44,0,0,0,0,0,0
BSEEVI.BSE_IDX,01/07/2025,10:05:53,963.55,0,0,0,0,0,0
BSEEVI.BSE_IDX,01/07/2025,10:06:01,963.61,0,0,0,0,0,0
BSEEVI.BSE_IDX,01/07/2025,10:06:09,963.78,0,0,0,0,0,0
BSEEVI.BSE_IDX,01/07/2025,10:06:17,963.9,0,0,0,0,0,0
BSEEVI.BSE_IDX,01/07/2025,10:06:25,964.05,0,0,0,0,0,0
BSEEVI.BSE_IDX,01/07/2025,10:06:33,964.08,0,0,0,0,0,0
BSEEVI.BSE_IDX,01/07/2025,10:06:41,964.16,0,0,0,0,0,0
BSEEVI.BSE_IDX,01/07/2025,10:06:49,964.13,0,0,0,0,0,0
BSEEVI.BSE_IDX,01/07/2025,10:06:57,964.04,0,0,0,0,0,0
BSEEVI.BSE_IDX,01/07/2025,10:07:05,964.27,0,0,0,0,0,0
BSEEVI.BSE_IDX,01/07/2025,10:07:13,964.3,0,0,0,0,0,0
BSEEVI.BSE_IDX,01/07/2025,10:07:21,964.26,0,0,0,0,0,0
BSEEVI.BSE_IDX,01/07/2025,10:07:29,964.31,0,0,0,0,0,0
BSEEVI.BSE_IDX,01/07/2025,10:07:37,964.54,0,0,0,0,0,0
BSEEVI.BSE_IDX,01/07/2025,10:07:45,964.68,0,0,0,0,0,0
BSEEVI.BSE_IDX,01/07/2025,10:07:53,964.59,0,0,0,0,0,0
BSEEVI.BSE_IDX,01/07/2025,10:08:01,964.74,0,0,0,0,0,0
BSEEVI.BSE_IDX,01/07/2025,10:08:09,964.76,0,0,0,0,0,0
BSEEVI.BSE_IDX,01/07/2025,10:08:17,964.86,0,0,0,0,0,0
BSEEVI.BSE_IDX,01/07/2025,10:08:25,964.76,0,0,0,0,0,0
BSEEVI.BSE_IDX,01/07/2025,10:08:33,964.79,0,0,0,0,0,0
BSEEVI.BSE_IDX,01/07/2025,10:08:41,964.79,0,0,0,0,0,0
BSEEVI.BSE_IDX,01/07/2025,10:08:49,964.86,0,0,0,0,0,0
BSEEVI.BSE_IDX,01/07/2025,10:08:57,964.51,0,0,0,0,0,0
BSEEVI.BSE_IDX,01/07/2025,10:09:05,964.43,0,0,0,0,0,0
BSEEVI.BSE_IDX,01/07/2025,10:09:13,964.42,0,0,0,0,0,0
BSEEVI.BSE_IDX,01/07/2025,10:09:21,964.4,0,0,0,0,0,0
BSEEVI.BSE_IDX,01/07/2025,10:09:29,964.48,0,0,0,0,0,0
BSEEVI.BSE_IDX,01/07/2025,10:09:37,964.47,0,0,0,0,0,0
BSEEVI.BSE_IDX,01/07/2025,10:09:45,964.52,0,0,0,0,0,0
BSEEVI.BSE_IDX,01/07/2025,10:09:53,964.6,0,0,0,0,0,0
BSEEVI.BSE_IDX,01/07/2025,10:10:01,964.66,0,0,0,0,0,0
BSEEVI.BSE_IDX,01/07/2025,10:10:09,964.64,0,0,0,0,0,0
BSEEVI.BSE_IDX,01/07/2025,10:10:17,964.72,0,0,0,0,0,0
BSEEVI.BSE_IDX,01/07/2025,10:10:25,964.79,0,0,0,0,0,0
BSEEVI.BSE_IDX,01/07/2025,10:10:33,964.75,0,0,0,0,0,0
BSEEVI.BSE_IDX,01/07/2025,10:10:41,964.61,0,0,0,0,0,0
BSEEVI.BSE_IDX,01/07/2025,10:10:49,964.57,0,0,0,0,0,0
BSEEVI.BSE_IDX,01/07/2025,10:10:57,964.47,0,0,0,0,0,0
BSEEVI.BSE_IDX,01/07/2025,10:11:05,964.51,0,0,0,0,0,0
BSEEVI.BSE_IDX,01/07/2025,10:11:13,964.48,0,0,0,0,0,0
BSEEVI.BSE_IDX,01/07/2025,10:11:22,964.23,0,0,0,0,0,0
BSEEVI.BSE_IDX,01/07/2025,10:11:29,964.15,0,0,0,0,0,0
BSEEVI.BSE_IDX,01/07/2025,10:11:37,964.09,0,0,0,0,0,0
BSEEVI.BSE_IDX,01/07/2025,10:11:45,964.09,0,0,0,0,0,0
BSEEVI.BSE_IDX,01/07/2025,10:11:53,964.1,0,0,0,0,0,0
BSEEVI.BSE_IDX,01/07/2025,10:12:01,964.06,0,0,0,0,0,0
BSEEVI.BSE_IDX,01/07/2025,10:12:09,963.96,0,0,0,0,0,0
BSEEVI.BSE_IDX,01/07/2025,10:12:17,963.92,0,0,0,0,0,0
BSEEVI.BSE_IDX,01/07/2025,10:12:25,963.66,0,0,0,0,0,0
BSEEVI.BSE_IDX,01/07/2025,10:12:33,963.65,0,0,0,0,0,0
BSEEVI.BSE_IDX,01/07/2025,10:12:41,963.64,0,0,0,0,0,0
BSEEVI.BSE_IDX,01/07/2025,10:12:49,963.59,0,0,0,0,0,0
BSEEVI.BSE_IDX,01/07/2025,10:12:57,963.48,0,0,0,0,0,0
BSEEVI.BSE_IDX,01/07/2025,10:13:05,963.38,0,0,0,0,0,0
BSEEVI.BSE_IDX,01/07/2025,10:13:13,963.46,0,0,0,0,0,0
BSEEVI.BSE_IDX,01/07/2025,10:13:21,963.74,0,0,0,0,0,0
BSEEVI.BSE_IDX,01/07/2025,10:13:29,963.65,0,0,0,0,0,0
BSEEVI.BSE_IDX,01/07/2025,10:13:37,963.65,0,0,0,0,0,0
BSEEVI.BSE_IDX,01/07/2025,10:13:45,963.64,0,0,0,0,0,0
BSEEVI.BSE_IDX,01/07/2025,10:13:53,963.61,0,0,0,0,0,0
BSEEVI.BSE_IDX,01/07/2025,10:14:01,963.23,0,0,0,0,0,0
BSEEVI.BSE_IDX,01/07/2025,10:14:09,962.95,0,0,0,0,0,0
BSEEVI.BSE_IDX,01/07/2025,10:14:17,962.85,0,0,0,0,0,0
BSEEVI.BSE_IDX,01/07/2025,10:14:25,962.86,0,0,0,0,0,0
BSEEVI.BSE_IDX,01/07/2025,10:14:33,962.79,0,0,0,0,0,0
BSEEVI.BSE_IDX,01/07/2025,10:14:41,962.64,0,0,0,0,0,0
BSEEVI.BSE_IDX,01/07/2025,10:14:49,962.68,0,0,0,0,0,0
BSEEVI.BSE_IDX,01/07/2025,10:14:57,962.59,0,0,0,0,0,0
BSEEVI.BSE_IDX,01/07/2025,10:15:05,962.53,0,0,0,0,0,0
BSEEVI.BSE_IDX,01/07/2025,10:15:13,962.27,0,0,0,0,0,0
BSEEVI.BSE_IDX,01/07/2025,10:15:21,962.14,0,0,0,0,0,0
BSEEVI.BSE_IDX,01/07/2025,10:15:29,962.01,0,0,0,0,0,0
BSEEVI.BSE_IDX,01/07/2025,10:15:37,962.1,0,0,0,0,0,0
BSEEVI.BSE_IDX,01/07/2025,10:15:45,961.96,0,0,0,0,0,0
BSEEVI.BSE_IDX,01/07/2025,10:15:53,961.95,0,0,0,0,0,0
BSEEVI.BSE_IDX,01/07/2025,10:16:01,961.92,0,0,0,0,0,0
BSEEVI.BSE_IDX,01/07/2025,10:16:09,961.98,0,0,0,0,0,0
BSEEVI.BSE_IDX,01/07/2025,10:16:17,961.97,0,0,0,0,0,0
BSEEVI.BSE_IDX,01/07/2025,10:16:25,961.95,0,0,0,0,0,0
BSEEVI.BSE_IDX,01/07/2025,10:16:33,962.01,0,0,0,0,0,0
BSEEVI.BSE_IDX,01/07/2025,10:16:41,961.98,0,0,0,0,0,0
BSEEVI.BSE_IDX,01/07/2025,10:16:49,961.96,0,0,0,0,0,0
BSEEVI.BSE_IDX,01/07/2025,10:16:57,961.95,0,0,0,0,0,0
BSEEVI.BSE_IDX,01/07/2025,10:17:05,961.9,0,0,0,0,0,0
BSEEVI.BSE_IDX,01/07/2025,10:17:13,961.83,0,0,0,0,0,0
BSEEVI.BSE_IDX,01/07/2025,10:17:21,961.94,0,0,0,0,0,0
BSEEVI.BSE_IDX,01/07/2025,10:17:29,962.05,0,0,0,0,0,0
BSEEVI.BSE_IDX,01/07/2025,10:17:37,962.26,0,0,0,0,0,0
BSEEVI.BSE_IDX,01/07/2025,10:17:45,962.32,0,0,0,0,0,0
BSEEVI.BSE_IDX,01/07/2025,10:17:53,962.55,0,0,0,0,0,0
BSEEVI.BSE_IDX,01/07/2025,10:18:01,962.54,0,0,0,0,0,0
BSEEVI.BSE_IDX,01/07/2025,10:18:09,962.61,0,0,0,0,0,0
BSEEVI.BSE_IDX,01/07/2025,10:18:17,962.81,0,0,0,0,0,0
BSEEVI.BSE_IDX,01/07/2025,10:18:25,962.92,0,0,0,0,0,0
BSEEVI.BSE_IDX,01/07/2025,10:18:33,962.87,0,0,0,0,0,0
BSEEVI.BSE_IDX,01/07/2025,10:18:41,962.93,0,0,0,0,0,0
BSEEVI.BSE_IDX,01/07/2025,10:18:49,962.78,0,0,0,0,0,0
BSEEVI.BSE_IDX,01/07/2025,10:18:57,962.68,0,0,0,0,0,0
BSEEVI.BSE_IDX,01/07/2025,10:19:05,962.5,0,0,0,0,0,0
BSEEVI.BSE_IDX,01/07/2025,10:19:13,962.55,0,0,0,0,0,0
BSEEVI.BSE_IDX,01/07/2025,10:19:21,962.69,0,0,0,0,0,0
BSEEVI.BSE_IDX,01/07/2025,10:19:29,962.72,0,0,0,0,0,0
BSEEVI.BSE_IDX,01/07/2025,10:19:37,962.75,0,0,0,0,0,0
BSEEVI.BSE_IDX,01/07/2025,10:19:45,962.72,0,0,0,0,0,0
BSEEVI.BSE_IDX,01/07/2025,10:19:53,962.55,0,0,0,0,0,0
BSEEVI.BSE_IDX,01/07/2025,10:20:01,962.63,0,0,0,0,0,0
BSEEVI.BSE_IDX,01/07/2025,10:20:09,962.62,0,0,0,0,0,0
BSEEVI.BSE_IDX,01/07/2025,10:20:17,962.58,0,0,0,0,0,0
BSEEVI.BSE_IDX,01/07/2025,10:20:25,962.73,0,0,0,0,0,0
BSEEVI.BSE_IDX,01/07/2025,10:20:33,962.74,0,0,0,0,0,0
BSEEVI.BSE_IDX,01/07/2025,10:20:41,962.75,0,0,0,0,0,0
BSEEVI.BSE_IDX,01/07/2025,10:20:49,962.7,0,0,0,0,0,0
BSEEVI.BSE_IDX,01/07/2025,10:20:57,962.48,0,0,0,0,0,0
BSEEVI.BSE_IDX,01/07/2025,10:21:05,962.42,0,0,0,0,0,0
BSEEVI.BSE_IDX,01/07/2025,10:21:13,962.39,0,0,0,0,0,0
BSEEVI.BSE_IDX,01/07/2025,10:21:21,962.39,0,0,0,0,0,0
BSEEVI.BSE_IDX,01/07/2025,10:21:29,962.21,0,0,0,0,0,0
BSEEVI.BSE_IDX,01/07/2025,10:21:37,962.11,0,0,0,0,0,0
BSEEVI.BSE_IDX,01/07/2025,10:21:45,962.01,0,0,0,0,0,0
BSEEVI.BSE_IDX,01/07/2025,10:21:53,961.92,0,0,0,0,0,0
BSEEVI.BSE_IDX,01/07/2025,10:22:01,962.06,0,0,0,0,0,0
BSEEVI.BSE_IDX,01/07/2025,10:22:09,962.03,0,0,0,0,0,0
BSEEVI.BSE_IDX,01/07/2025,10:22:17,961.81,0,0,0,0,0,0
BSEEVI.BSE_IDX,01/07/2025,10:22:25,961.88,0,0,0,0,0,0
BSEEVI.BSE_IDX,01/07/2025,10:22:33,961.88,0,0,0,0,0,0
BSEEVI.BSE_IDX,01/07/2025,10:22:41,961.82,0,0,0,0,0,0
BSEEVI.BSE_IDX,01/07/2025,10:22:49,961.84,0,0,0,0,0,0
BSEEVI.BSE_IDX,01/07/2025,10:22:57,961.89,0,0,0,0,0,0
BSEEVI.BSE_IDX,01/07/2025,10:23:05,961.86,0,0,0,0,0,0
BSEEVI.BSE_IDX,01/07/2025,10:23:13,961.8,0,0,0,0,0,0
BSEEVI.BSE_IDX,01/07/2025,10:23:21,961.8,0,0,0,0,0,0
BSEEVI.BSE_IDX,01/07/2025,10:23:29,961.92,0,0,0,0,0,0
BSEEVI.BSE_IDX,01/07/2025,10:23:37,962.01,0,0,0,0,0,0
BSEEVI.BSE_IDX,01/07/2025,10:23:45,962.08,0,0,0,0,0,0
BSEEVI.BSE_IDX,01/07/2025,10:23:53,962.07,0,0,0,0,0,0
BSEEVI.BSE_IDX,01/07/2025,10:24:01,962.08,0,0,0,0,0,0
BSEEVI.BSE_IDX,01/07/2025,10:24:09,961.96,0,0,0,0,0,0
BSEEVI.BSE_IDX,01/07/2025,10:24:17,961.82,0,0,0,0,0,0
BSEEVI.BSE_IDX,01/07/2025,10:24:25,961.73,0,0,0,0,0,0
BSEEVI.BSE_IDX,01/07/2025,10:24:33,961.58,0,0,0,0,0,0
BSEEVI.BSE_IDX,01/07/2025,10:24:41,961.44,0,0,0,0,0,0
BSEEVI.BSE_IDX,01/07/2025,10:24:49,961.36,0,0,0,0,0,0
BSEEVI.BSE_IDX,01/07/2025,10:24:57,961.33,0,0,0,0,0,0
BSEEVI.BSE_IDX,01/07/2025,10:25:05,961.37,0,0,0,0,0,0
BSEEVI.BSE_IDX,01/07/2025,10:25:13,961.32,0,0,0,0,0,0
BSEEVI.BSE_IDX,01/07/2025,10:25:21,961.34,0,0,0,0,0,0
BSEEVI.BSE_IDX,01/07/2025,10:25:29,961.24,0,0,0,0,0,0
BSEEVI.BSE_IDX,01/07/2025,10:25:37,961.17,0,0,0,0,0,0
BSEEVI.BSE_IDX,01/07/2025,10:25:45,961.1,0,0,0,0,0,0
BSEEVI.BSE_IDX,01/07/2025,10:25:53,961.19,0,0,0,0,0,0
BSEEVI.BSE_IDX,01/07/2025,10:26:01,961.19,0,0,0,0,0,0
BSEEVI.BSE_IDX,01/07/2025,10:26:09,961.25,0,0,0,0,0,0
BSEEVI.BSE_IDX,01/07/2025,10:26:17,961.27,0,0,0,0,0,0
BSEEVI.BSE_IDX,01/07/2025,10:26:25,961.35,0,0,0,0,0,0
BSEEVI.BSE_IDX,01/07/2025,10:26:33,961.36,0,0,0,0,0,0
BSEEVI.BSE_IDX,01/07/2025,10:26:41,961.38,0,0,0,0,0,0
BSEEVI.BSE_IDX,01/07/2025,10:26:49,961.34,0,0,0,0,0,0
BSEEVI.BSE_IDX,01/07/2025,10:26:57,961.57,0,0,0,0,0,0
BSEEVI.BSE_IDX,01/07/2025,10:27:05,961.64,0,0,0,0,0,0
BSEEVI.BSE_IDX,01/07/2025,10:27:13,961.76,0,0,0,0,0,0
BSEEVI.BSE_IDX,01/07/2025,10:27:21,961.93,0,0,0,0,0,0
BSEEVI.BSE_IDX,01/07/2025,10:27:29,961.97,0,0,0,0,0,0
BSEEVI.BSE_IDX,01/07/2025,10:27:37,961.96,0,0,0,0,0,0
BSEEVI.BSE_IDX,01/07/2025,10:27:45,961.96,0,0,0,0,0,0
BSEEVI.BSE_IDX,01/07/2025,10:27:53,962.21,0,0,0,0,0,0
BSEEVI.BSE_IDX,01/07/2025,10:28:01,962.44,0,0,0,0,0,0
BSEEVI.BSE_IDX,01/07/2025,10:28:09,962.61,0,0,0,0,0,0
BSEEVI.BSE_IDX,01/07/2025,10:28:17,962.59,0,0,0,0,0,0
BSEEVI.BSE_IDX,01/07/2025,10:28:25,962.64,0,0,0,0,0,0
BSEEVI.BSE_IDX,01/07/2025,10:28:33,962.63,0,0,0,0,0,0
BSEEVI.BSE_IDX,01/07/2025,10:28:41,962.73,0,0,0,0,0,0
BSEEVI.BSE_IDX,01/07/2025,10:28:49,962.74,0,0,0,0,0,0
BSEEVI.BSE_IDX,01/07/2025,10:28:57,962.67,0,0,0,0,0,0
BSEEVI.BSE_IDX,01/07/2025,10:29:05,962.8,0,0,0,0,0,0
BSEEVI.BSE_IDX,01/07/2025,10:29:13,962.75,0,0,0,0,0,0
BSEEVI.BSE_IDX,01/07/2025,10:29:21,962.74,0,0,0,0,0,0
BSEEVI.BSE_IDX,01/07/2025,10:29:29,962.83,0,0,0,0,0,0
BSEEVI.BSE_IDX,01/07/2025,10:29:37,962.82,0,0,0,0,0,0
BSEEVI.BSE_IDX,01/07/2025,10:29:46,962.7,0,0,0,0,0,0
BSEEVI.BSE_IDX,01/07/2025,10:29:54,962.7,0,0,0,0,0,0
BSEEVI.BSE_IDX,01/07/2025,10:30:01,962.65,0,0,0,0,0,0
BSEEVI.BSE_IDX,01/07/2025,10:30:09,962.61,0,0,0,0,0,0
BSEEVI.BSE_IDX,01/07/2025,10:30:17,962.69,0,0,0,0,0,0
BSEEVI.BSE_IDX,01/07/2025,10:30:25,962.9,0,0,0,0,0,0
BSEEVI.BSE_IDX,01/07/2025,10:30:33,962.87,0,0,0,0,0,0
BSEEVI.BSE_IDX,01/07/2025,10:30:41,962.98,0,0,0,0,0,0
BSEEVI.BSE_IDX,01/07/2025,10:30:49,962.89,0,0,0,0,0,0
BSEEVI.BSE_IDX,01/07/2025,10:30:57,962.87,0,0,0,0,0,0
BSEEVI.BSE_IDX,01/07/2025,10:31:05,962.75,0,0,0,0,0,0
BSEEVI.BSE_IDX,01/07/2025,10:31:13,962.74,0,0,0,0,0,0
BSEEVI.BSE_IDX,01/07/2025,10:31:21,962.75,0,0,0,0,0,0
BSEEVI.BSE_IDX,01/07/2025,10:31:29,962.6,0,0,0,0,0,0
BSEEVI.BSE_IDX,01/07/2025,10:31:37,962.82,0,0,0,0,0,0
BSEEVI.BSE_IDX,01/07/2025,10:31:45,962.72,0,0,0,0,0,0
BSEEVI.BSE_IDX,01/07/2025,10:31:53,962.68,0,0,0,0,0,0
BSEEVI.BSE_IDX,01/07/2025,10:32:01,962.59,0,0,0,0,0,0
BSEEVI.BSE_IDX,01/07/2025,10:32:09,962.55,0,0,0,0,0,0
BSEEVI.BSE_IDX,01/07/2025,10:32:17,962.54,0,0,0,0,0,0
BSEEVI.BSE_IDX,01/07/2025,10:32:25,962.62,0,0,0,0,0,0
BSEEVI.BSE_IDX,01/07/2025,10:32:33,962.81,0,0,0,0,0,0
BSEEVI.BSE_IDX,01/07/2025,10:32:41,962.81,0,0,0,0,0,0
BSEEVI.BSE_IDX,01/07/2025,10:32:49,962.82,0,0,0,0,0,0
BSEEVI.BSE_IDX,01/07/2025,10:32:57,962.88,0,0,0,0,0,0
BSEEVI.BSE_IDX,01/07/2025,10:33:05,962.88,0,0,0,0,0,0
BSEEVI.BSE_IDX,01/07/2025,10:33:13,962.87,0,0,0,0,0,0
BSEEVI.BSE_IDX,01/07/2025,10:33:21,962.97,0,0,0,0,0,0
BSEEVI.BSE_IDX,01/07/2025,10:33:29,962.96,0,0,0,0,0,0
BSEEVI.BSE_IDX,01/07/2025,10:33:37,963.14,0,0,0,0,0,0
BSEEVI.BSE_IDX,01/07/2025,10:33:45,963.18,0,0,0,0,0,0
BSEEVI.BSE_IDX,01/07/2025,10:33:53,963.18,0,0,0,0,0,0
BSEEVI.BSE_IDX,01/07/2025,10:34:01,963.17,0,0,0,0,0,0
BSEEVI.BSE_IDX,01/07/2025,10:34:09,963.12,0,0,0,0,0,0
BSEEVI.BSE_IDX,01/07/2025,10:34:17,963.17,0,0,0,0,0,0
BSEEVI.BSE_IDX,01/07/2025,10:34:25,963.17,0,0,0,0,0,0
BSEEVI.BSE_IDX,01/07/2025,10:34:33,963.21,0,0,0,0,0,0
BSEEVI.BSE_IDX,01/07/2025,10:34:41,963.22,0,0,0,0,0,0
BSEEVI.BSE_IDX,01/07/2025,10:34:49,963.23,0,0,0,0,0,0
BSEEVI.BSE_IDX,01/07/2025,10:34:58,963.15,0,0,0,0,0,0
BSEEVI.BSE_IDX,01/07/2025,10:35:06,963.05,0,0,0,0,0,0
BSEEVI.BSE_IDX,01/07/2025,10:35:14,963.03,0,0,0,0,0,0
BSEEVI.BSE_IDX,01/07/2025,10:35:21,963.05,0,0,0,0,0,0
BSEEVI.BSE_IDX,01/07/2025,10:35:29,962.93,0,0,0,0,0,0
BSEEVI.BSE_IDX,01/07/2025,10:35:37,962.72,0,0,0,0,0,0
BSEEVI.BSE_IDX,01/07/2025,10:35:45,962.48,0,0,0,0,0,0
BSEEVI.BSE_IDX,01/07/2025,10:35:54,962.45,0,0,0,0,0,0
BSEEVI.BSE_IDX,01/07/2025,10:36:02,962.45,0,0,0,0,0,0
BSEEVI.BSE_IDX,01/07/2025,10:36:10,962.39,0,0,0,0,0,0
BSEEVI.BSE_IDX,01/07/2025,10:36:17,962.38,0,0,0,0,0,0
BSEEVI.BSE_IDX,01/07/2025,10:36:25,962.31,0,0,0,0,0,0
BSEEVI.BSE_IDX,01/07/2025,10:36:34,962.34,0,0,0,0,0,0
BSEEVI.BSE_IDX,01/07/2025,10:36:42,962.52,0,0,0,0,0,0
BSEEVI.BSE_IDX,01/07/2025,10:36:49,962.36,0,0,0,0,0,0
BSEEVI.BSE_IDX,01/07/2025,10:36:58,962.22,0,0,0,0,0,0
BSEEVI.BSE_IDX,01/07/2025,10:37:05,962.13,0,0,0,0,0,0
BSEEVI.BSE_IDX,01/07/2025,10:37:14,962,0,0,0,0,0,0
BSEEVI.BSE_IDX,01/07/2025,10:37:21,961.94,0,0,0,0,0,0
BSEEVI.BSE_IDX,01/07/2025,10:37:30,961.81,0,0,0,0,0,0
BSEEVI.BSE_IDX,01/07/2025,10:37:38,961.81,0,0,0,0,0,0
BSEEVI.BSE_IDX,01/07/2025,10:37:46,961.82,0,0,0,0,0,0
BSEEVI.BSE_IDX,01/07/2025,10:37:54,961.69,0,0,0,0,0,0
BSEEVI.BSE_IDX,01/07/2025,10:38:02,961.78,0,0,0,0,0,0
BSEEVI.BSE_IDX,01/07/2025,10:38:10,961.98,0,0,0,0,0,0
BSEEVI.BSE_IDX,01/07/2025,10:38:18,961.98,0,0,0,0,0,0
BSEEVI.BSE_IDX,01/07/2025,10:38:26,962.14,0,0,0,0,0,0
BSEEVI.BSE_IDX,01/07/2025,10:38:34,962.1,0,0,0,0,0,0
BSEEVI.BSE_IDX,01/07/2025,10:38:42,962.13,0,0,0,0,0,0
BSEEVI.BSE_IDX,01/07/2025,10:38:50,962.25,0,0,0,0,0,0
BSEEVI.BSE_IDX,01/07/2025,10:38:58,962.37,0,0,0,0,0,0
BSEEVI.BSE_IDX,01/07/2025,10:39:06,962.37,0,0,0,0,0,0
BSEEVI.BSE_IDX,01/07/2025,10:39:14,962.48,0,0,0,0,0,0
BSEEVI.BSE_IDX,01/07/2025,10:39:22,962.6,0,0,0,0,0,0
BSEEVI.BSE_IDX,01/07/2025,10:39:30,962.61,0,0,0,0,0,0
BSEEVI.BSE_IDX,01/07/2025,10:39:38,962.77,0,0,0,0,0,0
BSEEVI.BSE_IDX,01/07/2025,10:39:46,962.92,0,0,0,0,0,0
BSEEVI.BSE_IDX,01/07/2025,10:39:54,962.99,0,0,0,0,0,0
BSEEVI.BSE_IDX,01/07/2025,10:40:02,962.99,0,0,0,0,0,0
BSEEVI.BSE_IDX,01/07/2025,10:40:10,962.89,0,0,0,0,0,0
BSEEVI.BSE_IDX,01/07/2025,10:40:18,962.87,0,0,0,0,0,0
BSEEVI.BSE_IDX,01/07/2025,10:40:26,962.56,0,0,0,0,0,0
BSEEVI.BSE_IDX,01/07/2025,10:40:34,962.56,0,0,0,0,0,0
BSEEVI.BSE_IDX,01/07/2025,10:40:42,962.54,0,0,0,0,0,0
BSEEVI.BSE_IDX,01/07/2025,10:40:50,962.41,0,0,0,0,0,0
BSEEVI.BSE_IDX,01/07/2025,10:40:58,962.23,0,0,0,0,0,0
BSEEVI.BSE_IDX,01/07/2025,10:41:06,962.16,0,0,0,0,0,0
BSEEVI.BSE_IDX,01/07/2025,10:41:14,962.24,0,0,0,0,0,0
BSEEVI.BSE_IDX,01/07/2025,10:41:22,962.28,0,0,0,0,0,0
BSEEVI.BSE_IDX,01/07/2025,10:41:30,962.27,0,0,0,0,0,0
BSEEVI.BSE_IDX,01/07/2025,10:41:38,962.32,0,0,0,0,0,0
BSEEVI.BSE_IDX,01/07/2025,10:41:46,962.41,0,0,0,0,0,0
BSEEVI.BSE_IDX,01/07/2025,10:41:54,962.29,0,0,0,0,0,0
BSEEVI.BSE_IDX,01/07/2025,10:42:02,962.31,0,0,0,0,0,0
BSEEVI.BSE_IDX,01/07/2025,10:42:10,962.32,0,0,0,0,0,0
BSEEVI.BSE_IDX,01/07/2025,10:42:18,962.38,0,0,0,0,0,0
BSEEVI.BSE_IDX,01/07/2025,10:42:26,962.31,0,0,0,0,0,0
BSEEVI.BSE_IDX,01/07/2025,10:42:34,962.39,0,0,0,0,0,0
BSEEVI.BSE_IDX,01/07/2025,10:42:42,962.26,0,0,0,0,0,0
BSEEVI.BSE_IDX,01/07/2025,10:42:50,962.33,0,0,0,0,0,0
BSEEVI.BSE_IDX,01/07/2025,10:42:58,962.27,0,0,0,0,0,0
BSEEVI.BSE_IDX,01/07/2025,10:43:06,962.34,0,0,0,0,0,0
BSEEVI.BSE_IDX,01/07/2025,10:43:14,962.36,0,0,0,0,0,0
BSEEVI.BSE_IDX,01/07/2025,10:43:22,962.31,0,0,0,0,0,0
BSEEVI.BSE_IDX,01/07/2025,10:43:30,962.36,0,0,0,0,0,0
BSEEVI.BSE_IDX,01/07/2025,10:43:38,962.23,0,0,0,0,0,0
BSEEVI.BSE_IDX,01/07/2025,10:43:46,962.18,0,0,0,0,0,0
BSEEVI.BSE_IDX,01/07/2025,10:43:54,962.23,0,0,0,0,0,0
BSEEVI.BSE_IDX,01/07/2025,10:44:02,962.15,0,0,0,0,0,0
BSEEVI.BSE_IDX,01/07/2025,10:44:10,962.18,0,0,0,0,0,0
BSEEVI.BSE_IDX,01/07/2025,10:44:18,962.19,0,0,0,0,0,0
BSEEVI.BSE_IDX,01/07/2025,10:44:26,962.02,0,0,0,0,0,0
BSEEVI.BSE_IDX,01/07/2025,10:44:34,962.04,0,0,0,0,0,0
BSEEVI.BSE_IDX,01/07/2025,10:44:42,962.04,0,0,0,0,0,0
BSEEVI.BSE_IDX,01/07/2025,10:44:50,962.05,0,0,0,0,0,0
BSEEVI.BSE_IDX,01/07/2025,10:44:58,961.8,0,0,0,0,0,0
BSEEVI.BSE_IDX,01/07/2025,10:45:07,961.74,0,0,0,0,0,0
BSEEVI.BSE_IDX,01/07/2025,10:45:14,961.66,0,0,0,0,0,0
BSEEVI.BSE_IDX,01/07/2025,10:45:22,961.66,0,0,0,0,0,0
BSEEVI.BSE_IDX,01/07/2025,10:45:30,961.63,0,0,0,0,0,0
BSEEVI.BSE_IDX,01/07/2025,10:45:38,961.55,0,0,0,0,0,0
BSEEVI.BSE_IDX,01/07/2025,10:45:46,961.56,0,0,0,0,0,0
BSEEVI.BSE_IDX,01/07/2025,10:45:54,961.55,0,0,0,0,0,0
BSEEVI.BSE_IDX,01/07/2025,10:46:02,961.65,0,0,0,0,0,0
BSEEVI.BSE_IDX,01/07/2025,10:46:10,961.5,0,0,0,0,0,0
BSEEVI.BSE_IDX,01/07/2025,10:46:18,961.37,0,0,0,0,0,0
BSEEVI.BSE_IDX,01/07/2025,10:46:26,961.4,0,0,0,0,0,0
BSEEVI.BSE_IDX,01/07/2025,10:46:34,961.35,0,0,0,0,0,0
BSEEVI.BSE_IDX,01/07/2025,10:46:42,961.42,0,0,0,0,0,0
BSEEVI.BSE_IDX,01/07/2025,10:46:50,961.48,0,0,0,0,0,0
BSEEVI.BSE_IDX,01/07/2025,10:46:58,961.44,0,0,0,0,0,0
BSEEVI.BSE_IDX,01/07/2025,10:47:06,961.45,0,0,0,0,0,0
BSEEVI.BSE_IDX,01/07/2025,10:47:14,961.41,0,0,0,0,0,0
BSEEVI.BSE_IDX,01/07/2025,10:47:22,961.45,0,0,0,0,0,0
BSEEVI.BSE_IDX,01/07/2025,10:47:30,961.51,0,0,0,0,0,0
BSEEVI.BSE_IDX,01/07/2025,10:47:38,961.49,0,0,0,0,0,0
BSEEVI.BSE_IDX,01/07/2025,10:47:46,961.6,0,0,0,0,0,0
BSEEVI.BSE_IDX,01/07/2025,10:47:54,961.62,0,0,0,0,0,0
BSEEVI.BSE_IDX,01/07/2025,10:48:02,961.65,0,0,0,0,0,0
BSEEVI.BSE_IDX,01/07/2025,10:48:10,961.64,0,0,0,0,0,0
BSEEVI.BSE_IDX,01/07/2025,10:48:18,961.67,0,0,0,0,0,0
BSEEVI.BSE_IDX,01/07/2025,10:48:26,961.74,0,0,0,0,0,0
BSEEVI.BSE_IDX,01/07/2025,10:48:34,961.77,0,0,0,0,0,0
BSEEVI.BSE_IDX,01/07/2025,10:48:42,961.71,0,0,0,0,0,0
BSEEVI.BSE_IDX,01/07/2025,10:48:50,961.63,0,0,0,0,0,0
BSEEVI.BSE_IDX,01/07/2025,10:48:58,961.54,0,0,0,0,0,0
BSEEVI.BSE_IDX,01/07/2025,10:49:06,961.54,0,0,0,0,0,0
BSEEVI.BSE_IDX,01/07/2025,10:49:14,961.55,0,0,0,0,0,0
BSEEVI.BSE_IDX,01/07/2025,10:49:22,961.34,0,0,0,0,0,0
BSEEVI.BSE_IDX,01/07/2025,10:49:30,961.41,0,0,0,0,0,0
BSEEVI.BSE_IDX,01/07/2025,10:49:38,961.25,0,0,0,0,0,0
BSEEVI.BSE_IDX,01/07/2025,10:49:46,961.31,0,0,0,0,0,0
BSEEVI.BSE_IDX,01/07/2025,10:49:54,961.29,0,0,0,0,0,0
BSEEVI.BSE_IDX,01/07/2025,10:50:02,961.15,0,0,0,0,0,0
BSEEVI.BSE_IDX,01/07/2025,10:50:10,961.07,0,0,0,0,0,0
BSEEVI.BSE_IDX,01/07/2025,10:50:18,961.19,0,0,0,0,0,0
BSEEVI.BSE_IDX,01/07/2025,10:50:26,961.14,0,0,0,0,0,0
BSEEVI.BSE_IDX,01/07/2025,10:50:34,961.1,0,0,0,0,0,0
BSEEVI.BSE_IDX,01/07/2025,10:50:42,961.11,0,0,0,0,0,0
BSEEVI.BSE_IDX,01/07/2025,10:50:50,961.11,0,0,0,0,0,0
BSEEVI.BSE_IDX,01/07/2025,10:50:58,961.08,0,0,0,0,0,0
BSEEVI.BSE_IDX,01/07/2025,10:51:06,961.07,0,0,0,0,0,0
BSEEVI.BSE_IDX,01/07/2025,10:51:14,961.1,0,0,0,0,0,0
BSEEVI.BSE_IDX,01/07/2025,10:51:22,961.14,0,0,0,0,0,0
BSEEVI.BSE_IDX,01/07/2025,10:51:30,961.07,0,0,0,0,0,0
BSEEVI.BSE_IDX,01/07/2025,10:51:38,960.94,0,0,0,0,0,0
BSEEVI.BSE_IDX,01/07/2025,10:51:46,960.97,0,0,0,0,0,0
BSEEVI.BSE_IDX,01/07/2025,10:51:54,960.79,0,0,0,0,0,0
BSEEVI.BSE_IDX,01/07/2025,10:52:02,960.64,0,0,0,0,0,0
BSEEVI.BSE_IDX,01/07/2025,10:52:10,960.68,0,0,0,0,0,0
BSEEVI.BSE_IDX,01/07/2025,10:52:18,960.7,0,0,0,0,0,0
BSEEVI.BSE_IDX,01/07/2025,10:52:26,960.63,0,0,0,0,0,0
BSEEVI.BSE_IDX,01/07/2025,10:52:34,960.63,0,0,0,0,0,0
BSEEVI.BSE_IDX,01/07/2025,10:52:43,960.4,0,0,0,0,0,0
BSEEVI.BSE_IDX,01/07/2025,10:52:50,960.34,0,0,0,0,0,0
BSEEVI.BSE_IDX,01/07/2025,10:52:58,960.18,0,0,0,0,0,0
BSEEVI.BSE_IDX,01/07/2025,10:53:06,960.23,0,0,0,0,0,0
BSEEVI.BSE_IDX,01/07/2025,10:53:14,960.19,0,0,0,0,0,0
BSEEVI.BSE_IDX,01/07/2025,10:53:22,960.28,0,0,0,0,0,0
BSEEVI.BSE_IDX,01/07/2025,10:53:30,960.31,0,0,0,0,0,0
BSEEVI.BSE_IDX,01/07/2025,10:53:38,960.4,0,0,0,0,0,0
BSEEVI.BSE_IDX,01/07/2025,10:53:46,960.35,0,0,0,0,0,0
BSEEVI.BSE_IDX,01/07/2025,10:53:54,960.25,0,0,0,0,0,0
BSEEVI.BSE_IDX,01/07/2025,10:54:02,960.45,0,0,0,0,0,0
BSEEVI.BSE_IDX,01/07/2025,10:54:10,960.51,0,0,0,0,0,0
BSEEVI.BSE_IDX,01/07/2025,10:54:18,960.49,0,0,0,0,0,0
BSEEVI.BSE_IDX,01/07/2025,10:54:26,960.37,0,0,0,0,0,0
BSEEVI.BSE_IDX,01/07/2025,10:54:34,960.52,0,0,0,0,0,0
BSEEVI.BSE_IDX,01/07/2025,10:54:42,960.63,0,0,0,0,0,0
BSEEVI.BSE_IDX,01/07/2025,10:54:51,960.51,0,0,0,0,0,0
BSEEVI.BSE_IDX,01/07/2025,10:54:58,960.41,0,0,0,0,0,0
BSEEVI.BSE_IDX,01/07/2025,10:55:06,960.35,0,0,0,0,0,0
BSEEVI.BSE_IDX,01/07/2025,10:55:14,960.32,0,0,0,0,0,0
BSEEVI.BSE_IDX,01/07/2025,10:55:22,960.39,0,0,0,0,0,0
BSEEVI.BSE_IDX,01/07/2025,10:55:30,960.52,0,0,0,0,0,0
BSEEVI.BSE_IDX,01/07/2025,10:55:38,960.47,0,0,0,0,0,0
BSEEVI.BSE_IDX,01/07/2025,10:55:46,960.55,0,0,0,0,0,0
BSEEVI.BSE_IDX,01/07/2025,10:55:54,960.38,0,0,0,0,0,0
BSEEVI.BSE_IDX,01/07/2025,10:56:02,960.31,0,0,0,0,0,0
BSEEVI.BSE_IDX,01/07/2025,10:56:10,960.23,0,0,0,0,0,0
BSEEVI.BSE_IDX,01/07/2025,10:56:18,960.23,0,0,0,0,0,0
BSEEVI.BSE_IDX,01/07/2025,10:56:26,960.13,0,0,0,0,0,0
BSEEVI.BSE_IDX,01/07/2025,10:56:34,960.09,0,0,0,0,0,0
BSEEVI.BSE_IDX,01/07/2025,10:56:42,960.04,0,0,0,0,0,0
BSEEVI.BSE_IDX,01/07/2025,10:56:50,960.08,0,0,0,0,0,0
BSEEVI.BSE_IDX,01/07/2025,10:56:58,960.02,0,0,0,0,0,0
BSEEVI.BSE_IDX,01/07/2025,10:57:06,960.01,0,0,0,0,0,0
BSEEVI.BSE_IDX,01/07/2025,10:57:14,959.8,0,0,0,0,0,0
BSEEVI.BSE_IDX,01/07/2025,10:57:22,959.77,0,0,0,0,0,0
BSEEVI.BSE_IDX,01/07/2025,10:57:30,959.76,0,0,0,0,0,0
BSEEVI.BSE_IDX,01/07/2025,10:57:39,959.88,0,0,0,0,0,0
BSEEVI.BSE_IDX,01/07/2025,10:57:46,959.85,0,0,0,0,0,0
BSEEVI.BSE_IDX,01/07/2025,10:57:54,959.77,0,0,0,0,0,0
BSEEVI.BSE_IDX,01/07/2025,10:58:02,959.74,0,0,0,0,0,0
BSEEVI.BSE_IDX,01/07/2025,10:58:10,959.96,0,0,0,0,0,0
BSEEVI.BSE_IDX,01/07/2025,10:58:18,959.9,0,0,0,0,0,0
BSEEVI.BSE_IDX,01/07/2025,10:58:26,959.88,0,0,0,0,0,0
BSEEVI.BSE_IDX,01/07/2025,10:58:34,959.96,0,0,0,0,0,0
BSEEVI.BSE_IDX,01/07/2025,10:58:42,959.97,0,0,0,0,0,0
BSEEVI.BSE_IDX,01/07/2025,10:58:50,959.98,0,0,0,0,0,0
BSEEVI.BSE_IDX,01/07/2025,10:58:58,960.04,0,0,0,0,0,0
BSEEVI.BSE_IDX,01/07/2025,10:59:06,960.07,0,0,0,0,0,0
BSEEVI.BSE_IDX,01/07/2025,10:59:14,960.08,0,0,0,0,0,0
BSEEVI.BSE_IDX,01/07/2025,10:59:22,960.01,0,0,0,0,0,0
BSEEVI.BSE_IDX,01/07/2025,10:59:30,960.01,0,0,0,0,0,0
BSEEVI.BSE_IDX,01/07/2025,10:59:38,960.02,0,0,0,0,0,0
BSEEVI.BSE_IDX,01/07/2025,10:59:47,959.96,0,0,0,0,0,0
BSEEVI.BSE_IDX,01/07/2025,10:59:55,959.85,0,0,0,0,0,0
BSEEVI.BSE_IDX,01/07/2025,11:00:03,959.88,0,0,0,0,0,0
BSEEVI.BSE_IDX,01/07/2025,11:00:11,959.75,0,0,0,0,0,0
BSEEVI.BSE_IDX,01/07/2025,11:00:18,959.83,0,0,0,0,0,0
BSEEVI.BSE_IDX,01/07/2025,11:00:26,959.8,0,0,0,0,0,0
BSEEVI.BSE_IDX,01/07/2025,11:00:34,959.82,0,0,0,0,0,0
BSEEVI.BSE_IDX,01/07/2025,11:00:42,959.84,0,0,0,0,0,0
BSEEVI.BSE_IDX,01/07/2025,11:00:50,959.82,0,0,0,0,0,0
BSEEVI.BSE_IDX,01/07/2025,11:00:58,959.82,0,0,0,0,0,0
BSEEVI.BSE_IDX,01/07/2025,11:01:06,959.88,0,0,0,0,0,0
BSEEVI.BSE_IDX,01/07/2025,11:01:15,959.89,0,0,0,0,0,0
BSEEVI.BSE_IDX,01/07/2025,11:01:22,959.92,0,0,0,0,0,0
BSEEVI.BSE_IDX,01/07/2025,11:01:30,959.89,0,0,0,0,0,0
BSEEVI.BSE_IDX,01/07/2025,11:01:38,959.79,0,0,0,0,0,0
BSEEVI.BSE_IDX,01/07/2025,11:01:46,959.69,0,0,0,0,0,0
BSEEVI.BSE_IDX,01/07/2025,11:01:54,959.7,0,0,0,0,0,0
BSEEVI.BSE_IDX,01/07/2025,11:02:02,959.83,0,0,0,0,0,0
BSEEVI.BSE_IDX,01/07/2025,11:02:10,959.81,0,0,0,0,0,0
BSEEVI.BSE_IDX,01/07/2025,11:02:18,959.86,0,0,0,0,0,0
BSEEVI.BSE_IDX,01/07/2025,11:02:27,959.87,0,0,0,0,0,0
BSEEVI.BSE_IDX,01/07/2025,11:02:34,959.85,0,0,0,0,0,0
BSEEVI.BSE_IDX,01/07/2025,11:02:42,959.94,0,0,0,0,0,0
BSEEVI.BSE_IDX,01/07/2025,11:02:51,959.95,0,0,0,0,0,0
BSEEVI.BSE_IDX,01/07/2025,11:02:58,959.73,0,0,0,0,0,0
BSEEVI.BSE_IDX,01/07/2025,11:03:06,959.68,0,0,0,0,0,0
BSEEVI.BSE_IDX,01/07/2025,11:03:14,959.66,0,0,0,0,0,0
BSEEVI.BSE_IDX,01/07/2025,11:03:22,959.76,0,0,0,0,0,0
BSEEVI.BSE_IDX,01/07/2025,11:03:31,959.69,0,0,0,0,0,0
BSEEVI.BSE_IDX,01/07/2025,11:03:38,959.61,0,0,0,0,0,0
BSEEVI.BSE_IDX,01/07/2025,11:03:46,959.67,0,0,0,0,0,0
BSEEVI.BSE_IDX,01/07/2025,11:03:54,959.65,0,0,0,0,0,0
BSEEVI.BSE_IDX,01/07/2025,11:04:02,959.67,0,0,0,0,0,0
BSEEVI.BSE_IDX,01/07/2025,11:04:10,959.54,0,0,0,0,0,0
BSEEVI.BSE_IDX,01/07/2025,11:04:18,959.48,0,0,0,0,0,0
BSEEVI.BSE_IDX,01/07/2025,11:04:27,959.51,0,0,0,0,0,0
BSEEVI.BSE_IDX,01/07/2025,11:04:34,959.55,0,0,0,0,0,0
BSEEVI.BSE_IDX,01/07/2025,11:04:42,959.71,0,0,0,0,0,0
BSEEVI.BSE_IDX,01/07/2025,11:04:51,959.76,0,0,0,0,0,0
BSEEVI.BSE_IDX,01/07/2025,11:04:58,959.67,0,0,0,0,0,0
BSEEVI.BSE_IDX,01/07/2025,11:05:06,959.71,0,0,0,0,0,0
BSEEVI.BSE_IDX,01/07/2025,11:05:14,959.81,0,0,0,0,0,0
BSEEVI.BSE_IDX,01/07/2025,11:05:22,959.83,0,0,0,0,0,0
BSEEVI.BSE_IDX,01/07/2025,11:05:30,959.98,0,0,0,0,0,0
BSEEVI.BSE_IDX,01/07/2025,11:05:38,960.11,0,0,0,0,0,0
BSEEVI.BSE_IDX,01/07/2025,11:05:46,960.13,0,0,0,0,0,0
BSEEVI.BSE_IDX,01/07/2025,11:05:54,960.15,0,0,0,0,0,0
BSEEVI.BSE_IDX,01/07/2025,11:06:02,960.27,0,0,0,0,0,0
BSEEVI.BSE_IDX,01/07/2025,11:06:11,960.43,0,0,0,0,0,0
BSEEVI.BSE_IDX,01/07/2025,11:06:19,960.4,0,0,0,0,0,0
BSEEVI.BSE_IDX,01/07/2025,11:06:26,960.42,0,0,0,0,0,0
BSEEVI.BSE_IDX,01/07/2025,11:06:34,960.35,0,0,0,0,0,0
BSEEVI.BSE_IDX,01/07/2025,11:06:42,960.31,0,0,0,0,0,0
BSEEVI.BSE_IDX,01/07/2025,11:06:50,960.41,0,0,0,0,0,0
BSEEVI.BSE_IDX,01/07/2025,11:06:58,960.35,0,0,0,0,0,0
BSEEVI.BSE_IDX,01/07/2025,11:07:06,960.39,0,0,0,0,0,0
BSEEVI.BSE_IDX,01/07/2025,11:07:15,960.65,0,0,0,0,0,0
BSEEVI.BSE_IDX,01/07/2025,11:07:22,960.64,0,0,0,0,0,0
BSEEVI.BSE_IDX,01/07/2025,11:07:30,960.68,0,0,0,0,0,0
BSEEVI.BSE_IDX,01/07/2025,11:07:38,960.82,0,0,0,0,0,0
BSEEVI.BSE_IDX,01/07/2025,11:07:46,960.78,0,0,0,0,0,0
BSEEVI.BSE_IDX,01/07/2025,11:07:54,960.79,0,0,0,0,0,0
BSEEVI.BSE_IDX,01/07/2025,11:08:02,960.85,0,0,0,0,0,0
BSEEVI.BSE_IDX,01/07/2025,11:08:11,960.91,0,0,0,0,0,0
BSEEVI.BSE_IDX,01/07/2025,11:08:18,960.94,0,0,0,0,0,0
BSEEVI.BSE_IDX,01/07/2025,11:08:27,960.96,0,0,0,0,0,0
BSEEVI.BSE_IDX,01/07/2025,11:08:35,960.95,0,0,0,0,0,0
BSEEVI.BSE_IDX,01/07/2025,11:08:43,961,0,0,0,0,0,0
BSEEVI.BSE_IDX,01/07/2025,11:08:51,961.04,0,0,0,0,0,0
BSEEVI.BSE_IDX,01/07/2025,11:08:58,961.04,0,0,0,0,0,0
BSEEVI.BSE_IDX,01/07/2025,11:09:07,961.05,0,0,0,0,0,0
BSEEVI.BSE_IDX,01/07/2025,11:09:15,961.04,0,0,0,0,0,0
BSEEVI.BSE_IDX,01/07/2025,11:09:23,960.91,0,0,0,0,0,0
BSEEVI.BSE_IDX,01/07/2025,11:09:31,960.93,0,0,0,0,0,0
BSEEVI.BSE_IDX,01/07/2025,11:09:39,961.03,0,0,0,0,0,0
BSEEVI.BSE_IDX,01/07/2025,11:09:46,961.06,0,0,0,0,0,0
BSEEVI.BSE_IDX,01/07/2025,11:09:55,960.96,0,0,0,0,0,0
BSEEVI.BSE_IDX,01/07/2025,11:10:03,960.86,0,0,0,0,0,0
BSEEVI.BSE_IDX,01/07/2025,11:10:11,961.01,0,0,0,0,0,0
BSEEVI.BSE_IDX,01/07/2025,11:10:19,961.01,0,0,0,0,0,0
BSEEVI.BSE_IDX,01/07/2025,11:10:27,960.99,0,0,0,0,0,0
BSEEVI.BSE_IDX,01/07/2025,11:10:35,960.96,0,0,0,0,0,0
BSEEVI.BSE_IDX,01/07/2025,11:10:43,961.11,0,0,0,0,0,0
BSEEVI.BSE_IDX,01/07/2025,11:10:51,961.28,0,0,0,0,0,0
BSEEVI.BSE_IDX,01/07/2025,11:10:59,961.3,0,0,0,0,0,0
BSEEVI.BSE_IDX,01/07/2025,11:11:07,961.29,0,0,0,0,0,0
BSEEVI.BSE_IDX,01/07/2025,11:11:15,961.27,0,0,0,0,0,0
BSEEVI.BSE_IDX,01/07/2025,11:11:23,961.29,0,0,0,0,0,0
BSEEVI.BSE_IDX,01/07/2025,11:11:31,961.15,0,0,0,0,0,0
BSEEVI.BSE_IDX,01/07/2025,11:11:39,961.12,0,0,0,0,0,0
BSEEVI.BSE_IDX,01/07/2025,11:11:47,961.09,0,0,0,0,0,0
BSEEVI.BSE_IDX,01/07/2025,11:11:55,961.12,0,0,0,0,0,0
BSEEVI.BSE_IDX,01/07/2025,11:12:03,961.32,0,0,0,0,0,0
BSEEVI.BSE_IDX,01/07/2025,11:12:11,961.33,0,0,0,0,0,0
BSEEVI.BSE_IDX,01/07/2025,11:12:19,961.28,0,0,0,0,0,0
BSEEVI.BSE_IDX,01/07/2025,11:12:27,961.3,0,0,0,0,0,0
BSEEVI.BSE_IDX,01/07/2025,11:12:35,961.39,0,0,0,0,0,0
BSEEVI.BSE_IDX,01/07/2025,11:12:43,961.45,0,0,0,0,0,0
BSEEVI.BSE_IDX,01/07/2025,11:12:51,961.48,0,0,0,0,0,0
BSEEVI.BSE_IDX,01/07/2025,11:12:59,961.49,0,0,0,0,0,0
BSEEVI.BSE_IDX,01/07/2025,11:13:07,961.45,0,0,0,0,0,0
BSEEVI.BSE_IDX,01/07/2025,11:13:16,961.48,0,0,0,0,0,0
BSEEVI.BSE_IDX,01/07/2025,11:13:23,961.55,0,0,0,0,0,0
BSEEVI.BSE_IDX,01/07/2025,11:13:31,961.58,0,0,0,0,0,0
BSEEVI.BSE_IDX,01/07/2025,11:13:39,961.75,0,0,0,0,0,0
BSEEVI.BSE_IDX,01/07/2025,11:13:47,961.79,0,0,0,0,0,0
BSEEVI.BSE_IDX,01/07/2025,11:13:55,961.92,0,0,0,0,0,0
BSEEVI.BSE_IDX,01/07/2025,11:14:03,961.85,0,0,0,0,0,0
BSEEVI.BSE_IDX,01/07/2025,11:14:11,961.8,0,0,0,0,0,0
BSEEVI.BSE_IDX,01/07/2025,11:14:19,961.9,0,0,0,0,0,0
BSEEVI.BSE_IDX,01/07/2025,11:14:27,961.96,0,0,0,0,0,0
BSEEVI.BSE_IDX,01/07/2025,11:14:35,962.06,0,0,0,0,0,0
BSEEVI.BSE_IDX,01/07/2025,11:14:43,962.14,0,0,0,0,0,0
BSEEVI.BSE_IDX,01/07/2025,11:14:51,962.24,0,0,0,0,0,0
BSEEVI.BSE_IDX,01/07/2025,11:14:59,962.25,0,0,0,0,0,0
BSEEVI.BSE_IDX,01/07/2025,11:15:07,962.19,0,0,0,0,0,0
BSEEVI.BSE_IDX,01/07/2025,11:15:15,962.1,0,0,0,0,0,0
BSEEVI.BSE_IDX,01/07/2025,11:15:23,962.21,0,0,0,0,0,0
BSEEVI.BSE_IDX,01/07/2025,11:15:31,962.14,0,0,0,0,0,0
BSEEVI.BSE_IDX,01/07/2025,11:15:39,962.06,0,0,0,0,0,0
BSEEVI.BSE_IDX,01/07/2025,11:15:47,962.08,0,0,0,0,0,0
BSEEVI.BSE_IDX,01/07/2025,11:15:56,962.13,0,0,0,0,0,0
BSEEVI.BSE_IDX,01/07/2025,11:16:03,962.02,0,0,0,0,0,0
BSEEVI.BSE_IDX,01/07/2025,11:16:11,961.97,0,0,0,0,0,0
BSEEVI.BSE_IDX,01/07/2025,11:16:19,962,0,0,0,0,0,0
BSEEVI.BSE_IDX,01/07/2025,11:16:27,961.95,0,0,0,0,0,0
BSEEVI.BSE_IDX,01/07/2025,11:16:35,961.93,0,0,0,0,0,0
BSEEVI.BSE_IDX,01/07/2025,11:16:43,961.89,0,0,0,0,0,0
BSEEVI.BSE_IDX,01/07/2025,11:16:51,962.01,0,0,0,0,0,0
BSEEVI.BSE_IDX,01/07/2025,11:16:59,961.88,0,0,0,0,0,0
BSEEVI.BSE_IDX,01/07/2025,11:17:07,961.95,0,0,0,0,0,0
BSEEVI.BSE_IDX,01/07/2025,11:17:15,962.06,0,0,0,0,0,0
BSEEVI.BSE_IDX,01/07/2025,11:17:23,962.1,0,0,0,0,0,0
BSEEVI.BSE_IDX,01/07/2025,11:17:31,962.19,0,0,0,0,0,0
BSEEVI.BSE_IDX,01/07/2025,11:17:39,962.25,0,0,0,0,0,0
BSEEVI.BSE_IDX,01/07/2025,11:17:47,962.55,0,0,0,0,0,0
BSEEVI.BSE_IDX,01/07/2025,11:17:57,962.61,0,0,0,0,0,0
BSEEVI.BSE_IDX,01/07/2025,11:18:03,962.75,0,0,0,0,0,0
BSEEVI.BSE_IDX,01/07/2025,11:18:11,962.75,0,0,0,0,0,0
BSEEVI.BSE_IDX,01/07/2025,11:18:19,962.72,0,0,0,0,0,0
BSEEVI.BSE_IDX,01/07/2025,11:18:27,962.69,0,0,0,0,0,0
BSEEVI.BSE_IDX,01/07/2025,11:18:35,962.84,0,0,0,0,0,0
BSEEVI.BSE_IDX,01/07/2025,11:18:44,962.86,0,0,0,0,0,0
BSEEVI.BSE_IDX,01/07/2025,11:18:51,962.81,0,0,0,0,0,0
BSEEVI.BSE_IDX,01/07/2025,11:18:59,962.7,0,0,0,0,0,0
BSEEVI.BSE_IDX,01/07/2025,11:19:08,962.67,0,0,0,0,0,0
BSEEVI.BSE_IDX,01/07/2025,11:19:15,962.63,0,0,0,0,0,0
BSEEVI.BSE_IDX,01/07/2025,11:19:23,962.65,0,0,0,0,0,0
BSEEVI.BSE_IDX,01/07/2025,11:19:31,962.49,0,0,0,0,0,0
BSEEVI.BSE_IDX,01/07/2025,11:19:39,962.43,0,0,0,0,0,0
BSEEVI.BSE_IDX,01/07/2025,11:19:47,962.38,0,0,0,0,0,0
BSEEVI.BSE_IDX,01/07/2025,11:19:55,962.02,0,0,0,0,0,0
BSEEVI.BSE_IDX,01/07/2025,11:20:03,961.9,0,0,0,0,0,0
BSEEVI.BSE_IDX,01/07/2025,11:20:11,961.97,0,0,0,0,0,0
BSEEVI.BSE_IDX,01/07/2025,11:20:19,961.97,0,0,0,0,0,0
BSEEVI.BSE_IDX,01/07/2025,11:20:27,961.93,0,0,0,0,0,0
BSEEVI.BSE_IDX,01/07/2025,11:20:35,962.02,0,0,0,0,0,0
BSEEVI.BSE_IDX,01/07/2025,11:20:43,961.87,0,0,0,0,0,0
BSEEVI.BSE_IDX,01/07/2025,11:20:51,961.91,0,0,0,0,0,0
BSEEVI.BSE_IDX,01/07/2025,11:20:59,962.02,0,0,0,0,0,0
BSEEVI.BSE_IDX,01/07/2025,11:21:07,961.85,0,0,0,0,0,0
BSEEVI.BSE_IDX,01/07/2025,11:21:15,961.94,0,0,0,0,0,0
BSEEVI.BSE_IDX,01/07/2025,11:21:24,962.13,0,0,0,0,0,0
BSEEVI.BSE_IDX,01/07/2025,11:21:31,962.03,0,0,0,0,0,0
BSEEVI.BSE_IDX,01/07/2025,11:21:39,961.98,0,0,0,0,0,0
BSEEVI.BSE_IDX,01/07/2025,11:21:47,962.18,0,0,0,0,0,0
BSEEVI.BSE_IDX,01/07/2025,11:21:56,962.14,0,0,0,0,0,0
BSEEVI.BSE_IDX,01/07/2025,11:22:03,962.21,0,0,0,0,0,0
BSEEVI.BSE_IDX,01/07/2025,11:22:11,962.23,0,0,0,0,0,0
BSEEVI.BSE_IDX,01/07/2025,11:22:19,962.12,0,0,0,0,0,0
BSEEVI.BSE_IDX,01/07/2025,11:22:28,962.12,0,0,0,0,0,0
BSEEVI.BSE_IDX,01/07/2025,11:22:35,962.14,0,0,0,0,0,0
BSEEVI.BSE_IDX,01/07/2025,11:22:43,962.17,0,0,0,0,0,0
BSEEVI.BSE_IDX,01/07/2025,11:22:51,962.11,0,0,0,0,0,0
BSEEVI.BSE_IDX,01/07/2025,11:22:59,962.23,0,0,0,0,0,0
BSEEVI.BSE_IDX,01/07/2025,11:23:07,962.2,0,0,0,0,0,0
BSEEVI.BSE_IDX,01/07/2025,11:23:15,962.14,0,0,0,0,0,0
BSEEVI.BSE_IDX,01/07/2025,11:23:23,962.07,0,0,0,0,0,0
BSEEVI.BSE_IDX,01/07/2025,11:23:31,962.03,0,0,0,0,0,0
BSEEVI.BSE_IDX,01/07/2025,11:23:39,962.07,0,0,0,0,0,0
BSEEVI.BSE_IDX,01/07/2025,11:23:47,962.09,0,0,0,0,0,0
BSEEVI.BSE_IDX,01/07/2025,11:23:55,962.23,0,0,0,0,0,0
BSEEVI.BSE_IDX,01/07/2025,11:24:04,962.23,0,0,0,0,0,0
BSEEVI.BSE_IDX,01/07/2025,11:24:11,962.19,0,0,0,0,0,0
BSEEVI.BSE_IDX,01/07/2025,11:24:19,962.2,0,0,0,0,0,0
BSEEVI.BSE_IDX,01/07/2025,11:24:27,962.21,0,0,0,0,0,0
BSEEVI.BSE_IDX,01/07/2025,11:24:35,962.21,0,0,0,0,0,0
BSEEVI.BSE_IDX,01/07/2025,11:24:43,962.2,0,0,0,0,0,0
BSEEVI.BSE_IDX,01/07/2025,11:24:52,962.11,0,0,0,0,0,0
BSEEVI.BSE_IDX,01/07/2025,11:25:00,962.25,0,0,0,0,0,0
BSEEVI.BSE_IDX,01/07/2025,11:25:07,962.22,0,0,0,0,0,0
BSEEVI.BSE_IDX,01/07/2025,11:25:15,962.23,0,0,0,0,0,0
BSEEVI.BSE_IDX,01/07/2025,11:25:23,962.13,0,0,0,0,0,0
BSEEVI.BSE_IDX,01/07/2025,11:25:31,962.11,0,0,0,0,0,0
BSEEVI.BSE_IDX,01/07/2025,11:25:41,962.18,0,0,0,0,0,0
BSEEVI.BSE_IDX,01/07/2025,11:25:47,962.06,0,0,0,0,0,0
BSEEVI.BSE_IDX,01/07/2025,11:25:55,961.93,0,0,0,0,0,0
BSEEVI.BSE_IDX,01/07/2025,11:26:03,961.91,0,0,0,0,0,0
BSEEVI.BSE_IDX,01/07/2025,11:26:11,961.9,0,0,0,0,0,0
BSEEVI.BSE_IDX,01/07/2025,11:26:19,961.96,0,0,0,0,0,0
BSEEVI.BSE_IDX,01/07/2025,11:26:27,961.91,0,0,0,0,0,0
BSEEVI.BSE_IDX,01/07/2025,11:26:35,961.9,0,0,0,0,0,0
BSEEVI.BSE_IDX,01/07/2025,11:26:43,961.87,0,0,0,0,0,0
BSEEVI.BSE_IDX,01/07/2025,11:26:51,961.88,0,0,0,0,0,0
BSEEVI.BSE_IDX,01/07/2025,11:26:59,961.9,0,0,0,0,0,0
BSEEVI.BSE_IDX,01/07/2025,11:27:07,961.91,0,0,0,0,0,0
BSEEVI.BSE_IDX,01/07/2025,11:27:15,962.06,0,0,0,0,0,0
BSEEVI.BSE_IDX,01/07/2025,11:27:23,962.08,0,0,0,0,0,0
BSEEVI.BSE_IDX,01/07/2025,11:27:31,962.12,0,0,0,0,0,0
BSEEVI.BSE_IDX,01/07/2025,11:27:39,962.04,0,0,0,0,0,0
BSEEVI.BSE_IDX,01/07/2025,11:27:47,961.98,0,0,0,0,0,0
BSEEVI.BSE_IDX,01/07/2025,11:27:55,962.16,0,0,0,0,0,0
BSEEVI.BSE_IDX,01/07/2025,11:28:03,962.06,0,0,0,0,0,0
BSEEVI.BSE_IDX,01/07/2025,11:28:11,962.12,0,0,0,0,0,0
BSEEVI.BSE_IDX,01/07/2025,11:28:19,962.08,0,0,0,0,0,0
BSEEVI.BSE_IDX,01/07/2025,11:28:27,962.07,0,0,0,0,0,0
BSEEVI.BSE_IDX,01/07/2025,11:28:36,962.08,0,0,0,0,0,0
BSEEVI.BSE_IDX,01/07/2025,11:28:43,962.03,0,0,0,0,0,0
BSEEVI.BSE_IDX,01/07/2025,11:28:51,962.01,0,0,0,0,0,0
BSEEVI.BSE_IDX,01/07/2025,11:28:59,962.05,0,0,0,0,0,0
BSEEVI.BSE_IDX,01/07/2025,11:29:07,961.96,0,0,0,0,0,0
BSEEVI.BSE_IDX,01/07/2025,11:29:16,961.95,0,0,0,0,0,0
BSEEVI.BSE_IDX,01/07/2025,11:29:24,962.01,0,0,0,0,0,0
BSEEVI.BSE_IDX,01/07/2025,11:29:31,962.1,0,0,0,0,0,0
BSEEVI.BSE_IDX,01/07/2025,11:29:39,962.16,0,0,0,0,0,0
BSEEVI.BSE_IDX,01/07/2025,11:29:47,962.13,0,0,0,0,0,0
BSEEVI.BSE_IDX,01/07/2025,11:29:55,962.16,0,0,0,0,0,0
BSEEVI.BSE_IDX,01/07/2025,11:30:03,962.35,0,0,0,0,0,0
BSEEVI.BSE_IDX,01/07/2025,11:30:11,962.34,0,0,0,0,0,0
BSEEVI.BSE_IDX,01/07/2025,11:30:19,962.34,0,0,0,0,0,0
BSEEVI.BSE_IDX,01/07/2025,11:30:27,962.27,0,0,0,0,0,0
BSEEVI.BSE_IDX,01/07/2025,11:30:35,962.32,0,0,0,0,0,0
BSEEVI.BSE_IDX,01/07/2025,11:30:43,962.4,0,0,0,0,0,0
BSEEVI.BSE_IDX,01/07/2025,11:30:51,962.34,0,0,0,0,0,0
BSEEVI.BSE_IDX,01/07/2025,11:30:59,962.36,0,0,0,0,0,0
BSEEVI.BSE_IDX,01/07/2025,11:31:07,962.4,0,0,0,0,0,0
BSEEVI.BSE_IDX,01/07/2025,11:31:15,962.28,0,0,0,0,0,0
BSEEVI.BSE_IDX,01/07/2025,11:31:23,962.2,0,0,0,0,0,0
BSEEVI.BSE_IDX,01/07/2025,11:31:31,962.18,0,0,0,0,0,0
BSEEVI.BSE_IDX,01/07/2025,11:31:39,962.17,0,0,0,0,0,0
BSEEVI.BSE_IDX,01/07/2025,11:31:47,962.16,0,0,0,0,0,0
BSEEVI.BSE_IDX,01/07/2025,11:31:55,962.17,0,0,0,0,0,0
BSEEVI.BSE_IDX,01/07/2025,11:32:04,962.2,0,0,0,0,0,0
BSEEVI.BSE_IDX,01/07/2025,11:32:11,962.06,0,0,0,0,0,0
BSEEVI.BSE_IDX,01/07/2025,11:32:19,962.02,0,0,0,0,0,0
BSEEVI.BSE_IDX,01/07/2025,11:32:27,961.96,0,0,0,0,0,0
BSEEVI.BSE_IDX,01/07/2025,11:32:35,961.92,0,0,0,0,0,0
BSEEVI.BSE_IDX,01/07/2025,11:32:43,961.93,0,0,0,0,0,0
BSEEVI.BSE_IDX,01/07/2025,11:32:51,961.95,0,0,0,0,0,0
BSEEVI.BSE_IDX,01/07/2025,11:32:59,961.88,0,0,0,0,0,0
BSEEVI.BSE_IDX,01/07/2025,11:33:07,961.74,0,0,0,0,0,0
BSEEVI.BSE_IDX,01/07/2025,11:33:15,961.73,0,0,0,0,0,0
BSEEVI.BSE_IDX,01/07/2025,11:33:23,961.71,0,0,0,0,0,0
BSEEVI.BSE_IDX,01/07/2025,11:33:31,961.7,0,0,0,0,0,0
BSEEVI.BSE_IDX,01/07/2025,11:33:39,961.79,0,0,0,0,0,0
BSEEVI.BSE_IDX,01/07/2025,11:33:47,961.84,0,0,0,0,0,0
BSEEVI.BSE_IDX,01/07/2025,11:33:55,961.78,0,0,0,0,0,0
BSEEVI.BSE_IDX,01/07/2025,11:34:03,961.76,0,0,0,0,0,0
BSEEVI.BSE_IDX,01/07/2025,11:34:12,961.84,0,0,0,0,0,0
BSEEVI.BSE_IDX,01/07/2025,11:34:19,961.8,0,0,0,0,0,0
BSEEVI.BSE_IDX,01/07/2025,11:34:27,961.82,0,0,0,0,0,0
BSEEVI.BSE_IDX,01/07/2025,11:34:35,961.7,0,0,0,0,0,0
BSEEVI.BSE_IDX,01/07/2025,11:34:43,961.79,0,0,0,0,0,0
BSEEVI.BSE_IDX,01/07/2025,11:34:51,961.78,0,0,0,0,0,0
BSEEVI.BSE_IDX,01/07/2025,11:34:59,961.67,0,0,0,0,0,0
BSEEVI.BSE_IDX,01/07/2025,11:35:07,961.58,0,0,0,0,0,0
BSEEVI.BSE_IDX,01/07/2025,11:35:16,961.74,0,0,0,0,0,0
BSEEVI.BSE_IDX,01/07/2025,11:35:23,961.69,0,0,0,0,0,0
BSEEVI.BSE_IDX,01/07/2025,11:35:32,961.69,0,0,0,0,0,0
BSEEVI.BSE_IDX,01/07/2025,11:35:39,961.98,0,0,0,0,0,0
BSEEVI.BSE_IDX,01/07/2025,11:35:47,962.02,0,0,0,0,0,0
BSEEVI.BSE_IDX,01/07/2025,11:35:55,962.11,0,0,0,0,0,0
BSEEVI.BSE_IDX,01/07/2025,11:36:04,962.08,0,0,0,0,0,0
BSEEVI.BSE_IDX,01/07/2025,11:36:11,962.04,0,0,0,0,0,0
BSEEVI.BSE_IDX,01/07/2025,11:36:19,962.05,0,0,0,0,0,0
BSEEVI.BSE_IDX,01/07/2025,11:36:28,962.02,0,0,0,0,0,0
BSEEVI.BSE_IDX,01/07/2025,11:36:35,962.08,0,0,0,0,0,0
BSEEVI.BSE_IDX,01/07/2025,11:36:43,962.11,0,0,0,0,0,0
BSEEVI.BSE_IDX,01/07/2025,11:36:54,962.12,0,0,0,0,0,0
BSEEVI.BSE_IDX,01/07/2025,11:36:59,962.08,0,0,0,0,0,0
BSEEVI.BSE_IDX,01/07/2025,11:37:07,962.09,0,0,0,0,0,0
BSEEVI.BSE_IDX,01/07/2025,11:37:15,962.08,0,0,0,0,0,0
BSEEVI.BSE_IDX,01/07/2025,11:37:23,961.99,0,0,0,0,0,0
BSEEVI.BSE_IDX,01/07/2025,11:37:31,961.98,0,0,0,0,0,0
BSEEVI.BSE_IDX,01/07/2025,11:37:41,962.03,0,0,0,0,0,0
BSEEVI.BSE_IDX,01/07/2025,11:37:47,962.12,0,0,0,0,0,0
BSEEVI.BSE_IDX,01/07/2025,11:37:55,962.1,0,0,0,0,0,0
BSEEVI.BSE_IDX,01/07/2025,11:38:03,962.14,0,0,0,0,0,0
BSEEVI.BSE_IDX,01/07/2025,11:38:11,962.17,0,0,0,0,0,0
BSEEVI.BSE_IDX,01/07/2025,11:38:20,962.2,0,0,0,0,0,0
BSEEVI.BSE_IDX,01/07/2025,11:38:27,962.19,0,0,0,0,0,0
BSEEVI.BSE_IDX,01/07/2025,11:38:35,962.23,0,0,0,0,0,0
BSEEVI.BSE_IDX,01/07/2025,11:38:43,962.18,0,0,0,0,0,0
BSEEVI.BSE_IDX,01/07/2025,11:38:51,962.23,0,0,0,0,0,0
BSEEVI.BSE_IDX,01/07/2025,11:38:59,962.24,0,0,0,0,0,0
BSEEVI.BSE_IDX,01/07/2025,11:39:07,962.28,0,0,0,0,0,0
BSEEVI.BSE_IDX,01/07/2025,11:39:16,962.28,0,0,0,0,0,0
BSEEVI.BSE_IDX,01/07/2025,11:39:23,962.37,0,0,0,0,0,0
BSEEVI.BSE_IDX,01/07/2025,11:39:31,962.29,0,0,0,0,0,0
BSEEVI.BSE_IDX,01/07/2025,11:39:39,962.18,0,0,0,0,0,0
BSEEVI.BSE_IDX,01/07/2025,11:39:47,962.26,0,0,0,0,0,0
BSEEVI.BSE_IDX,01/07/2025,11:39:55,962.2,0,0,0,0,0,0
BSEEVI.BSE_IDX,01/07/2025,11:40:03,962.31,0,0,0,0,0,0
BSEEVI.BSE_IDX,01/07/2025,11:40:11,962.28,0,0,0,0,0,0
BSEEVI.BSE_IDX,01/07/2025,11:40:19,962.19,0,0,0,0,0,0
BSEEVI.BSE_IDX,01/07/2025,11:40:27,962.18,0,0,0,0,0,0
BSEEVI.BSE_IDX,01/07/2025,11:40:35,962.18,0,0,0,0,0,0
BSEEVI.BSE_IDX,01/07/2025,11:40:43,962.18,0,0,0,0,0,0
BSEEVI.BSE_IDX,01/07/2025,11:40:51,962.18,0,0,0,0,0,0
BSEEVI.BSE_IDX,01/07/2025,11:41:00,962.17,0,0,0,0,0,0
BSEEVI.BSE_IDX,01/07/2025,11:41:07,962.28,0,0,0,0,0,0
BSEEVI.BSE_IDX,01/07/2025,11:41:15,962.25,0,0,0,0,0,0
BSEEVI.BSE_IDX,01/07/2025,11:41:24,962.32,0,0,0,0,0,0
BSEEVI.BSE_IDX,01/07/2025,11:41:32,962.27,0,0,0,0,0,0
BSEEVI.BSE_IDX,01/07/2025,11:41:39,962.32,0,0,0,0,0,0
BSEEVI.BSE_IDX,01/07/2025,11:41:48,962.36,0,0,0,0,0,0
BSEEVI.BSE_IDX,01/07/2025,11:41:56,962.33,0,0,0,0,0,0
BSEEVI.BSE_IDX,01/07/2025,11:42:04,962.36,0,0,0,0,0,0
BSEEVI.BSE_IDX,01/07/2025,11:42:12,962.41,0,0,0,0,0,0
BSEEVI.BSE_IDX,01/07/2025,11:42:20,962.51,0,0,0,0,0,0
BSEEVI.BSE_IDX,01/07/2025,11:42:28,962.53,0,0,0,0,0,0
BSEEVI.BSE_IDX,01/07/2025,11:42:36,962.55,0,0,0,0,0,0
BSEEVI.BSE_IDX,01/07/2025,11:42:44,962.62,0,0,0,0,0,0
BSEEVI.BSE_IDX,01/07/2025,11:42:52,962.58,0,0,0,0,0,0
BSEEVI.BSE_IDX,01/07/2025,11:43:00,962.63,0,0,0,0,0,0
BSEEVI.BSE_IDX,01/07/2025,11:43:08,962.72,0,0,0,0,0,0
BSEEVI.BSE_IDX,01/07/2025,11:43:16,962.63,0,0,0,0,0,0
BSEEVI.BSE_IDX,01/07/2025,11:43:24,962.71,0,0,0,0,0,0
BSEEVI.BSE_IDX,01/07/2025,11:43:32,962.66,0,0,0,0,0,0
BSEEVI.BSE_IDX,01/07/2025,11:43:40,962.7,0,0,0,0,0,0
BSEEVI.BSE_IDX,01/07/2025,11:43:48,962.64,0,0,0,0,0,0
BSEEVI.BSE_IDX,01/07/2025,11:43:56,962.61,0,0,0,0,0,0
BSEEVI.BSE_IDX,01/07/2025,11:44:04,962.54,0,0,0,0,0,0
BSEEVI.BSE_IDX,01/07/2025,11:44:12,962.58,0,0,0,0,0,0
BSEEVI.BSE_IDX,01/07/2025,11:44:20,962.69,0,0,0,0,0,0
BSEEVI.BSE_IDX,01/07/2025,11:44:28,962.63,0,0,0,0,0,0
BSEEVI.BSE_IDX,01/07/2025,11:44:36,962.57,0,0,0,0,0,0
BSEEVI.BSE_IDX,01/07/2025,11:44:44,962.59,0,0,0,0,0,0
BSEEVI.BSE_IDX,01/07/2025,11:44:52,962.61,0,0,0,0,0,0
BSEEVI.BSE_IDX,01/07/2025,11:45:00,962.54,0,0,0,0,0,0
BSEEVI.BSE_IDX,01/07/2025,11:45:08,962.57,0,0,0,0,0,0
BSEEVI.BSE_IDX,01/07/2025,11:45:16,962.56,0,0,0,0,0,0
BSEEVI.BSE_IDX,01/07/2025,11:45:24,962.57,0,0,0,0,0,0
BSEEVI.BSE_IDX,01/07/2025,11:45:32,962.58,0,0,0,0,0,0
BSEEVI.BSE_IDX,01/07/2025,11:45:40,962.52,0,0,0,0,0,0
BSEEVI.BSE_IDX,01/07/2025,11:45:48,962.49,0,0,0,0,0,0
BSEEVI.BSE_IDX,01/07/2025,11:45:56,962.55,0,0,0,0,0,0
BSEEVI.BSE_IDX,01/07/2025,11:46:04,962.56,0,0,0,0,0,0
BSEEVI.BSE_IDX,01/07/2025,11:46:12,962.6,0,0,0,0,0,0
BSEEVI.BSE_IDX,01/07/2025,11:46:20,962.43,0,0,0,0,0,0
BSEEVI.BSE_IDX,01/07/2025,11:46:28,962.5,0,0,0,0,0,0
BSEEVI.BSE_IDX,01/07/2025,11:46:36,962.55,0,0,0,0,0,0
BSEEVI.BSE_IDX,01/07/2025,11:46:44,962.51,0,0,0,0,0,0
BSEEVI.BSE_IDX,01/07/2025,11:46:52,962.57,0,0,0,0,0,0
BSEEVI.BSE_IDX,01/07/2025,11:47:00,962.52,0,0,0,0,0,0
BSEEVI.BSE_IDX,01/07/2025,11:47:08,962.49,0,0,0,0,0,0
BSEEVI.BSE_IDX,01/07/2025,11:47:16,962.49,0,0,0,0,0,0
BSEEVI.BSE_IDX,01/07/2025,11:47:24,962.48,0,0,0,0,0,0
BSEEVI.BSE_IDX,01/07/2025,11:47:32,962.51,0,0,0,0,0,0
BSEEVI.BSE_IDX,01/07/2025,11:47:40,962.58,0,0,0,0,0,0
BSEEVI.BSE_IDX,01/07/2025,11:47:48,962.58,0,0,0,0,0,0
BSEEVI.BSE_IDX,01/07/2025,11:47:56,962.51,0,0,0,0,0,0
BSEEVI.BSE_IDX,01/07/2025,11:48:04,962.7,0,0,0,0,0,0
BSEEVI.BSE_IDX,01/07/2025,11:48:12,962.73,0,0,0,0,0,0
BSEEVI.BSE_IDX,01/07/2025,11:48:20,962.78,0,0,0,0,0,0
BSEEVI.BSE_IDX,01/07/2025,11:48:28,962.74,0,0,0,0,0,0
BSEEVI.BSE_IDX,01/07/2025,11:48:36,962.81,0,0,0,0,0,0
BSEEVI.BSE_IDX,01/07/2025,11:48:44,962.78,0,0,0,0,0,0
BSEEVI.BSE_IDX,01/07/2025,11:48:52,962.89,0,0,0,0,0,0
BSEEVI.BSE_IDX,01/07/2025,11:49:01,962.83,0,0,0,0,0,0
BSEEVI.BSE_IDX,01/07/2025,11:49:09,962.82,0,0,0,0,0,0
BSEEVI.BSE_IDX,01/07/2025,11:49:16,962.91,0,0,0,0,0,0
BSEEVI.BSE_IDX,01/07/2025,11:49:24,962.84,0,0,0,0,0,0
BSEEVI.BSE_IDX,01/07/2025,11:49:32,962.84,0,0,0,0,0,0
BSEEVI.BSE_IDX,01/07/2025,11:49:40,962.78,0,0,0,0,0,0
BSEEVI.BSE_IDX,01/07/2025,11:49:49,962.78,0,0,0,0,0,0
BSEEVI.BSE_IDX,01/07/2025,11:49:56,962.73,0,0,0,0,0,0
BSEEVI.BSE_IDX,01/07/2025,11:50:04,962.74,0,0,0,0,0,0
BSEEVI.BSE_IDX,01/07/2025,11:50:12,962.57,0,0,0,0,0,0
BSEEVI.BSE_IDX,01/07/2025,11:50:20,962.59,0,0,0,0,0,0
BSEEVI.BSE_IDX,01/07/2025,11:50:28,962.5,0,0,0,0,0,0
BSEEVI.BSE_IDX,01/07/2025,11:50:36,962.5,0,0,0,0,0,0
BSEEVI.BSE_IDX,01/07/2025,11:50:44,962.55,0,0,0,0,0,0
BSEEVI.BSE_IDX,01/07/2025,11:50:52,962.6,0,0,0,0,0,0
BSEEVI.BSE_IDX,01/07/2025,11:51:00,962.51,0,0,0,0,0,0
BSEEVI.BSE_IDX,01/07/2025,11:51:08,962.5,0,0,0,0,0,0
BSEEVI.BSE_IDX,01/07/2025,11:51:16,962.52,0,0,0,0,0,0
BSEEVI.BSE_IDX,01/07/2025,11:51:24,962.44,0,0,0,0,0,0
BSEEVI.BSE_IDX,01/07/2025,11:51:32,962.4,0,0,0,0,0,0
BSEEVI.BSE_IDX,01/07/2025,11:51:40,962.42,0,0,0,0,0,0
BSEEVI.BSE_IDX,01/07/2025,11:51:48,962.36,0,0,0,0,0,0
BSEEVI.BSE_IDX,01/07/2025,11:51:56,962.33,0,0,0,0,0,0
BSEEVI.BSE_IDX,01/07/2025,11:52:04,962.33,0,0,0,0,0,0
BSEEVI.BSE_IDX,01/07/2025,11:52:12,962.25,0,0,0,0,0,0
BSEEVI.BSE_IDX,01/07/2025,11:52:20,962.37,0,0,0,0,0,0
BSEEVI.BSE_IDX,01/07/2025,11:52:28,962.4,0,0,0,0,0,0
BSEEVI.BSE_IDX,01/07/2025,11:52:36,962.4,0,0,0,0,0,0
BSEEVI.BSE_IDX,01/07/2025,11:52:44,962.22,0,0,0,0,0,0
BSEEVI.BSE_IDX,01/07/2025,11:52:52,962.22,0,0,0,0,0,0
BSEEVI.BSE_IDX,01/07/2025,11:53:00,961.97,0,0,0,0,0,0
BSEEVI.BSE_IDX,01/07/2025,11:53:08,961.86,0,0,0,0,0,0
BSEEVI.BSE_IDX,01/07/2025,11:53:16,961.82,0,0,0,0,0,0
BSEEVI.BSE_IDX,01/07/2025,11:53:24,961.84,0,0,0,0,0,0
BSEEVI.BSE_IDX,01/07/2025,11:53:32,961.82,0,0,0,0,0,0
BSEEVI.BSE_IDX,01/07/2025,11:53:40,961.88,0,0,0,0,0,0
BSEEVI.BSE_IDX,01/07/2025,11:53:48,961.83,0,0,0,0,0,0
BSEEVI.BSE_IDX,01/07/2025,11:53:56,961.84,0,0,0,0,0,0
BSEEVI.BSE_IDX,01/07/2025,11:54:04,961.76,0,0,0,0,0,0
BSEEVI.BSE_IDX,01/07/2025,11:54:12,961.72,0,0,0,0,0,0
BSEEVI.BSE_IDX,01/07/2025,11:54:20,961.63,0,0,0,0,0,0
BSEEVI.BSE_IDX,01/07/2025,11:54:28,961.65,0,0,0,0,0,0
BSEEVI.BSE_IDX,01/07/2025,11:54:36,961.62,0,0,0,0,0,0
BSEEVI.BSE_IDX,01/07/2025,11:54:44,961.49,0,0,0,0,0,0
BSEEVI.BSE_IDX,01/07/2025,11:54:52,961.4,0,0,0,0,0,0
BSEEVI.BSE_IDX,01/07/2025,11:55:00,961.5,0,0,0,0,0,0
BSEEVI.BSE_IDX,01/07/2025,11:55:08,961.54,0,0,0,0,0,0
BSEEVI.BSE_IDX,01/07/2025,11:55:17,961.49,0,0,0,0,0,0
BSEEVI.BSE_IDX,01/07/2025,11:55:24,961.6,0,0,0,0,0,0
BSEEVI.BSE_IDX,01/07/2025,11:55:32,961.67,0,0,0,0,0,0
BSEEVI.BSE_IDX,01/07/2025,11:55:40,961.77,0,0,0,0,0,0
BSEEVI.BSE_IDX,01/07/2025,11:55:48,961.7,0,0,0,0,0,0
BSEEVI.BSE_IDX,01/07/2025,11:55:56,961.8,0,0,0,0,0,0
BSEEVI.BSE_IDX,01/07/2025,11:56:05,961.81,0,0,0,0,0,0
BSEEVI.BSE_IDX,01/07/2025,11:56:12,961.66,0,0,0,0,0,0
BSEEVI.BSE_IDX,01/07/2025,11:56:20,961.6,0,0,0,0,0,0
BSEEVI.BSE_IDX,01/07/2025,11:56:28,961.52,0,0,0,0,0,0
BSEEVI.BSE_IDX,01/07/2025,11:56:36,961.4,0,0,0,0,0,0
BSEEVI.BSE_IDX,01/07/2025,11:56:44,961.47,0,0,0,0,0,0
BSEEVI.BSE_IDX,01/07/2025,11:56:52,961.51,0,0,0,0,0,0
BSEEVI.BSE_IDX,01/07/2025,11:57:00,961.48,0,0,0,0,0,0
BSEEVI.BSE_IDX,01/07/2025,11:57:08,961.37,0,0,0,0,0,0
BSEEVI.BSE_IDX,01/07/2025,11:57:16,961.36,0,0,0,0,0,0
BSEEVI.BSE_IDX,01/07/2025,11:57:24,961.37,0,0,0,0,0,0
BSEEVI.BSE_IDX,01/07/2025,11:57:32,961.38,0,0,0,0,0,0
BSEEVI.BSE_IDX,01/07/2025,11:57:40,961.43,0,0,0,0,0,0
BSEEVI.BSE_IDX,01/07/2025,11:57:48,961.41,0,0,0,0,0,0
BSEEVI.BSE_IDX,01/07/2025,11:57:56,961.31,0,0,0,0,0,0
BSEEVI.BSE_IDX,01/07/2025,11:58:04,961.39,0,0,0,0,0,0
BSEEVI.BSE_IDX,01/07/2025,11:58:12,961.39,0,0,0,0,0,0
BSEEVI.BSE_IDX,01/07/2025,11:58:20,961.37,0,0,0,0,0,0
BSEEVI.BSE_IDX,01/07/2025,11:58:28,961.35,0,0,0,0,0,0
BSEEVI.BSE_IDX,01/07/2025,11:58:36,961.33,0,0,0,0,0,0
BSEEVI.BSE_IDX,01/07/2025,11:58:44,961.45,0,0,0,0,0,0
BSEEVI.BSE_IDX,01/07/2025,11:58:52,961.48,0,0,0,0,0,0
BSEEVI.BSE_IDX,01/07/2025,11:59:00,961.48,0,0,0,0,0,0
BSEEVI.BSE_IDX,01/07/2025,11:59:08,961.47,0,0,0,0,0,0
BSEEVI.BSE_IDX,01/07/2025,11:59:16,961.48,0,0,0,0,0,0
BSEEVI.BSE_IDX,01/07/2025,11:59:24,961.48,0,0,0,0,0,0
BSEEVI.BSE_IDX,01/07/2025,11:59:32,961.65,0,0,0,0,0,0
BSEEVI.BSE_IDX,01/07/2025,11:59:40,961.85,0,0,0,0,0,0
BSEEVI.BSE_IDX,01/07/2025,11:59:48,961.87,0,0,0,0,0,0
BSEEVI.BSE_IDX,01/07/2025,11:59:56,961.83,0,0,0,0,0,0
BSEEVI.BSE_IDX,01/07/2025,12:00:05,961.84,0,0,0,0,0,0
BSEEVI.BSE_IDX,01/07/2025,12:00:12,961.84,0,0,0,0,0,0
BSEEVI.BSE_IDX,01/07/2025,12:00:20,961.86,0,0,0,0,0,0
BSEEVI.BSE_IDX,01/07/2025,12:00:28,961.75,0,0,0,0,0,0
BSEEVI.BSE_IDX,01/07/2025,12:00:37,961.7,0,0,0,0,0,0
BSEEVI.BSE_IDX,01/07/2025,12:00:44,961.82,0,0,0,0,0,0
BSEEVI.BSE_IDX,01/07/2025,12:00:52,961.79,0,0,0,0,0,0
BSEEVI.BSE_IDX,01/07/2025,12:01:00,961.78,0,0,0,0,0,0
BSEEVI.BSE_IDX,01/07/2025,12:01:08,961.78,0,0,0,0,0,0
BSEEVI.BSE_IDX,01/07/2025,12:01:16,961.82,0,0,0,0,0,0
BSEEVI.BSE_IDX,01/07/2025,12:01:24,961.88,0,0,0,0,0,0
BSEEVI.BSE_IDX,01/07/2025,12:01:32,961.97,0,0,0,0,0,0
BSEEVI.BSE_IDX,01/07/2025,12:01:40,961.9,0,0,0,0,0,0
BSEEVI.BSE_IDX,01/07/2025,12:01:48,961.79,0,0,0,0,0,0
BSEEVI.BSE_IDX,01/07/2025,12:01:57,961.84,0,0,0,0,0,0
BSEEVI.BSE_IDX,01/07/2025,12:02:04,961.89,0,0,0,0,0,0
BSEEVI.BSE_IDX,01/07/2025,12:02:12,961.92,0,0,0,0,0,0
BSEEVI.BSE_IDX,01/07/2025,12:02:20,961.87,0,0,0,0,0,0
BSEEVI.BSE_IDX,01/07/2025,12:02:28,961.83,0,0,0,0,0,0
BSEEVI.BSE_IDX,01/07/2025,12:02:36,961.88,0,0,0,0,0,0
BSEEVI.BSE_IDX,01/07/2025,12:02:44,961.85,0,0,0,0,0,0
BSEEVI.BSE_IDX,01/07/2025,12:02:52,961.84,0,0,0,0,0,0
BSEEVI.BSE_IDX,01/07/2025,12:03:00,961.88,0,0,0,0,0,0
BSEEVI.BSE_IDX,01/07/2025,12:03:08,961.89,0,0,0,0,0,0
BSEEVI.BSE_IDX,01/07/2025,12:03:17,961.86,0,0,0,0,0,0
BSEEVI.BSE_IDX,01/07/2025,12:03:24,961.84,0,0,0,0,0,0
BSEEVI.BSE_IDX,01/07/2025,12:03:32,961.8,0,0,0,0,0,0
BSEEVI.BSE_IDX,01/07/2025,12:03:40,961.87,0,0,0,0,0,0
BSEEVI.BSE_IDX,01/07/2025,12:03:48,961.92,0,0,0,0,0,0
BSEEVI.BSE_IDX,01/07/2025,12:03:56,961.9,0,0,0,0,0,0
BSEEVI.BSE_IDX,01/07/2025,12:04:04,961.91,0,0,0,0,0,0
BSEEVI.BSE_IDX,01/07/2025,12:04:12,961.84,0,0,0,0,0,0
BSEEVI.BSE_IDX,01/07/2025,12:04:20,961.85,0,0,0,0,0,0
BSEEVI.BSE_IDX,01/07/2025,12:04:28,961.86,0,0,0,0,0,0
BSEEVI.BSE_IDX,01/07/2025,12:04:36,961.83,0,0,0,0,0,0
BSEEVI.BSE_IDX,01/07/2025,12:04:44,961.87,0,0,0,0,0,0
BSEEVI.BSE_IDX,01/07/2025,12:04:52,961.88,0,0,0,0,0,0
BSEEVI.BSE_IDX,01/07/2025,12:05:01,961.8,0,0,0,0,0,0
BSEEVI.BSE_IDX,01/07/2025,12:05:08,961.78,0,0,0,0,0,0
BSEEVI.BSE_IDX,01/07/2025,12:05:16,961.84,0,0,0,0,0,0
BSEEVI.BSE_IDX,01/07/2025,12:05:24,961.77,0,0,0,0,0,0
BSEEVI.BSE_IDX,01/07/2025,12:05:32,961.78,0,0,0,0,0,0
BSEEVI.BSE_IDX,01/07/2025,12:05:40,961.79,0,0,0,0,0,0
BSEEVI.BSE_IDX,01/07/2025,12:05:48,961.73,0,0,0,0,0,0
BSEEVI.BSE_IDX,01/07/2025,12:05:56,961.8,0,0,0,0,0,0
BSEEVI.BSE_IDX,01/07/2025,12:06:04,961.85,0,0,0,0,0,0
BSEEVI.BSE_IDX,01/07/2025,12:06:12,962.06,0,0,0,0,0,0
BSEEVI.BSE_IDX,01/07/2025,12:06:20,962.33,0,0,0,0,0,0
BSEEVI.BSE_IDX,01/07/2025,12:06:28,962.19,0,0,0,0,0,0
BSEEVI.BSE_IDX,01/07/2025,12:06:36,962.18,0,0,0,0,0,0
BSEEVI.BSE_IDX,01/07/2025,12:06:44,962.14,0,0,0,0,0,0
BSEEVI.BSE_IDX,01/07/2025,12:06:53,962.12,0,0,0,0,0,0
BSEEVI.BSE_IDX,01/07/2025,12:07:00,962.05,0,0,0,0,0,0
BSEEVI.BSE_IDX,01/07/2025,12:07:08,962.02,0,0,0,0,0,0
BSEEVI.BSE_IDX,01/07/2025,12:07:16,962.03,0,0,0,0,0,0
BSEEVI.BSE_IDX,01/07/2025,12:07:24,962.03,0,0,0,0,0,0
BSEEVI.BSE_IDX,01/07/2025,12:07:32,962.04,0,0,0,0,0,0
BSEEVI.BSE_IDX,01/07/2025,12:07:40,962.06,0,0,0,0,0,0
BSEEVI.BSE_IDX,01/07/2025,12:07:48,962.11,0,0,0,0,0,0
BSEEVI.BSE_IDX,01/07/2025,12:07:56,962.11,0,0,0,0,0,0
BSEEVI.BSE_IDX,01/07/2025,12:08:04,962.16,0,0,0,0,0,0
BSEEVI.BSE_IDX,01/07/2025,12:08:12,962.03,0,0,0,0,0,0
BSEEVI.BSE_IDX,01/07/2025,12:08:20,962,0,0,0,0,0,0
BSEEVI.BSE_IDX,01/07/2025,12:08:28,962.14,0,0,0,0,0,0
BSEEVI.BSE_IDX,01/07/2025,12:08:36,962.11,0,0,0,0,0,0
BSEEVI.BSE_IDX,01/07/2025,12:08:44,962.05,0,0,0,0,0,0
BSEEVI.BSE_IDX,01/07/2025,12:08:52,962.06,0,0,0,0,0,0
BSEEVI.BSE_IDX,01/07/2025,12:09:00,962.18,0,0,0,0,0,0
BSEEVI.BSE_IDX,01/07/2025,12:09:08,962.67,0,0,0,0,0,0
BSEEVI.BSE_IDX,01/07/2025,12:09:16,962.68,0,0,0,0,0,0
BSEEVI.BSE_IDX,01/07/2025,12:09:25,962.66,0,0,0,0,0,0
BSEEVI.BSE_IDX,01/07/2025,12:09:32,962.64,0,0,0,0,0,0
BSEEVI.BSE_IDX,01/07/2025,12:09:40,962.58,0,0,0,0,0,0
BSEEVI.BSE_IDX,01/07/2025,12:09:48,962.55,0,0,0,0,0,0
BSEEVI.BSE_IDX,01/07/2025,12:09:57,962.52,0,0,0,0,0,0
BSEEVI.BSE_IDX,01/07/2025,12:10:05,962.51,0,0,0,0,0,0
BSEEVI.BSE_IDX,01/07/2025,12:10:13,962.51,0,0,0,0,0,0
BSEEVI.BSE_IDX,01/07/2025,12:10:22,962.57,0,0,0,0,0,0
BSEEVI.BSE_IDX,01/07/2025,12:10:28,962.49,0,0,0,0,0,0
BSEEVI.BSE_IDX,01/07/2025,12:10:36,962.5,0,0,0,0,0,0
BSEEVI.BSE_IDX,01/07/2025,12:10:45,962.48,0,0,0,0,0,0
BSEEVI.BSE_IDX,01/07/2025,12:10:52,962.45,0,0,0,0,0,0
BSEEVI.BSE_IDX,01/07/2025,12:11:00,962.43,0,0,0,0,0,0
BSEEVI.BSE_IDX,01/07/2025,12:11:08,962.48,0,0,0,0,0,0
BSEEVI.BSE_IDX,01/07/2025,12:11:17,962.41,0,0,0,0,0,0
BSEEVI.BSE_IDX,01/07/2025,12:11:24,962.48,0,0,0,0,0,0
BSEEVI.BSE_IDX,01/07/2025,12:11:32,962.47,0,0,0,0,0,0
BSEEVI.BSE_IDX,01/07/2025,12:11:40,962.53,0,0,0,0,0,0
BSEEVI.BSE_IDX,01/07/2025,12:11:49,962.62,0,0,0,0,0,0
BSEEVI.BSE_IDX,01/07/2025,12:11:57,962.74,0,0,0,0,0,0
BSEEVI.BSE_IDX,01/07/2025,12:12:05,962.73,0,0,0,0,0,0
BSEEVI.BSE_IDX,01/07/2025,12:12:13,962.8,0,0,0,0,0,0
BSEEVI.BSE_IDX,01/07/2025,12:12:21,962.87,0,0,0,0,0,0
BSEEVI.BSE_IDX,01/07/2025,12:12:29,962.94,0,0,0,0,0,0
BSEEVI.BSE_IDX,01/07/2025,12:12:37,962.97,0,0,0,0,0,0
BSEEVI.BSE_IDX,01/07/2025,12:12:45,962.93,0,0,0,0,0,0
BSEEVI.BSE_IDX,01/07/2025,12:12:53,962.96,0,0,0,0,0,0
BSEEVI.BSE_IDX,01/07/2025,12:13:01,962.99,0,0,0,0,0,0
BSEEVI.BSE_IDX,01/07/2025,12:13:09,962.97,0,0,0,0,0,0
BSEEVI.BSE_IDX,01/07/2025,12:13:17,963.08,0,0,0,0,0,0
BSEEVI.BSE_IDX,01/07/2025,12:13:25,963.07,0,0,0,0,0,0
BSEEVI.BSE_IDX,01/07/2025,12:13:33,963.2,0,0,0,0,0,0
BSEEVI.BSE_IDX,01/07/2025,12:13:41,963.2,0,0,0,0,0,0
BSEEVI.BSE_IDX,01/07/2025,12:13:49,963.29,0,0,0,0,0,0
BSEEVI.BSE_IDX,01/07/2025,12:13:57,963.27,0,0,0,0,0,0
BSEEVI.BSE_IDX,01/07/2025,12:14:05,963.23,0,0,0,0,0,0
BSEEVI.BSE_IDX,01/07/2025,12:14:13,963.3,0,0,0,0,0,0
BSEEVI.BSE_IDX,01/07/2025,12:14:21,963.39,0,0,0,0,0,0
BSEEVI.BSE_IDX,01/07/2025,12:14:29,963.27,0,0,0,0,0,0
BSEEVI.BSE_IDX,01/07/2025,12:14:37,963.28,0,0,0,0,0,0
BSEEVI.BSE_IDX,01/07/2025,12:14:46,963.3,0,0,0,0,0,0
BSEEVI.BSE_IDX,01/07/2025,12:14:54,963.29,0,0,0,0,0,0
BSEEVI.BSE_IDX,01/07/2025,12:15:01,963.27,0,0,0,0,0,0
BSEEVI.BSE_IDX,01/07/2025,12:15:09,963.23,0,0,0,0,0,0
BSEEVI.BSE_IDX,01/07/2025,12:15:17,963.36,0,0,0,0,0,0
BSEEVI.BSE_IDX,01/07/2025,12:15:25,963.4,0,0,0,0,0,0
BSEEVI.BSE_IDX,01/07/2025,12:15:33,963.27,0,0,0,0,0,0
BSEEVI.BSE_IDX,01/07/2025,12:15:41,963.32,0,0,0,0,0,0
BSEEVI.BSE_IDX,01/07/2025,12:15:49,963.42,0,0,0,0,0,0
BSEEVI.BSE_IDX,01/07/2025,12:15:57,963.45,0,0,0,0,0,0
BSEEVI.BSE_IDX,01/07/2025,12:16:05,963.5,0,0,0,0,0,0
BSEEVI.BSE_IDX,01/07/2025,12:16:13,963.59,0,0,0,0,0,0
BSEEVI.BSE_IDX,01/07/2025,12:16:21,963.53,0,0,0,0,0,0
BSEEVI.BSE_IDX,01/07/2025,12:16:29,963.61,0,0,0,0,0,0
BSEEVI.BSE_IDX,01/07/2025,12:16:37,963.58,0,0,0,0,0,0
BSEEVI.BSE_IDX,01/07/2025,12:16:45,963.52,0,0,0,0,0,0
BSEEVI.BSE_IDX,01/07/2025,12:16:53,963.52,0,0,0,0,0,0
BSEEVI.BSE_IDX,01/07/2025,12:17:01,963.54,0,0,0,0,0,0
BSEEVI.BSE_IDX,01/07/2025,12:17:09,963.58,0,0,0,0,0,0
BSEEVI.BSE_IDX,01/07/2025,12:17:17,963.68,0,0,0,0,0,0
BSEEVI.BSE_IDX,01/07/2025,12:17:25,963.67,0,0,0,0,0,0
BSEEVI.BSE_IDX,01/07/2025,12:17:33,963.74,0,0,0,0,0,0
BSEEVI.BSE_IDX,01/07/2025,12:17:41,963.75,0,0,0,0,0,0
BSEEVI.BSE_IDX,01/07/2025,12:17:49,963.84,0,0,0,0,0,0
BSEEVI.BSE_IDX,01/07/2025,12:17:57,963.84,0,0,0,0,0,0
BSEEVI.BSE_IDX,01/07/2025,12:18:05,963.89,0,0,0,0,0,0
BSEEVI.BSE_IDX,01/07/2025,12:18:13,963.92,0,0,0,0,0,0
BSEEVI.BSE_IDX,01/07/2025,12:18:21,963.78,0,0,0,0,0,0
BSEEVI.BSE_IDX,01/07/2025,12:18:29,963.84,0,0,0,0,0,0
BSEEVI.BSE_IDX,01/07/2025,12:18:37,963.8,0,0,0,0,0,0
BSEEVI.BSE_IDX,01/07/2025,12:18:45,963.92,0,0,0,0,0,0
BSEEVI.BSE_IDX,01/07/2025,12:18:53,963.91,0,0,0,0,0,0
BSEEVI.BSE_IDX,01/07/2025,12:19:01,964.1,0,0,0,0,0,0
BSEEVI.BSE_IDX,01/07/2025,12:19:09,964.21,0,0,0,0,0,0
BSEEVI.BSE_IDX,01/07/2025,12:19:17,964.2,0,0,0,0,0,0
BSEEVI.BSE_IDX,01/07/2025,12:19:25,964.23,0,0,0,0,0,0
BSEEVI.BSE_IDX,01/07/2025,12:19:33,964.45,0,0,0,0,0,0
BSEEVI.BSE_IDX,01/07/2025,12:19:41,964.56,0,0,0,0,0,0
BSEEVI.BSE_IDX,01/07/2025,12:19:49,964.68,0,0,0,0,0,0
BSEEVI.BSE_IDX,01/07/2025,12:19:57,964.9,0,0,0,0,0,0
BSEEVI.BSE_IDX,01/07/2025,12:20:05,964.99,0,0,0,0,0,0
BSEEVI.BSE_IDX,01/07/2025,12:20:13,964.87,0,0,0,0,0,0
BSEEVI.BSE_IDX,01/07/2025,12:20:21,964.93,0,0,0,0,0,0
BSEEVI.BSE_IDX,01/07/2025,12:20:29,964.95,0,0,0,0,0,0
BSEEVI.BSE_IDX,01/07/2025,12:20:37,964.94,0,0,0,0,0,0
BSEEVI.BSE_IDX,01/07/2025,12:20:45,964.99,0,0,0,0,0,0
BSEEVI.BSE_IDX,01/07/2025,12:20:53,965.01,0,0,0,0,0,0
BSEEVI.BSE_IDX,01/07/2025,12:21:01,964.92,0,0,0,0,0,0
BSEEVI.BSE_IDX,01/07/2025,12:21:09,964.95,0,0,0,0,0,0
BSEEVI.BSE_IDX,01/07/2025,12:21:17,964.74,0,0,0,0,0,0
BSEEVI.BSE_IDX,01/07/2025,12:21:25,964.76,0,0,0,0,0,0
BSEEVI.BSE_IDX,01/07/2025,12:21:33,964.73,0,0,0,0,0,0
BSEEVI.BSE_IDX,01/07/2025,12:21:41,964.85,0,0,0,0,0,0
BSEEVI.BSE_IDX,01/07/2025,12:21:49,964.97,0,0,0,0,0,0
BSEEVI.BSE_IDX,01/07/2025,12:21:57,964.99,0,0,0,0,0,0
BSEEVI.BSE_IDX,01/07/2025,12:22:05,965.05,0,0,0,0,0,0
BSEEVI.BSE_IDX,01/07/2025,12:22:13,965.08,0,0,0,0,0,0
BSEEVI.BSE_IDX,01/07/2025,12:22:21,965.13,0,0,0,0,0,0
BSEEVI.BSE_IDX,01/07/2025,12:22:29,965.1,0,0,0,0,0,0
BSEEVI.BSE_IDX,01/07/2025,12:22:37,965.13,0,0,0,0,0,0
BSEEVI.BSE_IDX,01/07/2025,12:22:45,965.17,0,0,0,0,0,0
BSEEVI.BSE_IDX,01/07/2025,12:22:53,965.32,0,0,0,0,0,0
BSEEVI.BSE_IDX,01/07/2025,12:23:02,965.34,0,0,0,0,0,0
BSEEVI.BSE_IDX,01/07/2025,12:23:09,965.3,0,0,0,0,0,0
BSEEVI.BSE_IDX,01/07/2025,12:23:17,965.28,0,0,0,0,0,0
BSEEVI.BSE_IDX,01/07/2025,12:23:25,965.39,0,0,0,0,0,0
BSEEVI.BSE_IDX,01/07/2025,12:23:33,965.38,0,0,0,0,0,0
BSEEVI.BSE_IDX,01/07/2025,12:23:41,965.46,0,0,0,0,0,0
BSEEVI.BSE_IDX,01/07/2025,12:23:49,965.41,0,0,0,0,0,0
BSEEVI.BSE_IDX,01/07/2025,12:23:57,965.4,0,0,0,0,0,0
BSEEVI.BSE_IDX,01/07/2025,12:24:05,965.53,0,0,0,0,0,0
BSEEVI.BSE_IDX,01/07/2025,12:24:13,965.55,0,0,0,0,0,0
BSEEVI.BSE_IDX,01/07/2025,12:24:21,965.65,0,0,0,0,0,0
BSEEVI.BSE_IDX,01/07/2025,12:24:29,965.7,0,0,0,0,0,0
BSEEVI.BSE_IDX,01/07/2025,12:24:37,965.74,0,0,0,0,0,0
BSEEVI.BSE_IDX,01/07/2025,12:24:45,965.74,0,0,0,0,0,0
BSEEVI.BSE_IDX,01/07/2025,12:24:53,965.71,0,0,0,0,0,0
BSEEVI.BSE_IDX,01/07/2025,12:25:01,965.79,0,0,0,0,0,0
BSEEVI.BSE_IDX,01/07/2025,12:25:09,965.74,0,0,0,0,0,0
BSEEVI.BSE_IDX,01/07/2025,12:25:17,965.86,0,0,0,0,0,0
BSEEVI.BSE_IDX,01/07/2025,12:25:25,965.9,0,0,0,0,0,0
BSEEVI.BSE_IDX,01/07/2025,12:25:33,965.85,0,0,0,0,0,0
BSEEVI.BSE_IDX,01/07/2025,12:25:41,965.85,0,0,0,0,0,0
BSEEVI.BSE_IDX,01/07/2025,12:25:49,965.94,0,0,0,0,0,0
BSEEVI.BSE_IDX,01/07/2025,12:25:57,966.01,0,0,0,0,0,0
BSEEVI.BSE_IDX,01/07/2025,12:26:05,965.96,0,0,0,0,0,0
BSEEVI.BSE_IDX,01/07/2025,12:26:13,965.95,0,0,0,0,0,0
BSEEVI.BSE_IDX,01/07/2025,12:26:21,965.92,0,0,0,0,0,0
BSEEVI.BSE_IDX,01/07/2025,12:26:31,965.84,0,0,0,0,0,0
BSEEVI.BSE_IDX,01/07/2025,12:26:37,965.96,0,0,0,0,0,0
BSEEVI.BSE_IDX,01/07/2025,12:26:45,965.92,0,0,0,0,0,0
BSEEVI.BSE_IDX,01/07/2025,12:26:53,965.9,0,0,0,0,0,0
BSEEVI.BSE_IDX,01/07/2025,12:27:01,965.72,0,0,0,0,0,0
BSEEVI.BSE_IDX,01/07/2025,12:27:09,965.71,0,0,0,0,0,0
BSEEVI.BSE_IDX,01/07/2025,12:27:17,965.75,0,0,0,0,0,0
BSEEVI.BSE_IDX,01/07/2025,12:27:25,965.82,0,0,0,0,0,0
BSEEVI.BSE_IDX,01/07/2025,12:27:33,965.79,0,0,0,0,0,0
BSEEVI.BSE_IDX,01/07/2025,12:27:41,965.8,0,0,0,0,0,0
BSEEVI.BSE_IDX,01/07/2025,12:27:49,965.77,0,0,0,0,0,0
BSEEVI.BSE_IDX,01/07/2025,12:27:57,965.83,0,0,0,0,0,0
BSEEVI.BSE_IDX,01/07/2025,12:28:05,965.81,0,0,0,0,0,0
BSEEVI.BSE_IDX,01/07/2025,12:28:13,965.81,0,0,0,0,0,0
BSEEVI.BSE_IDX,01/07/2025,12:28:21,965.72,0,0,0,0,0,0
BSEEVI.BSE_IDX,01/07/2025,12:28:29,965.61,0,0,0,0,0,0
BSEEVI.BSE_IDX,01/07/2025,12:28:37,965.78,0,0,0,0,0,0
BSEEVI.BSE_IDX,01/07/2025,12:28:45,965.79,0,0,0,0,0,0
BSEEVI.BSE_IDX,01/07/2025,12:28:53,965.53,0,0,0,0,0,0
BSEEVI.BSE_IDX,01/07/2025,12:29:01,965.55,0,0,0,0,0,0
BSEEVI.BSE_IDX,01/07/2025,12:29:10,965.52,0,0,0,0,0,0
BSEEVI.BSE_IDX,01/07/2025,12:29:18,965.51,0,0,0,0,0,0
BSEEVI.BSE_IDX,01/07/2025,12:29:25,965.64,0,0,0,0,0,0
BSEEVI.BSE_IDX,01/07/2025,12:29:33,965.65,0,0,0,0,0,0
BSEEVI.BSE_IDX,01/07/2025,12:29:41,965.65,0,0,0,0,0,0
BSEEVI.BSE_IDX,01/07/2025,12:29:49,965.66,0,0,0,0,0,0
BSEEVI.BSE_IDX,01/07/2025,12:29:57,965.78,0,0,0,0,0,0
BSEEVI.BSE_IDX,01/07/2025,12:30:05,966.12,0,0,0,0,0,0
BSEEVI.BSE_IDX,01/07/2025,12:30:13,966.18,0,0,0,0,0,0
BSEEVI.BSE_IDX,01/07/2025,12:30:22,966.28,0,0,0,0,0,0
BSEEVI.BSE_IDX,01/07/2025,12:30:29,966.49,0,0,0,0,0,0
BSEEVI.BSE_IDX,01/07/2025,12:30:37,966.48,0,0,0,0,0,0
BSEEVI.BSE_IDX,01/07/2025,12:30:45,966.51,0,0,0,0,0,0
BSEEVI.BSE_IDX,01/07/2025,12:30:53,966.37,0,0,0,0,0,0
BSEEVI.BSE_IDX,01/07/2025,12:31:01,966.42,0,0,0,0,0,0
BSEEVI.BSE_IDX,01/07/2025,12:31:09,966.35,0,0,0,0,0,0
BSEEVI.BSE_IDX,01/07/2025,12:31:17,966.3,0,0,0,0,0,0
BSEEVI.BSE_IDX,01/07/2025,12:31:25,966.25,0,0,0,0,0,0
BSEEVI.BSE_IDX,01/07/2025,12:31:34,966.11,0,0,0,0,0,0
BSEEVI.BSE_IDX,01/07/2025,12:31:41,966.21,0,0,0,0,0,0
BSEEVI.BSE_IDX,01/07/2025,12:31:49,966.15,0,0,0,0,0,0
BSEEVI.BSE_IDX,01/07/2025,12:31:57,966.01,0,0,0,0,0,0
BSEEVI.BSE_IDX,01/07/2025,12:32:05,966,0,0,0,0,0,0
BSEEVI.BSE_IDX,01/07/2025,12:32:13,966.17,0,0,0,0,0,0
BSEEVI.BSE_IDX,01/07/2025,12:32:21,966.11,0,0,0,0,0,0
BSEEVI.BSE_IDX,01/07/2025,12:32:29,966.11,0,0,0,0,0,0
BSEEVI.BSE_IDX,01/07/2025,12:32:37,966.06,0,0,0,0,0,0
BSEEVI.BSE_IDX,01/07/2025,12:32:45,966.06,0,0,0,0,0,0
BSEEVI.BSE_IDX,01/07/2025,12:32:53,966.12,0,0,0,0,0,0
BSEEVI.BSE_IDX,01/07/2025,12:33:01,966.12,0,0,0,0,0,0
BSEEVI.BSE_IDX,01/07/2025,12:33:09,966.09,0,0,0,0,0,0
BSEEVI.BSE_IDX,01/07/2025,12:33:17,966.13,0,0,0,0,0,0
BSEEVI.BSE_IDX,01/07/2025,12:33:26,966.04,0,0,0,0,0,0
BSEEVI.BSE_IDX,01/07/2025,12:33:33,966.09,0,0,0,0,0,0
BSEEVI.BSE_IDX,01/07/2025,12:33:41,966.04,0,0,0,0,0,0
BSEEVI.BSE_IDX,01/07/2025,12:33:49,966.04,0,0,0,0,0,0
BSEEVI.BSE_IDX,01/07/2025,12:33:57,966.11,0,0,0,0,0,0
BSEEVI.BSE_IDX,01/07/2025,12:34:05,966.1,0,0,0,0,0,0
BSEEVI.BSE_IDX,01/07/2025,12:34:13,966.21,0,0,0,0,0,0
BSEEVI.BSE_IDX,01/07/2025,12:34:21,966.16,0,0,0,0,0,0
BSEEVI.BSE_IDX,01/07/2025,12:34:29,966.14,0,0,0,0,0,0
BSEEVI.BSE_IDX,01/07/2025,12:34:37,966.19,0,0,0,0,0,0
BSEEVI.BSE_IDX,01/07/2025,12:34:45,966.3,0,0,0,0,0,0
BSEEVI.BSE_IDX,01/07/2025,12:34:53,966.38,0,0,0,0,0,0
BSEEVI.BSE_IDX,01/07/2025,12:35:01,966.49,0,0,0,0,0,0
BSEEVI.BSE_IDX,01/07/2025,12:35:09,966.7,0,0,0,0,0,0
BSEEVI.BSE_IDX,01/07/2025,12:35:17,966.89,0,0,0,0,0,0
BSEEVI.BSE_IDX,01/07/2025,12:35:25,967.07,0,0,0,0,0,0
BSEEVI.BSE_IDX,01/07/2025,12:35:33,967.09,0,0,0,0,0,0
BSEEVI.BSE_IDX,01/07/2025,12:35:41,967.26,0,0,0,0,0,0
BSEEVI.BSE_IDX,01/07/2025,12:35:49,967.23,0,0,0,0,0,0
BSEEVI.BSE_IDX,01/07/2025,12:35:57,967.23,0,0,0,0,0,0
BSEEVI.BSE_IDX,01/07/2025,12:36:05,967.25,0,0,0,0,0,0
BSEEVI.BSE_IDX,01/07/2025,12:36:13,967.26,0,0,0,0,0,0
BSEEVI.BSE_IDX,01/07/2025,12:36:21,967.24,0,0,0,0,0,0
BSEEVI.BSE_IDX,01/07/2025,12:36:29,967.3,0,0,0,0,0,0
BSEEVI.BSE_IDX,01/07/2025,12:36:37,967.29,0,0,0,0,0,0
BSEEVI.BSE_IDX,01/07/2025,12:36:45,967.42,0,0,0,0,0,0
BSEEVI.BSE_IDX,01/07/2025,12:36:53,967.39,0,0,0,0,0,0
BSEEVI.BSE_IDX,01/07/2025,12:37:01,967.33,0,0,0,0,0,0
BSEEVI.BSE_IDX,01/07/2025,12:37:09,967.46,0,0,0,0,0,0
BSEEVI.BSE_IDX,01/07/2025,12:37:17,967.54,0,0,0,0,0,0
BSEEVI.BSE_IDX,01/07/2025,12:37:25,967.43,0,0,0,0,0,0
BSEEVI.BSE_IDX,01/07/2025,12:37:33,967.1,0,0,0,0,0,0
BSEEVI.BSE_IDX,01/07/2025,12:37:41,967.1,0,0,0,0,0,0
BSEEVI.BSE_IDX,01/07/2025,12:37:49,967.19,0,0,0,0,0,0
BSEEVI.BSE_IDX,01/07/2025,12:37:57,967.16,0,0,0,0,0,0
BSEEVI.BSE_IDX,01/07/2025,12:38:05,967.23,0,0,0,0,0,0
BSEEVI.BSE_IDX,01/07/2025,12:38:13,967.22,0,0,0,0,0,0
BSEEVI.BSE_IDX,01/07/2025,12:38:22,967.37,0,0,0,0,0,0
BSEEVI.BSE_IDX,01/07/2025,12:38:29,967.35,0,0,0,0,0,0
BSEEVI.BSE_IDX,01/07/2025,12:38:39,967.38,0,0,0,0,0,0
BSEEVI.BSE_IDX,01/07/2025,12:38:45,967.44,0,0,0,0,0,0
BSEEVI.BSE_IDX,01/07/2025,12:38:53,967.37,0,0,0,0,0,0
BSEEVI.BSE_IDX,01/07/2025,12:39:01,967.35,0,0,0,0,0,0
BSEEVI.BSE_IDX,01/07/2025,12:39:10,967.41,0,0,0,0,0,0
BSEEVI.BSE_IDX,01/07/2025,12:39:17,967.42,0,0,0,0,0,0
BSEEVI.BSE_IDX,01/07/2025,12:39:25,967.35,0,0,0,0,0,0
BSEEVI.BSE_IDX,01/07/2025,12:39:34,967.42,0,0,0,0,0,0
BSEEVI.BSE_IDX,01/07/2025,12:39:42,967.45,0,0,0,0,0,0
BSEEVI.BSE_IDX,01/07/2025,12:39:49,967.5,0,0,0,0,0,0
BSEEVI.BSE_IDX,01/07/2025,12:39:57,967.51,0,0,0,0,0,0
BSEEVI.BSE_IDX,01/07/2025,12:40:05,967.57,0,0,0,0,0,0
BSEEVI.BSE_IDX,01/07/2025,12:40:14,967.55,0,0,0,0,0,0
BSEEVI.BSE_IDX,01/07/2025,12:40:21,967.61,0,0,0,0,0,0
BSEEVI.BSE_IDX,01/07/2025,12:40:29,967.39,0,0,0,0,0,0
BSEEVI.BSE_IDX,01/07/2025,12:40:37,967.5,0,0,0,0,0,0
BSEEVI.BSE_IDX,01/07/2025,12:40:45,967.5,0,0,0,0,0,0
BSEEVI.BSE_IDX,01/07/2025,12:40:54,967.46,0,0,0,0,0,0
BSEEVI.BSE_IDX,01/07/2025,12:41:01,967.42,0,0,0,0,0,0
BSEEVI.BSE_IDX,01/07/2025,12:41:09,967.42,0,0,0,0,0,0
BSEEVI.BSE_IDX,01/07/2025,12:41:17,967.41,0,0,0,0,0,0
BSEEVI.BSE_IDX,01/07/2025,12:41:25,967.38,0,0,0,0,0,0
BSEEVI.BSE_IDX,01/07/2025,12:41:33,967.36,0,0,0,0,0,0
BSEEVI.BSE_IDX,01/07/2025,12:41:41,967.55,0,0,0,0,0,0
BSEEVI.BSE_IDX,01/07/2025,12:41:49,967.44,0,0,0,0,0,0
BSEEVI.BSE_IDX,01/07/2025,12:41:57,967.4,0,0,0,0,0,0
BSEEVI.BSE_IDX,01/07/2025,12:42:05,967.45,0,0,0,0,0,0
BSEEVI.BSE_IDX,01/07/2025,12:42:13,967.34,0,0,0,0,0,0
BSEEVI.BSE_IDX,01/07/2025,12:42:21,967.51,0,0,0,0,0,0
BSEEVI.BSE_IDX,01/07/2025,12:42:29,967.6,0,0,0,0,0,0
BSEEVI.BSE_IDX,01/07/2025,12:42:37,967.57,0,0,0,0,0,0
BSEEVI.BSE_IDX,01/07/2025,12:42:45,967.53,0,0,0,0,0,0
BSEEVI.BSE_IDX,01/07/2025,12:42:53,967.5,0,0,0,0,0,0
BSEEVI.BSE_IDX,01/07/2025,12:43:01,967.51,0,0,0,0,0,0
BSEEVI.BSE_IDX,01/07/2025,12:43:10,967.57,0,0,0,0,0,0
BSEEVI.BSE_IDX,01/07/2025,12:43:17,967.62,0,0,0,0,0,0
BSEEVI.BSE_IDX,01/07/2025,12:43:26,967.48,0,0,0,0,0,0
BSEEVI.BSE_IDX,01/07/2025,12:43:33,967.54,0,0,0,0,0,0
BSEEVI.BSE_IDX,01/07/2025,12:43:41,967.44,0,0,0,0,0,0
BSEEVI.BSE_IDX,01/07/2025,12:43:49,967.53,0,0,0,0,0,0
BSEEVI.BSE_IDX,01/07/2025,12:43:58,967.52,0,0,0,0,0,0
BSEEVI.BSE_IDX,01/07/2025,12:44:05,967.4,0,0,0,0,0,0
BSEEVI.BSE_IDX,01/07/2025,12:44:14,967.36,0,0,0,0,0,0
BSEEVI.BSE_IDX,01/07/2025,12:44:21,967.2,0,0,0,0,0,0
BSEEVI.BSE_IDX,01/07/2025,12:44:29,967.13,0,0,0,0,0,0
BSEEVI.BSE_IDX,01/07/2025,12:44:38,967.25,0,0,0,0,0,0
BSEEVI.BSE_IDX,01/07/2025,12:44:45,967.15,0,0,0,0,0,0
BSEEVI.BSE_IDX,01/07/2025,12:44:53,967.08,0,0,0,0,0,0
BSEEVI.BSE_IDX,01/07/2025,12:45:01,967.08,0,0,0,0,0,0
BSEEVI.BSE_IDX,01/07/2025,12:45:11,967.08,0,0,0,0,0,0
BSEEVI.BSE_IDX,01/07/2025,12:45:17,967.1,0,0,0,0,0,0
BSEEVI.BSE_IDX,01/07/2025,12:45:25,967.12,0,0,0,0,0,0
BSEEVI.BSE_IDX,01/07/2025,12:45:34,967.24,0,0,0,0,0,0
BSEEVI.BSE_IDX,01/07/2025,12:45:42,967.21,0,0,0,0,0,0
BSEEVI.BSE_IDX,01/07/2025,12:45:50,967.05,0,0,0,0,0,0
BSEEVI.BSE_IDX,01/07/2025,12:45:58,966.93,0,0,0,0,0,0
BSEEVI.BSE_IDX,01/07/2025,12:46:06,966.94,0,0,0,0,0,0
BSEEVI.BSE_IDX,01/07/2025,12:46:14,966.96,0,0,0,0,0,0
BSEEVI.BSE_IDX,01/07/2025,12:46:22,966.97,0,0,0,0,0,0
BSEEVI.BSE_IDX,01/07/2025,12:46:30,967.02,0,0,0,0,0,0
BSEEVI.BSE_IDX,01/07/2025,12:46:38,967.06,0,0,0,0,0,0
BSEEVI.BSE_IDX,01/07/2025,12:46:46,967.06,0,0,0,0,0,0
BSEEVI.BSE_IDX,01/07/2025,12:46:54,967.07,0,0,0,0,0,0
BSEEVI.BSE_IDX,01/07/2025,12:47:02,967.04,0,0,0,0,0,0
BSEEVI.BSE_IDX,01/07/2025,12:47:10,966.97,0,0,0,0,0,0
BSEEVI.BSE_IDX,01/07/2025,12:47:18,967,0,0,0,0,0,0
BSEEVI.BSE_IDX,01/07/2025,12:47:26,967.01,0,0,0,0,0,0
BSEEVI.BSE_IDX,01/07/2025,12:47:34,967.16,0,0,0,0,0,0
BSEEVI.BSE_IDX,01/07/2025,12:47:42,967.13,0,0,0,0,0,0
BSEEVI.BSE_IDX,01/07/2025,12:47:50,967.1,0,0,0,0,0,0
BSEEVI.BSE_IDX,01/07/2025,12:47:58,966.93,0,0,0,0,0,0
BSEEVI.BSE_IDX,01/07/2025,12:48:06,966.93,0,0,0,0,0,0
BSEEVI.BSE_IDX,01/07/2025,12:48:14,967.04,0,0,0,0,0,0
BSEEVI.BSE_IDX,01/07/2025,12:48:22,967.14,0,0,0,0,0,0
BSEEVI.BSE_IDX,01/07/2025,12:48:30,967.16,0,0,0,0,0,0
BSEEVI.BSE_IDX,01/07/2025,12:48:38,967.2,0,0,0,0,0,0
BSEEVI.BSE_IDX,01/07/2025,12:48:46,967.07,0,0,0,0,0,0
BSEEVI.BSE_IDX,01/07/2025,12:48:54,967.1,0,0,0,0,0,0
BSEEVI.BSE_IDX,01/07/2025,12:49:02,967.14,0,0,0,0,0,0
BSEEVI.BSE_IDX,01/07/2025,12:49:10,967.09,0,0,0,0,0,0
BSEEVI.BSE_IDX,01/07/2025,12:49:18,967.1,0,0,0,0,0,0
BSEEVI.BSE_IDX,01/07/2025,12:49:26,967,0,0,0,0,0,0
BSEEVI.BSE_IDX,01/07/2025,12:49:34,967.05,0,0,0,0,0,0
BSEEVI.BSE_IDX,01/07/2025,12:49:42,967.05,0,0,0,0,0,0
BSEEVI.BSE_IDX,01/07/2025,12:49:50,967.19,0,0,0,0,0,0
BSEEVI.BSE_IDX,01/07/2025,12:49:58,967.17,0,0,0,0,0,0
BSEEVI.BSE_IDX,01/07/2025,12:50:06,967.11,0,0,0,0,0,0
BSEEVI.BSE_IDX,01/07/2025,12:50:14,967.13,0,0,0,0,0,0
BSEEVI.BSE_IDX,01/07/2025,12:50:22,967.1,0,0,0,0,0,0
BSEEVI.BSE_IDX,01/07/2025,12:50:30,967.14,0,0,0,0,0,0
BSEEVI.BSE_IDX,01/07/2025,12:50:38,967.2,0,0,0,0,0,0
BSEEVI.BSE_IDX,01/07/2025,12:50:47,967.18,0,0,0,0,0,0
BSEEVI.BSE_IDX,01/07/2025,12:50:54,967.31,0,0,0,0,0,0
BSEEVI.BSE_IDX,01/07/2025,12:51:02,967.29,0,0,0,0,0,0
BSEEVI.BSE_IDX,01/07/2025,12:51:10,967.45,0,0,0,0,0,0
BSEEVI.BSE_IDX,01/07/2025,12:51:19,967.59,0,0,0,0,0,0
BSEEVI.BSE_IDX,01/07/2025,12:51:26,967.72,0,0,0,0,0,0
BSEEVI.BSE_IDX,01/07/2025,12:51:34,967.78,0,0,0,0,0,0
BSEEVI.BSE_IDX,01/07/2025,12:51:42,967.74,0,0,0,0,0,0
BSEEVI.BSE_IDX,01/07/2025,12:51:50,967.8,0,0,0,0,0,0
BSEEVI.BSE_IDX,01/07/2025,12:51:58,967.86,0,0,0,0,0,0
BSEEVI.BSE_IDX,01/07/2025,12:52:06,967.84,0,0,0,0,0,0
BSEEVI.BSE_IDX,01/07/2025,12:52:14,967.94,0,0,0,0,0,0
BSEEVI.BSE_IDX,01/07/2025,12:52:22,967.84,0,0,0,0,0,0
BSEEVI.BSE_IDX,01/07/2025,12:52:30,967.93,0,0,0,0,0,0
BSEEVI.BSE_IDX,01/07/2025,12:52:38,968.02,0,0,0,0,0,0
BSEEVI.BSE_IDX,01/07/2025,12:52:46,967.97,0,0,0,0,0,0
BSEEVI.BSE_IDX,01/07/2025,12:52:54,968.17,0,0,0,0,0,0
BSEEVI.BSE_IDX,01/07/2025,12:53:02,968.26,0,0,0,0,0,0
BSEEVI.BSE_IDX,01/07/2025,12:53:10,968.28,0,0,0,0,0,0
BSEEVI.BSE_IDX,01/07/2025,12:53:18,968.19,0,0,0,0,0,0
BSEEVI.BSE_IDX,01/07/2025,12:53:26,968.19,0,0,0,0,0,0
BSEEVI.BSE_IDX,01/07/2025,12:53:34,968.1,0,0,0,0,0,0
BSEEVI.BSE_IDX,01/07/2025,12:53:42,968.19,0,0,0,0,0,0
BSEEVI.BSE_IDX,01/07/2025,12:53:50,968.2,0,0,0,0,0,0
BSEEVI.BSE_IDX,01/07/2025,12:53:58,968.17,0,0,0,0,0,0
BSEEVI.BSE_IDX,01/07/2025,12:54:06,968.14,0,0,0,0,0,0
BSEEVI.BSE_IDX,01/07/2025,12:54:14,968.16,0,0,0,0,0,0
BSEEVI.BSE_IDX,01/07/2025,12:54:22,968.25,0,0,0,0,0,0
BSEEVI.BSE_IDX,01/07/2025,12:54:30,968.22,0,0,0,0,0,0
BSEEVI.BSE_IDX,01/07/2025,12:54:38,968.22,0,0,0,0,0,0
BSEEVI.BSE_IDX,01/07/2025,12:54:46,968.14,0,0,0,0,0,0
BSEEVI.BSE_IDX,01/07/2025,12:54:54,968.1,0,0,0,0,0,0
BSEEVI.BSE_IDX,01/07/2025,12:55:02,968.09,0,0,0,0,0,0
BSEEVI.BSE_IDX,01/07/2025,12:55:10,967.85,0,0,0,0,0,0
BSEEVI.BSE_IDX,01/07/2025,12:55:18,967.83,0,0,0,0,0,0
BSEEVI.BSE_IDX,01/07/2025,12:55:26,967.78,0,0,0,0,0,0
BSEEVI.BSE_IDX,01/07/2025,12:55:34,967.74,0,0,0,0,0,0
BSEEVI.BSE_IDX,01/07/2025,12:55:42,967.73,0,0,0,0,0,0
BSEEVI.BSE_IDX,01/07/2025,12:55:50,967.81,0,0,0,0,0,0
BSEEVI.BSE_IDX,01/07/2025,12:55:58,967.88,0,0,0,0,0,0
BSEEVI.BSE_IDX,01/07/2025,12:56:06,967.89,0,0,0,0,0,0
BSEEVI.BSE_IDX,01/07/2025,12:56:15,968,0,0,0,0,0,0
BSEEVI.BSE_IDX,01/07/2025,12:56:22,968.08,0,0,0,0,0,0
BSEEVI.BSE_IDX,01/07/2025,12:56:30,968.06,0,0,0,0,0,0
BSEEVI.BSE_IDX,01/07/2025,12:56:38,968,0,0,0,0,0,0
BSEEVI.BSE_IDX,01/07/2025,12:56:46,967.96,0,0,0,0,0,0
BSEEVI.BSE_IDX,01/07/2025,12:56:54,967.88,0,0,0,0,0,0
BSEEVI.BSE_IDX,01/07/2025,12:57:02,967.66,0,0,0,0,0,0
BSEEVI.BSE_IDX,01/07/2025,12:57:10,967.64,0,0,0,0,0,0
BSEEVI.BSE_IDX,01/07/2025,12:57:18,967.71,0,0,0,0,0,0
BSEEVI.BSE_IDX,01/07/2025,12:57:26,967.71,0,0,0,0,0,0
BSEEVI.BSE_IDX,01/07/2025,12:57:34,967.66,0,0,0,0,0,0
BSEEVI.BSE_IDX,01/07/2025,12:57:42,967.61,0,0,0,0,0,0
BSEEVI.BSE_IDX,01/07/2025,12:57:51,967.56,0,0,0,0,0,0
BSEEVI.BSE_IDX,01/07/2025,12:57:58,967.54,0,0,0,0,0,0
BSEEVI.BSE_IDX,01/07/2025,12:58:06,967.59,0,0,0,0,0,0
BSEEVI.BSE_IDX,01/07/2025,12:58:14,967.62,0,0,0,0,0,0
BSEEVI.BSE_IDX,01/07/2025,12:58:22,967.55,0,0,0,0,0,0
BSEEVI.BSE_IDX,01/07/2025,12:58:30,967.6,0,0,0,0,0,0
BSEEVI.BSE_IDX,01/07/2025,12:58:38,967.54,0,0,0,0,0,0
BSEEVI.BSE_IDX,01/07/2025,12:58:46,967.71,0,0,0,0,0,0
BSEEVI.BSE_IDX,01/07/2025,12:58:54,967.53,0,0,0,0,0,0
BSEEVI.BSE_IDX,01/07/2025,12:59:02,967.56,0,0,0,0,0,0
BSEEVI.BSE_IDX,01/07/2025,12:59:10,967.6,0,0,0,0,0,0
BSEEVI.BSE_IDX,01/07/2025,12:59:18,967.64,0,0,0,0,0,0
BSEEVI.BSE_IDX,01/07/2025,12:59:26,967.67,0,0,0,0,0,0
BSEEVI.BSE_IDX,01/07/2025,12:59:34,967.7,0,0,0,0,0,0
BSEEVI.BSE_IDX,01/07/2025,12:59:42,967.74,0,0,0,0,0,0
BSEEVI.BSE_IDX,01/07/2025,12:59:50,967.72,0,0,0,0,0,0
BSEEVI.BSE_IDX,01/07/2025,12:59:58,967.64,0,0,0,0,0,0
BSEEVI.BSE_IDX,01/07/2025,13:00:06,967.76,0,0,0,0,0,0
BSEEVI.BSE_IDX,01/07/2025,13:00:14,968.04,0,0,0,0,0,0
BSEEVI.BSE_IDX,01/07/2025,13:00:22,968.19,0,0,0,0,0,0
BSEEVI.BSE_IDX,01/07/2025,13:00:30,968.29,0,0,0,0,0,0
BSEEVI.BSE_IDX,01/07/2025,13:00:38,968.31,0,0,0,0,0,0
BSEEVI.BSE_IDX,01/07/2025,13:00:46,968.28,0,0,0,0,0,0
BSEEVI.BSE_IDX,01/07/2025,13:00:54,968.27,0,0,0,0,0,0
BSEEVI.BSE_IDX,01/07/2025,13:01:02,968.25,0,0,0,0,0,0
BSEEVI.BSE_IDX,01/07/2025,13:01:10,968.19,0,0,0,0,0,0
BSEEVI.BSE_IDX,01/07/2025,13:01:18,968.16,0,0,0,0,0,0
BSEEVI.BSE_IDX,01/07/2025,13:01:26,968.25,0,0,0,0,0,0
BSEEVI.BSE_IDX,01/07/2025,13:01:35,968.23,0,0,0,0,0,0
BSEEVI.BSE_IDX,01/07/2025,13:01:42,968.23,0,0,0,0,0,0
BSEEVI.BSE_IDX,01/07/2025,13:01:50,968.26,0,0,0,0,0,0
BSEEVI.BSE_IDX,01/07/2025,13:01:58,968.31,0,0,0,0,0,0
BSEEVI.BSE_IDX,01/07/2025,13:02:06,968.35,0,0,0,0,0,0
BSEEVI.BSE_IDX,01/07/2025,13:02:14,968.4,0,0,0,0,0,0
BSEEVI.BSE_IDX,01/07/2025,13:02:22,968.43,0,0,0,0,0,0
BSEEVI.BSE_IDX,01/07/2025,13:02:30,968.48,0,0,0,0,0,0
BSEEVI.BSE_IDX,01/07/2025,13:02:39,968.46,0,0,0,0,0,0
BSEEVI.BSE_IDX,01/07/2025,13:02:46,968.4,0,0,0,0,0,0
BSEEVI.BSE_IDX,01/07/2025,13:02:54,968.28,0,0,0,0,0,0
