Ticker,Date,Time,LTP,BuyPrice,BuyQty,SellPrice,SellQty,LTQ,OpenInterest
BSEFMC.BSE_IDX,01/07/2025,09:00:07,20351.01,0,0,0,0,0,0
BSEFMC.BSE_IDX,01/07/2025,09:00:15,20316.22,0,0,0,0,0,0
BSEFMC.BSE_IDX,01/07/2025,09:00:23,20288.84,0,0,0,0,0,0
BSEFMC.BSE_IDX,01/07/2025,09:00:31,20287.48,0,0,0,0,0,0
BSEFMC.BSE_IDX,01/07/2025,09:00:39,20278.43,0,0,0,0,0,0
BSEFMC.BSE_IDX,01/07/2025,09:00:47,20266.66,0,0,0,0,0,0
BSEFMC.BSE_IDX,01/07/2025,09:00:55,20266.64,0,0,0,0,0,0
BSEFMC.BSE_IDX,01/07/2025,09:01:03,20265.75,0,0,0,0,0,0
BSEFMC.BSE_IDX,01/07/2025,09:01:11,20287.42,0,0,0,0,0,0
BSEFMC.BSE_IDX,01/07/2025,09:01:19,20287.42,0,0,0,0,0,0
BSEFMC.BSE_IDX,01/07/2025,09:01:27,20286.76,0,0,0,0,0,0
BSEFMC.BSE_IDX,01/07/2025,09:01:35,20285.74,0,0,0,0,0,0
BSEFMC.BSE_IDX,01/07/2025,09:01:43,20285.81,0,0,0,0,0,0
BSEFMC.BSE_IDX,01/07/2025,09:01:51,20285.81,0,0,0,0,0,0
BSEFMC.BSE_IDX,01/07/2025,09:01:59,20284.3,0,0,0,0,0,0
BSEFMC.BSE_IDX,01/07/2025,09:02:07,20284.01,0,0,0,0,0,0
BSEFMC.BSE_IDX,01/07/2025,09:02:15,20283.61,0,0,0,0,0,0
BSEFMC.BSE_IDX,01/07/2025,09:02:23,20284,0,0,0,0,0,0
BSEFMC.BSE_IDX,01/07/2025,09:02:31,20279.86,0,0,0,0,0,0
BSEFMC.BSE_IDX,01/07/2025,09:02:39,20280.47,0,0,0,0,0,0
BSEFMC.BSE_IDX,01/07/2025,09:02:47,20283.72,0,0,0,0,0,0
BSEFMC.BSE_IDX,01/07/2025,09:02:55,20269.37,0,0,0,0,0,0
BSEFMC.BSE_IDX,01/07/2025,09:03:03,20283.26,0,0,0,0,0,0
BSEFMC.BSE_IDX,01/07/2025,09:03:11,20283.19,0,0,0,0,0,0
BSEFMC.BSE_IDX,01/07/2025,09:03:19,20284.06,0,0,0,0,0,0
BSEFMC.BSE_IDX,01/07/2025,09:03:27,20259.69,0,0,0,0,0,0
BSEFMC.BSE_IDX,01/07/2025,09:03:35,20253.8,0,0,0,0,0,0
BSEFMC.BSE_IDX,01/07/2025,09:03:43,20253.75,0,0,0,0,0,0
BSEFMC.BSE_IDX,01/07/2025,09:03:51,20255.28,0,0,0,0,0,0
BSEFMC.BSE_IDX,01/07/2025,09:03:59,20256.87,0,0,0,0,0,0
BSEFMC.BSE_IDX,01/07/2025,09:04:07,20250.46,0,0,0,0,0,0
BSEFMC.BSE_IDX,01/07/2025,09:04:15,20248.71,0,0,0,0,0,0
BSEFMC.BSE_IDX,01/07/2025,09:04:23,20249.41,0,0,0,0,0,0
BSEFMC.BSE_IDX,01/07/2025,09:04:31,20254.44,0,0,0,0,0,0
BSEFMC.BSE_IDX,01/07/2025,09:04:39,20261.22,0,0,0,0,0,0
BSEFMC.BSE_IDX,01/07/2025,09:04:47,20260.77,0,0,0,0,0,0
BSEFMC.BSE_IDX,01/07/2025,09:04:55,20261.34,0,0,0,0,0,0
BSEFMC.BSE_IDX,01/07/2025,09:05:03,20257.56,0,0,0,0,0,0
BSEFMC.BSE_IDX,01/07/2025,09:05:11,20259.22,0,0,0,0,0,0
BSEFMC.BSE_IDX,01/07/2025,09:05:19,20260.01,0,0,0,0,0,0
BSEFMC.BSE_IDX,01/07/2025,09:05:27,20258.95,0,0,0,0,0,0
BSEFMC.BSE_IDX,01/07/2025,09:05:35,20260.64,0,0,0,0,0,0
BSEFMC.BSE_IDX,01/07/2025,09:05:43,20259.02,0,0,0,0,0,0
BSEFMC.BSE_IDX,01/07/2025,09:05:51,20260,0,0,0,0,0,0
BSEFMC.BSE_IDX,01/07/2025,09:05:59,20260.85,0,0,0,0,0,0
BSEFMC.BSE_IDX,01/07/2025,09:06:07,20260.76,0,0,0,0,0,0
BSEFMC.BSE_IDX,01/07/2025,09:06:15,20261.71,0,0,0,0,0,0
BSEFMC.BSE_IDX,01/07/2025,09:06:23,20264.4,0,0,0,0,0,0
BSEFMC.BSE_IDX,01/07/2025,09:06:31,20267.03,0,0,0,0,0,0
BSEFMC.BSE_IDX,01/07/2025,09:06:39,20273.96,0,0,0,0,0,0
BSEFMC.BSE_IDX,01/07/2025,09:06:47,20277.79,0,0,0,0,0,0
BSEFMC.BSE_IDX,01/07/2025,09:06:55,20273.31,0,0,0,0,0,0
BSEFMC.BSE_IDX,01/07/2025,09:07:04,20282.93,0,0,0,0,0,0
BSEFMC.BSE_IDX,01/07/2025,09:07:11,20282.93,0,0,0,0,0,0
BSEFMC.BSE_IDX,01/07/2025,09:07:19,20282.93,0,0,0,0,0,0
BSEFMC.BSE_IDX,01/07/2025,09:07:27,20282.93,0,0,0,0,0,0
BSEFMC.BSE_IDX,01/07/2025,09:07:35,20282.93,0,0,0,0,0,0
BSEFMC.BSE_IDX,01/07/2025,09:07:43,20282.93,0,0,0,0,0,0
BSEFMC.BSE_IDX,01/07/2025,09:07:51,20282.93,0,0,0,0,0,0
BSEFMC.BSE_IDX,01/07/2025,09:07:59,20282.93,0,0,0,0,0,0
BSEFMC.BSE_IDX,01/07/2025,09:08:07,20282.93,0,0,0,0,0,0
BSEFMC.BSE_IDX,01/07/2025,09:08:15,20282.93,0,0,0,0,0,0
BSEFMC.BSE_IDX,01/07/2025,09:08:23,20282.93,0,0,0,0,0,0
BSEFMC.BSE_IDX,01/07/2025,09:08:31,20282.93,0,0,0,0,0,0
BSEFMC.BSE_IDX,01/07/2025,09:08:39,20282.93,0,0,0,0,0,0
BSEFMC.BSE_IDX,01/07/2025,09:08:47,20282.93,0,0,0,0,0,0
BSEFMC.BSE_IDX,01/07/2025,09:08:55,20282.93,0,0,0,0,0,0
BSEFMC.BSE_IDX,01/07/2025,09:09:03,20283.01,0,0,0,0,0,0
BSEFMC.BSE_IDX,01/07/2025,09:09:11,20283.01,0,0,0,0,0,0
BSEFMC.BSE_IDX,01/07/2025,09:09:19,20283.01,0,0,0,0,0,0
BSEFMC.BSE_IDX,01/07/2025,09:09:27,20283.01,0,0,0,0,0,0
BSEFMC.BSE_IDX,01/07/2025,09:09:35,20283.01,0,0,0,0,0,0
BSEFMC.BSE_IDX,01/07/2025,09:09:43,20283.01,0,0,0,0,0,0
BSEFMC.BSE_IDX,01/07/2025,09:09:51,20283.01,0,0,0,0,0,0
BSEFMC.BSE_IDX,01/07/2025,09:09:59,20283.01,0,0,0,0,0,0
BSEFMC.BSE_IDX,01/07/2025,09:10:07,20283.01,0,0,0,0,0,0
BSEFMC.BSE_IDX,01/07/2025,09:10:15,20283.01,0,0,0,0,0,0
BSEFMC.BSE_IDX,01/07/2025,09:10:23,20283.01,0,0,0,0,0,0
BSEFMC.BSE_IDX,01/07/2025,09:10:31,20283.01,0,0,0,0,0,0
BSEFMC.BSE_IDX,01/07/2025,09:10:39,20283.01,0,0,0,0,0,0
BSEFMC.BSE_IDX,01/07/2025,09:10:47,20283.01,0,0,0,0,0,0
BSEFMC.BSE_IDX,01/07/2025,09:10:55,20283.01,0,0,0,0,0,0
BSEFMC.BSE_IDX,01/07/2025,09:11:03,20283.01,0,0,0,0,0,0
BSEFMC.BSE_IDX,01/07/2025,09:11:11,20283.01,0,0,0,0,0,0
BSEFMC.BSE_IDX,01/07/2025,09:11:19,20283.01,0,0,0,0,0,0
BSEFMC.BSE_IDX,01/07/2025,09:11:27,20283.01,0,0,0,0,0,0
BSEFMC.BSE_IDX,01/07/2025,09:11:35,20283.01,0,0,0,0,0,0
BSEFMC.BSE_IDX,01/07/2025,09:11:43,20283.01,0,0,0,0,0,0
BSEFMC.BSE_IDX,01/07/2025,09:11:51,20283.01,0,0,0,0,0,0
BSEFMC.BSE_IDX,01/07/2025,09:11:59,20283.01,0,0,0,0,0,0
BSEFMC.BSE_IDX,01/07/2025,09:12:07,20283.01,0,0,0,0,0,0
BSEFMC.BSE_IDX,01/07/2025,09:12:16,20283.01,0,0,0,0,0,0
BSEFMC.BSE_IDX,01/07/2025,09:12:23,20283.01,0,0,0,0,0,0
BSEFMC.BSE_IDX,01/07/2025,09:12:31,20283.01,0,0,0,0,0,0
BSEFMC.BSE_IDX,01/07/2025,09:12:39,20283.01,0,0,0,0,0,0
BSEFMC.BSE_IDX,01/07/2025,09:12:47,20283.01,0,0,0,0,0,0
BSEFMC.BSE_IDX,01/07/2025,09:12:55,20283.01,0,0,0,0,0,0
BSEFMC.BSE_IDX,01/07/2025,09:13:03,20283.01,0,0,0,0,0,0
BSEFMC.BSE_IDX,01/07/2025,09:13:11,20283.01,0,0,0,0,0,0
BSEFMC.BSE_IDX,01/07/2025,09:13:19,20283.01,0,0,0,0,0,0
BSEFMC.BSE_IDX,01/07/2025,09:13:27,20283.01,0,0,0,0,0,0
BSEFMC.BSE_IDX,01/07/2025,09:13:35,20283.01,0,0,0,0,0,0
BSEFMC.BSE_IDX,01/07/2025,09:13:43,20283.01,0,0,0,0,0,0
BSEFMC.BSE_IDX,01/07/2025,09:13:51,20283.01,0,0,0,0,0,0
BSEFMC.BSE_IDX,01/07/2025,09:13:59,20283.01,0,0,0,0,0,0
BSEFMC.BSE_IDX,01/07/2025,09:14:07,20283.01,0,0,0,0,0,0
BSEFMC.BSE_IDX,01/07/2025,09:14:15,20283.01,0,0,0,0,0,0
BSEFMC.BSE_IDX,01/07/2025,09:14:23,20283.01,0,0,0,0,0,0
BSEFMC.BSE_IDX,01/07/2025,09:14:31,20283.01,0,0,0,0,0,0
BSEFMC.BSE_IDX,01/07/2025,09:14:39,20283.01,0,0,0,0,0,0
BSEFMC.BSE_IDX,01/07/2025,09:14:47,20283.01,0,0,0,0,0,0
BSEFMC.BSE_IDX,01/07/2025,09:14:55,20283.01,0,0,0,0,0,0
BSEFMC.BSE_IDX,01/07/2025,09:15:04,20282.27,0,0,0,0,0,0
BSEFMC.BSE_IDX,01/07/2025,09:15:11,20290.01,0,0,0,0,0,0
BSEFMC.BSE_IDX,01/07/2025,09:15:19,20294,0,0,0,0,0,0
BSEFMC.BSE_IDX,01/07/2025,09:15:27,20283.92,0,0,0,0,0,0
BSEFMC.BSE_IDX,01/07/2025,09:15:35,20277.63,0,0,0,0,0,0
BSEFMC.BSE_IDX,01/07/2025,09:15:43,20281.11,0,0,0,0,0,0
BSEFMC.BSE_IDX,01/07/2025,09:15:51,20282.43,0,0,0,0,0,0
BSEFMC.BSE_IDX,01/07/2025,09:15:59,20280.97,0,0,0,0,0,0
BSEFMC.BSE_IDX,01/07/2025,09:16:07,20282.3,0,0,0,0,0,0
BSEFMC.BSE_IDX,01/07/2025,09:16:15,20277.13,0,0,0,0,0,0
BSEFMC.BSE_IDX,01/07/2025,09:16:24,20269.45,0,0,0,0,0,0
BSEFMC.BSE_IDX,01/07/2025,09:16:31,20264.66,0,0,0,0,0,0
BSEFMC.BSE_IDX,01/07/2025,09:16:39,20267.27,0,0,0,0,0,0
BSEFMC.BSE_IDX,01/07/2025,09:16:48,20265.58,0,0,0,0,0,0
BSEFMC.BSE_IDX,01/07/2025,09:16:55,20268.84,0,0,0,0,0,0
BSEFMC.BSE_IDX,01/07/2025,09:17:03,20269.63,0,0,0,0,0,0
BSEFMC.BSE_IDX,01/07/2025,09:17:12,20262.09,0,0,0,0,0,0
BSEFMC.BSE_IDX,01/07/2025,09:17:19,20261.95,0,0,0,0,0,0
BSEFMC.BSE_IDX,01/07/2025,09:17:27,20254.32,0,0,0,0,0,0
BSEFMC.BSE_IDX,01/07/2025,09:17:35,20256.59,0,0,0,0,0,0
BSEFMC.BSE_IDX,01/07/2025,09:17:44,20259.36,0,0,0,0,0,0
BSEFMC.BSE_IDX,01/07/2025,09:17:51,20263.54,0,0,0,0,0,0
BSEFMC.BSE_IDX,01/07/2025,09:17:59,20265.64,0,0,0,0,0,0
BSEFMC.BSE_IDX,01/07/2025,09:18:07,20262.79,0,0,0,0,0,0
BSEFMC.BSE_IDX,01/07/2025,09:18:15,20266.36,0,0,0,0,0,0
BSEFMC.BSE_IDX,01/07/2025,09:18:23,20265.69,0,0,0,0,0,0
BSEFMC.BSE_IDX,01/07/2025,09:18:31,20264.18,0,0,0,0,0,0
BSEFMC.BSE_IDX,01/07/2025,09:18:39,20267.44,0,0,0,0,0,0
BSEFMC.BSE_IDX,01/07/2025,09:18:47,20267.78,0,0,0,0,0,0
BSEFMC.BSE_IDX,01/07/2025,09:18:56,20262.7,0,0,0,0,0,0
BSEFMC.BSE_IDX,01/07/2025,09:19:03,20263.8,0,0,0,0,0,0
BSEFMC.BSE_IDX,01/07/2025,09:19:11,20263.71,0,0,0,0,0,0
BSEFMC.BSE_IDX,01/07/2025,09:19:19,20263.09,0,0,0,0,0,0
BSEFMC.BSE_IDX,01/07/2025,09:19:28,20263.13,0,0,0,0,0,0
BSEFMC.BSE_IDX,01/07/2025,09:19:35,20267.54,0,0,0,0,0,0
BSEFMC.BSE_IDX,01/07/2025,09:19:43,20267.34,0,0,0,0,0,0
BSEFMC.BSE_IDX,01/07/2025,09:19:52,20266.48,0,0,0,0,0,0
BSEFMC.BSE_IDX,01/07/2025,09:19:59,20267.91,0,0,0,0,0,0
BSEFMC.BSE_IDX,01/07/2025,09:20:07,20278.46,0,0,0,0,0,0
BSEFMC.BSE_IDX,01/07/2025,09:20:15,20280.38,0,0,0,0,0,0
BSEFMC.BSE_IDX,01/07/2025,09:20:24,20277.76,0,0,0,0,0,0
BSEFMC.BSE_IDX,01/07/2025,09:20:31,20284.27,0,0,0,0,0,0
BSEFMC.BSE_IDX,01/07/2025,09:20:39,20285.53,0,0,0,0,0,0
BSEFMC.BSE_IDX,01/07/2025,09:20:47,20283.16,0,0,0,0,0,0
BSEFMC.BSE_IDX,01/07/2025,09:20:55,20281.37,0,0,0,0,0,0
BSEFMC.BSE_IDX,01/07/2025,09:21:03,20279.77,0,0,0,0,0,0
BSEFMC.BSE_IDX,01/07/2025,09:21:11,20282.64,0,0,0,0,0,0
BSEFMC.BSE_IDX,01/07/2025,09:21:19,20278.96,0,0,0,0,0,0
BSEFMC.BSE_IDX,01/07/2025,09:21:27,20287.5,0,0,0,0,0,0
BSEFMC.BSE_IDX,01/07/2025,09:21:36,20285.9,0,0,0,0,0,0
BSEFMC.BSE_IDX,01/07/2025,09:21:43,20287.26,0,0,0,0,0,0
BSEFMC.BSE_IDX,01/07/2025,09:21:51,20288.21,0,0,0,0,0,0
BSEFMC.BSE_IDX,01/07/2025,09:21:59,20287.93,0,0,0,0,0,0
BSEFMC.BSE_IDX,01/07/2025,09:22:07,20286.13,0,0,0,0,0,0
BSEFMC.BSE_IDX,01/07/2025,09:22:15,20287.42,0,0,0,0,0,0
BSEFMC.BSE_IDX,01/07/2025,09:22:23,20284.85,0,0,0,0,0,0
BSEFMC.BSE_IDX,01/07/2025,09:22:31,20284.09,0,0,0,0,0,0
BSEFMC.BSE_IDX,01/07/2025,09:22:39,20286.14,0,0,0,0,0,0
BSEFMC.BSE_IDX,01/07/2025,09:22:47,20283.56,0,0,0,0,0,0
BSEFMC.BSE_IDX,01/07/2025,09:22:55,20283.98,0,0,0,0,0,0
BSEFMC.BSE_IDX,01/07/2025,09:23:03,20283.24,0,0,0,0,0,0
BSEFMC.BSE_IDX,01/07/2025,09:23:11,20283.76,0,0,0,0,0,0
BSEFMC.BSE_IDX,01/07/2025,09:23:19,20282.17,0,0,0,0,0,0
BSEFMC.BSE_IDX,01/07/2025,09:23:27,20279.76,0,0,0,0,0,0
BSEFMC.BSE_IDX,01/07/2025,09:23:35,20275.68,0,0,0,0,0,0
BSEFMC.BSE_IDX,01/07/2025,09:23:44,20274.94,0,0,0,0,0,0
BSEFMC.BSE_IDX,01/07/2025,09:23:51,20271.84,0,0,0,0,0,0
BSEFMC.BSE_IDX,01/07/2025,09:23:59,20272.31,0,0,0,0,0,0
BSEFMC.BSE_IDX,01/07/2025,09:24:08,20272.54,0,0,0,0,0,0
BSEFMC.BSE_IDX,01/07/2025,09:24:15,20270.2,0,0,0,0,0,0
BSEFMC.BSE_IDX,01/07/2025,09:24:23,20272.25,0,0,0,0,0,0
BSEFMC.BSE_IDX,01/07/2025,09:24:32,20269.76,0,0,0,0,0,0
BSEFMC.BSE_IDX,01/07/2025,09:24:39,20270.98,0,0,0,0,0,0
BSEFMC.BSE_IDX,01/07/2025,09:24:48,20269.34,0,0,0,0,0,0
BSEFMC.BSE_IDX,01/07/2025,09:24:57,20268.14,0,0,0,0,0,0
BSEFMC.BSE_IDX,01/07/2025,09:25:03,20268.63,0,0,0,0,0,0
BSEFMC.BSE_IDX,01/07/2025,09:25:12,20267.53,0,0,0,0,0,0
BSEFMC.BSE_IDX,01/07/2025,09:25:19,20271.04,0,0,0,0,0,0
BSEFMC.BSE_IDX,01/07/2025,09:25:29,20271.47,0,0,0,0,0,0
BSEFMC.BSE_IDX,01/07/2025,09:25:35,20272.7,0,0,0,0,0,0
BSEFMC.BSE_IDX,01/07/2025,09:25:43,20270.77,0,0,0,0,0,0
BSEFMC.BSE_IDX,01/07/2025,09:25:51,20267.78,0,0,0,0,0,0
BSEFMC.BSE_IDX,01/07/2025,09:25:59,20269.45,0,0,0,0,0,0
BSEFMC.BSE_IDX,01/07/2025,09:26:08,20267.76,0,0,0,0,0,0
BSEFMC.BSE_IDX,01/07/2025,09:26:15,20267.73,0,0,0,0,0,0
BSEFMC.BSE_IDX,01/07/2025,09:26:23,20269.77,0,0,0,0,0,0
BSEFMC.BSE_IDX,01/07/2025,09:26:31,20273.93,0,0,0,0,0,0
BSEFMC.BSE_IDX,01/07/2025,09:26:39,20271.87,0,0,0,0,0,0
BSEFMC.BSE_IDX,01/07/2025,09:26:48,20272.2,0,0,0,0,0,0
BSEFMC.BSE_IDX,01/07/2025,09:26:55,20272.24,0,0,0,0,0,0
BSEFMC.BSE_IDX,01/07/2025,09:27:04,20274.65,0,0,0,0,0,0
BSEFMC.BSE_IDX,01/07/2025,09:27:12,20275.1,0,0,0,0,0,0
BSEFMC.BSE_IDX,01/07/2025,09:27:19,20274.56,0,0,0,0,0,0
BSEFMC.BSE_IDX,01/07/2025,09:27:28,20272.82,0,0,0,0,0,0
BSEFMC.BSE_IDX,01/07/2025,09:27:36,20270.76,0,0,0,0,0,0
BSEFMC.BSE_IDX,01/07/2025,09:27:44,20272.76,0,0,0,0,0,0
BSEFMC.BSE_IDX,01/07/2025,09:27:51,20273.09,0,0,0,0,0,0
BSEFMC.BSE_IDX,01/07/2025,09:28:00,20273.92,0,0,0,0,0,0
BSEFMC.BSE_IDX,01/07/2025,09:28:08,20266.71,0,0,0,0,0,0
BSEFMC.BSE_IDX,01/07/2025,09:28:16,20272.31,0,0,0,0,0,0
BSEFMC.BSE_IDX,01/07/2025,09:28:24,20268.03,0,0,0,0,0,0
BSEFMC.BSE_IDX,01/07/2025,09:28:32,20266.11,0,0,0,0,0,0
BSEFMC.BSE_IDX,01/07/2025,09:28:40,20260.1,0,0,0,0,0,0
BSEFMC.BSE_IDX,01/07/2025,09:28:48,20258.39,0,0,0,0,0,0
BSEFMC.BSE_IDX,01/07/2025,09:28:56,20255.46,0,0,0,0,0,0
BSEFMC.BSE_IDX,01/07/2025,09:29:04,20259.59,0,0,0,0,0,0
BSEFMC.BSE_IDX,01/07/2025,09:29:12,20259.6,0,0,0,0,0,0
BSEFMC.BSE_IDX,01/07/2025,09:29:20,20254.25,0,0,0,0,0,0
BSEFMC.BSE_IDX,01/07/2025,09:29:28,20258.41,0,0,0,0,0,0
BSEFMC.BSE_IDX,01/07/2025,09:29:36,20257.4,0,0,0,0,0,0
BSEFMC.BSE_IDX,01/07/2025,09:29:44,20260.76,0,0,0,0,0,0
BSEFMC.BSE_IDX,01/07/2025,09:29:52,20257.22,0,0,0,0,0,0
BSEFMC.BSE_IDX,01/07/2025,09:30:00,20256.48,0,0,0,0,0,0
BSEFMC.BSE_IDX,01/07/2025,09:30:08,20260.57,0,0,0,0,0,0
BSEFMC.BSE_IDX,01/07/2025,09:30:16,20269.83,0,0,0,0,0,0
BSEFMC.BSE_IDX,01/07/2025,09:30:24,20273,0,0,0,0,0,0
BSEFMC.BSE_IDX,01/07/2025,09:30:32,20270.87,0,0,0,0,0,0
BSEFMC.BSE_IDX,01/07/2025,09:30:40,20268.08,0,0,0,0,0,0
BSEFMC.BSE_IDX,01/07/2025,09:30:48,20269.4,0,0,0,0,0,0
BSEFMC.BSE_IDX,01/07/2025,09:30:56,20270.64,0,0,0,0,0,0
BSEFMC.BSE_IDX,01/07/2025,09:31:04,20265.96,0,0,0,0,0,0
BSEFMC.BSE_IDX,01/07/2025,09:31:12,20266.29,0,0,0,0,0,0
BSEFMC.BSE_IDX,01/07/2025,09:31:20,20263.98,0,0,0,0,0,0
BSEFMC.BSE_IDX,01/07/2025,09:31:28,20263.87,0,0,0,0,0,0
BSEFMC.BSE_IDX,01/07/2025,09:31:36,20263.72,0,0,0,0,0,0
BSEFMC.BSE_IDX,01/07/2025,09:31:44,20264.21,0,0,0,0,0,0
BSEFMC.BSE_IDX,01/07/2025,09:31:52,20264.67,0,0,0,0,0,0
BSEFMC.BSE_IDX,01/07/2025,09:32:00,20262.58,0,0,0,0,0,0
BSEFMC.BSE_IDX,01/07/2025,09:32:08,20259.91,0,0,0,0,0,0
BSEFMC.BSE_IDX,01/07/2025,09:32:16,20258.88,0,0,0,0,0,0
BSEFMC.BSE_IDX,01/07/2025,09:32:24,20261.19,0,0,0,0,0,0
BSEFMC.BSE_IDX,01/07/2025,09:32:32,20262.22,0,0,0,0,0,0
BSEFMC.BSE_IDX,01/07/2025,09:32:40,20261.58,0,0,0,0,0,0
BSEFMC.BSE_IDX,01/07/2025,09:32:48,20262.76,0,0,0,0,0,0
BSEFMC.BSE_IDX,01/07/2025,09:32:56,20266.53,0,0,0,0,0,0
BSEFMC.BSE_IDX,01/07/2025,09:33:04,20266.49,0,0,0,0,0,0
BSEFMC.BSE_IDX,01/07/2025,09:33:12,20265.68,0,0,0,0,0,0
BSEFMC.BSE_IDX,01/07/2025,09:33:20,20265.71,0,0,0,0,0,0
BSEFMC.BSE_IDX,01/07/2025,09:33:28,20260.95,0,0,0,0,0,0
BSEFMC.BSE_IDX,01/07/2025,09:33:36,20264.15,0,0,0,0,0,0
BSEFMC.BSE_IDX,01/07/2025,09:33:44,20264.64,0,0,0,0,0,0
BSEFMC.BSE_IDX,01/07/2025,09:33:52,20264.76,0,0,0,0,0,0
BSEFMC.BSE_IDX,01/07/2025,09:34:00,20264.77,0,0,0,0,0,0
BSEFMC.BSE_IDX,01/07/2025,09:34:08,20268.65,0,0,0,0,0,0
BSEFMC.BSE_IDX,01/07/2025,09:34:16,20267.42,0,0,0,0,0,0
BSEFMC.BSE_IDX,01/07/2025,09:34:24,20267.93,0,0,0,0,0,0
BSEFMC.BSE_IDX,01/07/2025,09:34:32,20265.59,0,0,0,0,0,0
BSEFMC.BSE_IDX,01/07/2025,09:34:40,20264.16,0,0,0,0,0,0
BSEFMC.BSE_IDX,01/07/2025,09:34:48,20267.29,0,0,0,0,0,0
BSEFMC.BSE_IDX,01/07/2025,09:34:56,20264.12,0,0,0,0,0,0
BSEFMC.BSE_IDX,01/07/2025,09:35:05,20258.63,0,0,0,0,0,0
BSEFMC.BSE_IDX,01/07/2025,09:35:12,20266.14,0,0,0,0,0,0
BSEFMC.BSE_IDX,01/07/2025,09:35:20,20263.07,0,0,0,0,0,0
BSEFMC.BSE_IDX,01/07/2025,09:35:28,20263.44,0,0,0,0,0,0
BSEFMC.BSE_IDX,01/07/2025,09:35:36,20265.59,0,0,0,0,0,0
BSEFMC.BSE_IDX,01/07/2025,09:35:44,20263.58,0,0,0,0,0,0
BSEFMC.BSE_IDX,01/07/2025,09:35:52,20263.49,0,0,0,0,0,0
BSEFMC.BSE_IDX,01/07/2025,09:36:00,20263.17,0,0,0,0,0,0
BSEFMC.BSE_IDX,01/07/2025,09:36:08,20260.54,0,0,0,0,0,0
BSEFMC.BSE_IDX,01/07/2025,09:36:16,20260.84,0,0,0,0,0,0
BSEFMC.BSE_IDX,01/07/2025,09:36:24,20256.76,0,0,0,0,0,0
BSEFMC.BSE_IDX,01/07/2025,09:36:33,20258.49,0,0,0,0,0,0
BSEFMC.BSE_IDX,01/07/2025,09:36:40,20258.94,0,0,0,0,0,0
BSEFMC.BSE_IDX,01/07/2025,09:36:48,20261.16,0,0,0,0,0,0
BSEFMC.BSE_IDX,01/07/2025,09:36:56,20260.72,0,0,0,0,0,0
BSEFMC.BSE_IDX,01/07/2025,09:37:04,20256.37,0,0,0,0,0,0
BSEFMC.BSE_IDX,01/07/2025,09:37:12,20259.91,0,0,0,0,0,0
BSEFMC.BSE_IDX,01/07/2025,09:37:20,20259.99,0,0,0,0,0,0
BSEFMC.BSE_IDX,01/07/2025,09:37:28,20257.8,0,0,0,0,0,0
BSEFMC.BSE_IDX,01/07/2025,09:37:36,20256.78,0,0,0,0,0,0
BSEFMC.BSE_IDX,01/07/2025,09:37:44,20259.59,0,0,0,0,0,0
BSEFMC.BSE_IDX,01/07/2025,09:37:52,20260.41,0,0,0,0,0,0
BSEFMC.BSE_IDX,01/07/2025,09:38:00,20259.91,0,0,0,0,0,0
BSEFMC.BSE_IDX,01/07/2025,09:38:08,20253.66,0,0,0,0,0,0
BSEFMC.BSE_IDX,01/07/2025,09:38:16,20255.05,0,0,0,0,0,0
BSEFMC.BSE_IDX,01/07/2025,09:38:24,20253.14,0,0,0,0,0,0
BSEFMC.BSE_IDX,01/07/2025,09:38:32,20250.64,0,0,0,0,0,0
BSEFMC.BSE_IDX,01/07/2025,09:38:40,20251.66,0,0,0,0,0,0
BSEFMC.BSE_IDX,01/07/2025,09:38:48,20252.42,0,0,0,0,0,0
BSEFMC.BSE_IDX,01/07/2025,09:38:56,20252.55,0,0,0,0,0,0
BSEFMC.BSE_IDX,01/07/2025,09:39:04,20247.33,0,0,0,0,0,0
BSEFMC.BSE_IDX,01/07/2025,09:39:12,20250.31,0,0,0,0,0,0
BSEFMC.BSE_IDX,01/07/2025,09:39:20,20246.63,0,0,0,0,0,0
BSEFMC.BSE_IDX,01/07/2025,09:39:28,20247.71,0,0,0,0,0,0
BSEFMC.BSE_IDX,01/07/2025,09:39:36,20246.81,0,0,0,0,0,0
BSEFMC.BSE_IDX,01/07/2025,09:39:44,20245.65,0,0,0,0,0,0
BSEFMC.BSE_IDX,01/07/2025,09:39:52,20249.78,0,0,0,0,0,0
BSEFMC.BSE_IDX,01/07/2025,09:40:00,20249.91,0,0,0,0,0,0
BSEFMC.BSE_IDX,01/07/2025,09:40:08,20247.04,0,0,0,0,0,0
BSEFMC.BSE_IDX,01/07/2025,09:40:16,20250.79,0,0,0,0,0,0
BSEFMC.BSE_IDX,01/07/2025,09:40:24,20248.92,0,0,0,0,0,0
BSEFMC.BSE_IDX,01/07/2025,09:40:32,20246.93,0,0,0,0,0,0
BSEFMC.BSE_IDX,01/07/2025,09:40:40,20248.48,0,0,0,0,0,0
BSEFMC.BSE_IDX,01/07/2025,09:40:48,20248.64,0,0,0,0,0,0
BSEFMC.BSE_IDX,01/07/2025,09:40:56,20249.5,0,0,0,0,0,0
BSEFMC.BSE_IDX,01/07/2025,09:41:04,20248.55,0,0,0,0,0,0
BSEFMC.BSE_IDX,01/07/2025,09:41:12,20249.74,0,0,0,0,0,0
BSEFMC.BSE_IDX,01/07/2025,09:41:20,20246.09,0,0,0,0,0,0
BSEFMC.BSE_IDX,01/07/2025,09:41:28,20249.77,0,0,0,0,0,0
BSEFMC.BSE_IDX,01/07/2025,09:41:36,20251.03,0,0,0,0,0,0
BSEFMC.BSE_IDX,01/07/2025,09:41:44,20247.4,0,0,0,0,0,0
BSEFMC.BSE_IDX,01/07/2025,09:41:52,20249.84,0,0,0,0,0,0
BSEFMC.BSE_IDX,01/07/2025,09:42:00,20250.32,0,0,0,0,0,0
BSEFMC.BSE_IDX,01/07/2025,09:42:08,20252.12,0,0,0,0,0,0
BSEFMC.BSE_IDX,01/07/2025,09:42:16,20251.62,0,0,0,0,0,0
BSEFMC.BSE_IDX,01/07/2025,09:42:24,20251.51,0,0,0,0,0,0
BSEFMC.BSE_IDX,01/07/2025,09:42:32,20251.82,0,0,0,0,0,0
BSEFMC.BSE_IDX,01/07/2025,09:42:40,20251.95,0,0,0,0,0,0
BSEFMC.BSE_IDX,01/07/2025,09:42:48,20253.48,0,0,0,0,0,0
BSEFMC.BSE_IDX,01/07/2025,09:42:56,20251.55,0,0,0,0,0,0
BSEFMC.BSE_IDX,01/07/2025,09:43:04,20251.53,0,0,0,0,0,0
BSEFMC.BSE_IDX,01/07/2025,09:43:12,20251.33,0,0,0,0,0,0
BSEFMC.BSE_IDX,01/07/2025,09:43:20,20251.11,0,0,0,0,0,0
BSEFMC.BSE_IDX,01/07/2025,09:43:28,20249.71,0,0,0,0,0,0
BSEFMC.BSE_IDX,01/07/2025,09:43:36,20251.42,0,0,0,0,0,0
BSEFMC.BSE_IDX,01/07/2025,09:43:44,20252.3,0,0,0,0,0,0
BSEFMC.BSE_IDX,01/07/2025,09:43:53,20252,0,0,0,0,0,0
BSEFMC.BSE_IDX,01/07/2025,09:44:00,20251.65,0,0,0,0,0,0
BSEFMC.BSE_IDX,01/07/2025,09:44:08,20252.23,0,0,0,0,0,0
BSEFMC.BSE_IDX,01/07/2025,09:44:16,20252.5,0,0,0,0,0,0
BSEFMC.BSE_IDX,01/07/2025,09:44:24,20252.55,0,0,0,0,0,0
BSEFMC.BSE_IDX,01/07/2025,09:44:32,20253.73,0,0,0,0,0,0
BSEFMC.BSE_IDX,01/07/2025,09:44:40,20251.08,0,0,0,0,0,0
BSEFMC.BSE_IDX,01/07/2025,09:44:48,20250.45,0,0,0,0,0,0
BSEFMC.BSE_IDX,01/07/2025,09:44:56,20248.57,0,0,0,0,0,0
BSEFMC.BSE_IDX,01/07/2025,09:45:05,20245.65,0,0,0,0,0,0
BSEFMC.BSE_IDX,01/07/2025,09:45:12,20247.33,0,0,0,0,0,0
BSEFMC.BSE_IDX,01/07/2025,09:45:20,20249.58,0,0,0,0,0,0
BSEFMC.BSE_IDX,01/07/2025,09:45:28,20250.83,0,0,0,0,0,0
BSEFMC.BSE_IDX,01/07/2025,09:45:36,20246.44,0,0,0,0,0,0
BSEFMC.BSE_IDX,01/07/2025,09:45:44,20242.79,0,0,0,0,0,0
BSEFMC.BSE_IDX,01/07/2025,09:45:52,20239.58,0,0,0,0,0,0
BSEFMC.BSE_IDX,01/07/2025,09:46:01,20239.39,0,0,0,0,0,0
BSEFMC.BSE_IDX,01/07/2025,09:46:08,20239.34,0,0,0,0,0,0
BSEFMC.BSE_IDX,01/07/2025,09:46:16,20237.12,0,0,0,0,0,0
BSEFMC.BSE_IDX,01/07/2025,09:46:24,20241.91,0,0,0,0,0,0
BSEFMC.BSE_IDX,01/07/2025,09:46:32,20242.45,0,0,0,0,0,0
BSEFMC.BSE_IDX,01/07/2025,09:46:40,20239.14,0,0,0,0,0,0
BSEFMC.BSE_IDX,01/07/2025,09:46:48,20238.81,0,0,0,0,0,0
BSEFMC.BSE_IDX,01/07/2025,09:46:56,20242.12,0,0,0,0,0,0
BSEFMC.BSE_IDX,01/07/2025,09:47:04,20242.68,0,0,0,0,0,0
BSEFMC.BSE_IDX,01/07/2025,09:47:12,20240.83,0,0,0,0,0,0
BSEFMC.BSE_IDX,01/07/2025,09:47:20,20241.16,0,0,0,0,0,0
BSEFMC.BSE_IDX,01/07/2025,09:47:28,20238.15,0,0,0,0,0,0
BSEFMC.BSE_IDX,01/07/2025,09:47:36,20240.17,0,0,0,0,0,0
BSEFMC.BSE_IDX,01/07/2025,09:47:44,20239.21,0,0,0,0,0,0
BSEFMC.BSE_IDX,01/07/2025,09:47:52,20238.83,0,0,0,0,0,0
BSEFMC.BSE_IDX,01/07/2025,09:48:00,20240.5,0,0,0,0,0,0
BSEFMC.BSE_IDX,01/07/2025,09:48:08,20239.07,0,0,0,0,0,0
BSEFMC.BSE_IDX,01/07/2025,09:48:16,20236.9,0,0,0,0,0,0
BSEFMC.BSE_IDX,01/07/2025,09:48:24,20238.49,0,0,0,0,0,0
BSEFMC.BSE_IDX,01/07/2025,09:48:32,20239.98,0,0,0,0,0,0
BSEFMC.BSE_IDX,01/07/2025,09:48:40,20237.5,0,0,0,0,0,0
BSEFMC.BSE_IDX,01/07/2025,09:48:48,20237.52,0,0,0,0,0,0
BSEFMC.BSE_IDX,01/07/2025,09:48:56,20236.71,0,0,0,0,0,0
BSEFMC.BSE_IDX,01/07/2025,09:49:04,20239.72,0,0,0,0,0,0
BSEFMC.BSE_IDX,01/07/2025,09:49:12,20239.63,0,0,0,0,0,0
BSEFMC.BSE_IDX,01/07/2025,09:49:20,20238.84,0,0,0,0,0,0
BSEFMC.BSE_IDX,01/07/2025,09:49:28,20237.05,0,0,0,0,0,0
BSEFMC.BSE_IDX,01/07/2025,09:49:36,20237.48,0,0,0,0,0,0
BSEFMC.BSE_IDX,01/07/2025,09:49:44,20243.01,0,0,0,0,0,0
BSEFMC.BSE_IDX,01/07/2025,09:49:52,20240.11,0,0,0,0,0,0
BSEFMC.BSE_IDX,01/07/2025,09:50:00,20241.39,0,0,0,0,0,0
BSEFMC.BSE_IDX,01/07/2025,09:50:08,20242.53,0,0,0,0,0,0
BSEFMC.BSE_IDX,01/07/2025,09:50:16,20242.76,0,0,0,0,0,0
BSEFMC.BSE_IDX,01/07/2025,09:50:24,20243.26,0,0,0,0,0,0
BSEFMC.BSE_IDX,01/07/2025,09:50:32,20240.89,0,0,0,0,0,0
BSEFMC.BSE_IDX,01/07/2025,09:50:40,20236.45,0,0,0,0,0,0
BSEFMC.BSE_IDX,01/07/2025,09:50:48,20241.21,0,0,0,0,0,0
BSEFMC.BSE_IDX,01/07/2025,09:50:57,20240.12,0,0,0,0,0,0
BSEFMC.BSE_IDX,01/07/2025,09:51:04,20239.16,0,0,0,0,0,0
BSEFMC.BSE_IDX,01/07/2025,09:51:12,20240.2,0,0,0,0,0,0
BSEFMC.BSE_IDX,01/07/2025,09:51:20,20241.51,0,0,0,0,0,0
BSEFMC.BSE_IDX,01/07/2025,09:51:28,20238.52,0,0,0,0,0,0
BSEFMC.BSE_IDX,01/07/2025,09:51:37,20237.14,0,0,0,0,0,0
BSEFMC.BSE_IDX,01/07/2025,09:51:44,20236.99,0,0,0,0,0,0
BSEFMC.BSE_IDX,01/07/2025,09:51:52,20235.03,0,0,0,0,0,0
BSEFMC.BSE_IDX,01/07/2025,09:52:01,20234.14,0,0,0,0,0,0
BSEFMC.BSE_IDX,01/07/2025,09:52:08,20231.99,0,0,0,0,0,0
BSEFMC.BSE_IDX,01/07/2025,09:52:17,20232.64,0,0,0,0,0,0
BSEFMC.BSE_IDX,01/07/2025,09:52:24,20233.33,0,0,0,0,0,0
BSEFMC.BSE_IDX,01/07/2025,09:52:32,20233.88,0,0,0,0,0,0
BSEFMC.BSE_IDX,01/07/2025,09:52:40,20232.34,0,0,0,0,0,0
BSEFMC.BSE_IDX,01/07/2025,09:52:48,20234.16,0,0,0,0,0,0
BSEFMC.BSE_IDX,01/07/2025,09:52:57,20240.4,0,0,0,0,0,0
BSEFMC.BSE_IDX,01/07/2025,09:53:04,20236.95,0,0,0,0,0,0
BSEFMC.BSE_IDX,01/07/2025,09:53:13,20238.69,0,0,0,0,0,0
BSEFMC.BSE_IDX,01/07/2025,09:53:20,20238.08,0,0,0,0,0,0
BSEFMC.BSE_IDX,01/07/2025,09:53:28,20237.8,0,0,0,0,0,0
BSEFMC.BSE_IDX,01/07/2025,09:53:36,20239.98,0,0,0,0,0,0
BSEFMC.BSE_IDX,01/07/2025,09:53:44,20239.02,0,0,0,0,0,0
BSEFMC.BSE_IDX,01/07/2025,09:53:52,20237.33,0,0,0,0,0,0
BSEFMC.BSE_IDX,01/07/2025,09:54:00,20233.71,0,0,0,0,0,0
BSEFMC.BSE_IDX,01/07/2025,09:54:08,20232.51,0,0,0,0,0,0
BSEFMC.BSE_IDX,01/07/2025,09:54:16,20233.28,0,0,0,0,0,0
BSEFMC.BSE_IDX,01/07/2025,09:54:24,20229.92,0,0,0,0,0,0
BSEFMC.BSE_IDX,01/07/2025,09:54:32,20229.25,0,0,0,0,0,0
BSEFMC.BSE_IDX,01/07/2025,09:54:40,20226.32,0,0,0,0,0,0
BSEFMC.BSE_IDX,01/07/2025,09:54:48,20226.93,0,0,0,0,0,0
BSEFMC.BSE_IDX,01/07/2025,09:54:56,20227.28,0,0,0,0,0,0
BSEFMC.BSE_IDX,01/07/2025,09:55:04,20226.49,0,0,0,0,0,0
BSEFMC.BSE_IDX,01/07/2025,09:55:12,20225.66,0,0,0,0,0,0
BSEFMC.BSE_IDX,01/07/2025,09:55:20,20223.06,0,0,0,0,0,0
BSEFMC.BSE_IDX,01/07/2025,09:55:28,20226.33,0,0,0,0,0,0
BSEFMC.BSE_IDX,01/07/2025,09:55:36,20223.31,0,0,0,0,0,0
BSEFMC.BSE_IDX,01/07/2025,09:55:44,20225.36,0,0,0,0,0,0
BSEFMC.BSE_IDX,01/07/2025,09:55:52,20225.15,0,0,0,0,0,0
BSEFMC.BSE_IDX,01/07/2025,09:56:00,20226.93,0,0,0,0,0,0
BSEFMC.BSE_IDX,01/07/2025,09:56:08,20226.21,0,0,0,0,0,0
BSEFMC.BSE_IDX,01/07/2025,09:56:16,20225.36,0,0,0,0,0,0
BSEFMC.BSE_IDX,01/07/2025,09:56:25,20225.25,0,0,0,0,0,0
BSEFMC.BSE_IDX,01/07/2025,09:56:32,20219.35,0,0,0,0,0,0
BSEFMC.BSE_IDX,01/07/2025,09:56:41,20220.08,0,0,0,0,0,0
BSEFMC.BSE_IDX,01/07/2025,09:56:48,20222.74,0,0,0,0,0,0
BSEFMC.BSE_IDX,01/07/2025,09:56:57,20223.6,0,0,0,0,0,0
BSEFMC.BSE_IDX,01/07/2025,09:57:04,20220.35,0,0,0,0,0,0
BSEFMC.BSE_IDX,01/07/2025,09:57:12,20221.42,0,0,0,0,0,0
BSEFMC.BSE_IDX,01/07/2025,09:57:20,20219.01,0,0,0,0,0,0
BSEFMC.BSE_IDX,01/07/2025,09:57:28,20221.1,0,0,0,0,0,0
BSEFMC.BSE_IDX,01/07/2025,09:57:36,20220.25,0,0,0,0,0,0
BSEFMC.BSE_IDX,01/07/2025,09:57:44,20219.79,0,0,0,0,0,0
BSEFMC.BSE_IDX,01/07/2025,09:57:52,20220.41,0,0,0,0,0,0
BSEFMC.BSE_IDX,01/07/2025,09:58:00,20220.35,0,0,0,0,0,0
BSEFMC.BSE_IDX,01/07/2025,09:58:08,20220.72,0,0,0,0,0,0
BSEFMC.BSE_IDX,01/07/2025,09:58:16,20222.4,0,0,0,0,0,0
BSEFMC.BSE_IDX,01/07/2025,09:58:24,20222.04,0,0,0,0,0,0
BSEFMC.BSE_IDX,01/07/2025,09:58:32,20221.84,0,0,0,0,0,0
BSEFMC.BSE_IDX,01/07/2025,09:58:40,20223.53,0,0,0,0,0,0
BSEFMC.BSE_IDX,01/07/2025,09:58:48,20226.04,0,0,0,0,0,0
BSEFMC.BSE_IDX,01/07/2025,09:58:56,20224.95,0,0,0,0,0,0
BSEFMC.BSE_IDX,01/07/2025,09:59:05,20228.69,0,0,0,0,0,0
BSEFMC.BSE_IDX,01/07/2025,09:59:12,20226.57,0,0,0,0,0,0
BSEFMC.BSE_IDX,01/07/2025,09:59:20,20222.89,0,0,0,0,0,0
BSEFMC.BSE_IDX,01/07/2025,09:59:28,20226.5,0,0,0,0,0,0
BSEFMC.BSE_IDX,01/07/2025,09:59:36,20227.57,0,0,0,0,0,0
BSEFMC.BSE_IDX,01/07/2025,09:59:45,20223.62,0,0,0,0,0,0
BSEFMC.BSE_IDX,01/07/2025,09:59:52,20226.55,0,0,0,0,0,0
BSEFMC.BSE_IDX,01/07/2025,10:00:00,20226.45,0,0,0,0,0,0
BSEFMC.BSE_IDX,01/07/2025,10:00:08,20226.9,0,0,0,0,0,0
BSEFMC.BSE_IDX,01/07/2025,10:00:16,20226.92,0,0,0,0,0,0
BSEFMC.BSE_IDX,01/07/2025,10:00:24,20227.67,0,0,0,0,0,0
BSEFMC.BSE_IDX,01/07/2025,10:00:32,20230.67,0,0,0,0,0,0
BSEFMC.BSE_IDX,01/07/2025,10:00:40,20228.7,0,0,0,0,0,0
BSEFMC.BSE_IDX,01/07/2025,10:00:48,20230.15,0,0,0,0,0,0
BSEFMC.BSE_IDX,01/07/2025,10:00:56,20229.85,0,0,0,0,0,0
BSEFMC.BSE_IDX,01/07/2025,10:01:04,20227.63,0,0,0,0,0,0
BSEFMC.BSE_IDX,01/07/2025,10:01:12,20224.32,0,0,0,0,0,0
BSEFMC.BSE_IDX,01/07/2025,10:01:21,20223.79,0,0,0,0,0,0
BSEFMC.BSE_IDX,01/07/2025,10:01:28,20226.98,0,0,0,0,0,0
BSEFMC.BSE_IDX,01/07/2025,10:01:36,20226.61,0,0,0,0,0,0
BSEFMC.BSE_IDX,01/07/2025,10:01:44,20228.2,0,0,0,0,0,0
BSEFMC.BSE_IDX,01/07/2025,10:01:52,20225.54,0,0,0,0,0,0
BSEFMC.BSE_IDX,01/07/2025,10:02:00,20224.07,0,0,0,0,0,0
BSEFMC.BSE_IDX,01/07/2025,10:02:08,20224.58,0,0,0,0,0,0
BSEFMC.BSE_IDX,01/07/2025,10:02:16,20224.46,0,0,0,0,0,0
BSEFMC.BSE_IDX,01/07/2025,10:02:24,20225.1,0,0,0,0,0,0
BSEFMC.BSE_IDX,01/07/2025,10:02:32,20224.3,0,0,0,0,0,0
BSEFMC.BSE_IDX,01/07/2025,10:02:41,20225.28,0,0,0,0,0,0
BSEFMC.BSE_IDX,01/07/2025,10:02:49,20224.7,0,0,0,0,0,0
BSEFMC.BSE_IDX,01/07/2025,10:02:56,20223.83,0,0,0,0,0,0
BSEFMC.BSE_IDX,01/07/2025,10:03:04,20225.48,0,0,0,0,0,0
BSEFMC.BSE_IDX,01/07/2025,10:03:13,20220.78,0,0,0,0,0,0
BSEFMC.BSE_IDX,01/07/2025,10:03:20,20218.68,0,0,0,0,0,0
BSEFMC.BSE_IDX,01/07/2025,10:03:29,20218.23,0,0,0,0,0,0
BSEFMC.BSE_IDX,01/07/2025,10:03:37,20222.28,0,0,0,0,0,0
BSEFMC.BSE_IDX,01/07/2025,10:03:45,20222.78,0,0,0,0,0,0
BSEFMC.BSE_IDX,01/07/2025,10:03:53,20219.72,0,0,0,0,0,0
BSEFMC.BSE_IDX,01/07/2025,10:04:01,20222.71,0,0,0,0,0,0
BSEFMC.BSE_IDX,01/07/2025,10:04:09,20222.89,0,0,0,0,0,0
BSEFMC.BSE_IDX,01/07/2025,10:04:17,20222.71,0,0,0,0,0,0
BSEFMC.BSE_IDX,01/07/2025,10:04:25,20221.52,0,0,0,0,0,0
BSEFMC.BSE_IDX,01/07/2025,10:04:33,20226.78,0,0,0,0,0,0
BSEFMC.BSE_IDX,01/07/2025,10:04:41,20227.11,0,0,0,0,0,0
BSEFMC.BSE_IDX,01/07/2025,10:04:50,20227.13,0,0,0,0,0,0
BSEFMC.BSE_IDX,01/07/2025,10:04:57,20227.49,0,0,0,0,0,0
BSEFMC.BSE_IDX,01/07/2025,10:05:05,20228.02,0,0,0,0,0,0
BSEFMC.BSE_IDX,01/07/2025,10:05:14,20227.93,0,0,0,0,0,0
BSEFMC.BSE_IDX,01/07/2025,10:05:21,20229,0,0,0,0,0,0
BSEFMC.BSE_IDX,01/07/2025,10:05:29,20223.62,0,0,0,0,0,0
BSEFMC.BSE_IDX,01/07/2025,10:05:37,20229.03,0,0,0,0,0,0
BSEFMC.BSE_IDX,01/07/2025,10:05:45,20228.12,0,0,0,0,0,0
BSEFMC.BSE_IDX,01/07/2025,10:05:53,20231.72,0,0,0,0,0,0
BSEFMC.BSE_IDX,01/07/2025,10:06:01,20230.66,0,0,0,0,0,0
BSEFMC.BSE_IDX,01/07/2025,10:06:09,20231.43,0,0,0,0,0,0
BSEFMC.BSE_IDX,01/07/2025,10:06:17,20232.53,0,0,0,0,0,0
BSEFMC.BSE_IDX,01/07/2025,10:06:25,20231.73,0,0,0,0,0,0
BSEFMC.BSE_IDX,01/07/2025,10:06:33,20234.59,0,0,0,0,0,0
BSEFMC.BSE_IDX,01/07/2025,10:06:41,20235.97,0,0,0,0,0,0
BSEFMC.BSE_IDX,01/07/2025,10:06:49,20233.41,0,0,0,0,0,0
BSEFMC.BSE_IDX,01/07/2025,10:06:57,20234.68,0,0,0,0,0,0
BSEFMC.BSE_IDX,01/07/2025,10:07:05,20234.73,0,0,0,0,0,0
BSEFMC.BSE_IDX,01/07/2025,10:07:13,20234.94,0,0,0,0,0,0
BSEFMC.BSE_IDX,01/07/2025,10:07:21,20234.09,0,0,0,0,0,0
BSEFMC.BSE_IDX,01/07/2025,10:07:29,20237.22,0,0,0,0,0,0
BSEFMC.BSE_IDX,01/07/2025,10:07:37,20237.3,0,0,0,0,0,0
BSEFMC.BSE_IDX,01/07/2025,10:07:45,20237.84,0,0,0,0,0,0
BSEFMC.BSE_IDX,01/07/2025,10:07:53,20239.15,0,0,0,0,0,0
BSEFMC.BSE_IDX,01/07/2025,10:08:01,20239.01,0,0,0,0,0,0
BSEFMC.BSE_IDX,01/07/2025,10:08:09,20236.85,0,0,0,0,0,0
BSEFMC.BSE_IDX,01/07/2025,10:08:17,20240.51,0,0,0,0,0,0
BSEFMC.BSE_IDX,01/07/2025,10:08:25,20241.31,0,0,0,0,0,0
BSEFMC.BSE_IDX,01/07/2025,10:08:33,20238.16,0,0,0,0,0,0
BSEFMC.BSE_IDX,01/07/2025,10:08:41,20241.39,0,0,0,0,0,0
BSEFMC.BSE_IDX,01/07/2025,10:08:49,20241.62,0,0,0,0,0,0
BSEFMC.BSE_IDX,01/07/2025,10:08:57,20241.2,0,0,0,0,0,0
BSEFMC.BSE_IDX,01/07/2025,10:09:05,20240.1,0,0,0,0,0,0
BSEFMC.BSE_IDX,01/07/2025,10:09:13,20238.94,0,0,0,0,0,0
BSEFMC.BSE_IDX,01/07/2025,10:09:21,20240.01,0,0,0,0,0,0
BSEFMC.BSE_IDX,01/07/2025,10:09:29,20239.72,0,0,0,0,0,0
BSEFMC.BSE_IDX,01/07/2025,10:09:37,20237.32,0,0,0,0,0,0
BSEFMC.BSE_IDX,01/07/2025,10:09:45,20239.23,0,0,0,0,0,0
BSEFMC.BSE_IDX,01/07/2025,10:09:53,20238.15,0,0,0,0,0,0
BSEFMC.BSE_IDX,01/07/2025,10:10:01,20240.35,0,0,0,0,0,0
BSEFMC.BSE_IDX,01/07/2025,10:10:09,20239.77,0,0,0,0,0,0
BSEFMC.BSE_IDX,01/07/2025,10:10:17,20237.54,0,0,0,0,0,0
BSEFMC.BSE_IDX,01/07/2025,10:10:25,20236.94,0,0,0,0,0,0
BSEFMC.BSE_IDX,01/07/2025,10:10:33,20237.65,0,0,0,0,0,0
BSEFMC.BSE_IDX,01/07/2025,10:10:41,20237.2,0,0,0,0,0,0
BSEFMC.BSE_IDX,01/07/2025,10:10:49,20238.3,0,0,0,0,0,0
BSEFMC.BSE_IDX,01/07/2025,10:10:57,20235.48,0,0,0,0,0,0
BSEFMC.BSE_IDX,01/07/2025,10:11:05,20233.53,0,0,0,0,0,0
BSEFMC.BSE_IDX,01/07/2025,10:11:13,20238.48,0,0,0,0,0,0
BSEFMC.BSE_IDX,01/07/2025,10:11:22,20237.99,0,0,0,0,0,0
BSEFMC.BSE_IDX,01/07/2025,10:11:29,20233.24,0,0,0,0,0,0
BSEFMC.BSE_IDX,01/07/2025,10:11:37,20237.22,0,0,0,0,0,0
BSEFMC.BSE_IDX,01/07/2025,10:11:45,20238.46,0,0,0,0,0,0
BSEFMC.BSE_IDX,01/07/2025,10:11:53,20238.23,0,0,0,0,0,0
BSEFMC.BSE_IDX,01/07/2025,10:12:01,20237.51,0,0,0,0,0,0
BSEFMC.BSE_IDX,01/07/2025,10:12:09,20236.72,0,0,0,0,0,0
BSEFMC.BSE_IDX,01/07/2025,10:12:17,20231.29,0,0,0,0,0,0
BSEFMC.BSE_IDX,01/07/2025,10:12:25,20232.17,0,0,0,0,0,0
BSEFMC.BSE_IDX,01/07/2025,10:12:33,20231.57,0,0,0,0,0,0
BSEFMC.BSE_IDX,01/07/2025,10:12:41,20231.98,0,0,0,0,0,0
BSEFMC.BSE_IDX,01/07/2025,10:12:49,20234.32,0,0,0,0,0,0
BSEFMC.BSE_IDX,01/07/2025,10:12:57,20232.38,0,0,0,0,0,0
BSEFMC.BSE_IDX,01/07/2025,10:13:05,20230.37,0,0,0,0,0,0
BSEFMC.BSE_IDX,01/07/2025,10:13:13,20230.22,0,0,0,0,0,0
BSEFMC.BSE_IDX,01/07/2025,10:13:21,20234.98,0,0,0,0,0,0
BSEFMC.BSE_IDX,01/07/2025,10:13:29,20235.14,0,0,0,0,0,0
BSEFMC.BSE_IDX,01/07/2025,10:13:37,20236.08,0,0,0,0,0,0
BSEFMC.BSE_IDX,01/07/2025,10:13:45,20237.91,0,0,0,0,0,0
BSEFMC.BSE_IDX,01/07/2025,10:13:53,20239.29,0,0,0,0,0,0
BSEFMC.BSE_IDX,01/07/2025,10:14:01,20236.17,0,0,0,0,0,0
BSEFMC.BSE_IDX,01/07/2025,10:14:09,20234.49,0,0,0,0,0,0
BSEFMC.BSE_IDX,01/07/2025,10:14:17,20238.15,0,0,0,0,0,0
BSEFMC.BSE_IDX,01/07/2025,10:14:25,20236.93,0,0,0,0,0,0
BSEFMC.BSE_IDX,01/07/2025,10:14:33,20237.19,0,0,0,0,0,0
BSEFMC.BSE_IDX,01/07/2025,10:14:41,20235.65,0,0,0,0,0,0
BSEFMC.BSE_IDX,01/07/2025,10:14:49,20233.04,0,0,0,0,0,0
BSEFMC.BSE_IDX,01/07/2025,10:14:57,20234.97,0,0,0,0,0,0
BSEFMC.BSE_IDX,01/07/2025,10:15:05,20234.8,0,0,0,0,0,0
BSEFMC.BSE_IDX,01/07/2025,10:15:13,20234.94,0,0,0,0,0,0
BSEFMC.BSE_IDX,01/07/2025,10:15:21,20232.33,0,0,0,0,0,0
BSEFMC.BSE_IDX,01/07/2025,10:15:29,20231.17,0,0,0,0,0,0
BSEFMC.BSE_IDX,01/07/2025,10:15:37,20233.2,0,0,0,0,0,0
BSEFMC.BSE_IDX,01/07/2025,10:15:45,20233.53,0,0,0,0,0,0
BSEFMC.BSE_IDX,01/07/2025,10:15:53,20232.72,0,0,0,0,0,0
BSEFMC.BSE_IDX,01/07/2025,10:16:01,20230.33,0,0,0,0,0,0
BSEFMC.BSE_IDX,01/07/2025,10:16:09,20234.17,0,0,0,0,0,0
BSEFMC.BSE_IDX,01/07/2025,10:16:17,20234.71,0,0,0,0,0,0
BSEFMC.BSE_IDX,01/07/2025,10:16:25,20235.68,0,0,0,0,0,0
BSEFMC.BSE_IDX,01/07/2025,10:16:33,20233.81,0,0,0,0,0,0
BSEFMC.BSE_IDX,01/07/2025,10:16:41,20236.11,0,0,0,0,0,0
BSEFMC.BSE_IDX,01/07/2025,10:16:49,20235.83,0,0,0,0,0,0
BSEFMC.BSE_IDX,01/07/2025,10:16:57,20234.76,0,0,0,0,0,0
BSEFMC.BSE_IDX,01/07/2025,10:17:05,20234.79,0,0,0,0,0,0
BSEFMC.BSE_IDX,01/07/2025,10:17:13,20237.65,0,0,0,0,0,0
BSEFMC.BSE_IDX,01/07/2025,10:17:21,20237.14,0,0,0,0,0,0
BSEFMC.BSE_IDX,01/07/2025,10:17:29,20237.9,0,0,0,0,0,0
BSEFMC.BSE_IDX,01/07/2025,10:17:37,20237.02,0,0,0,0,0,0
BSEFMC.BSE_IDX,01/07/2025,10:17:45,20237.47,0,0,0,0,0,0
BSEFMC.BSE_IDX,01/07/2025,10:17:53,20235.91,0,0,0,0,0,0
BSEFMC.BSE_IDX,01/07/2025,10:18:01,20237.05,0,0,0,0,0,0
BSEFMC.BSE_IDX,01/07/2025,10:18:09,20236.64,0,0,0,0,0,0
BSEFMC.BSE_IDX,01/07/2025,10:18:17,20238.99,0,0,0,0,0,0
BSEFMC.BSE_IDX,01/07/2025,10:18:25,20238.01,0,0,0,0,0,0
BSEFMC.BSE_IDX,01/07/2025,10:18:33,20236.24,0,0,0,0,0,0
BSEFMC.BSE_IDX,01/07/2025,10:18:41,20236.06,0,0,0,0,0,0
BSEFMC.BSE_IDX,01/07/2025,10:18:49,20236.32,0,0,0,0,0,0
BSEFMC.BSE_IDX,01/07/2025,10:18:57,20235.06,0,0,0,0,0,0
BSEFMC.BSE_IDX,01/07/2025,10:19:05,20237.34,0,0,0,0,0,0
BSEFMC.BSE_IDX,01/07/2025,10:19:13,20235.29,0,0,0,0,0,0
BSEFMC.BSE_IDX,01/07/2025,10:19:21,20232.97,0,0,0,0,0,0
BSEFMC.BSE_IDX,01/07/2025,10:19:29,20233.41,0,0,0,0,0,0
BSEFMC.BSE_IDX,01/07/2025,10:19:37,20232.56,0,0,0,0,0,0
BSEFMC.BSE_IDX,01/07/2025,10:19:45,20231.98,0,0,0,0,0,0
BSEFMC.BSE_IDX,01/07/2025,10:19:53,20229.17,0,0,0,0,0,0
BSEFMC.BSE_IDX,01/07/2025,10:20:01,20232.64,0,0,0,0,0,0
BSEFMC.BSE_IDX,01/07/2025,10:20:09,20232.82,0,0,0,0,0,0
BSEFMC.BSE_IDX,01/07/2025,10:20:17,20232.36,0,0,0,0,0,0
BSEFMC.BSE_IDX,01/07/2025,10:20:25,20232.86,0,0,0,0,0,0
BSEFMC.BSE_IDX,01/07/2025,10:20:33,20233.46,0,0,0,0,0,0
BSEFMC.BSE_IDX,01/07/2025,10:20:41,20233.41,0,0,0,0,0,0
BSEFMC.BSE_IDX,01/07/2025,10:20:49,20231.85,0,0,0,0,0,0
BSEFMC.BSE_IDX,01/07/2025,10:20:57,20231.65,0,0,0,0,0,0
BSEFMC.BSE_IDX,01/07/2025,10:21:05,20229.68,0,0,0,0,0,0
BSEFMC.BSE_IDX,01/07/2025,10:21:13,20229.47,0,0,0,0,0,0
BSEFMC.BSE_IDX,01/07/2025,10:21:21,20232.23,0,0,0,0,0,0
BSEFMC.BSE_IDX,01/07/2025,10:21:29,20229.28,0,0,0,0,0,0
BSEFMC.BSE_IDX,01/07/2025,10:21:37,20234.54,0,0,0,0,0,0
BSEFMC.BSE_IDX,01/07/2025,10:21:45,20230.39,0,0,0,0,0,0
BSEFMC.BSE_IDX,01/07/2025,10:21:53,20234.9,0,0,0,0,0,0
BSEFMC.BSE_IDX,01/07/2025,10:22:01,20234.84,0,0,0,0,0,0
BSEFMC.BSE_IDX,01/07/2025,10:22:09,20237.09,0,0,0,0,0,0
BSEFMC.BSE_IDX,01/07/2025,10:22:17,20235.87,0,0,0,0,0,0
BSEFMC.BSE_IDX,01/07/2025,10:22:25,20233.04,0,0,0,0,0,0
BSEFMC.BSE_IDX,01/07/2025,10:22:33,20234.05,0,0,0,0,0,0
BSEFMC.BSE_IDX,01/07/2025,10:22:41,20231.07,0,0,0,0,0,0
BSEFMC.BSE_IDX,01/07/2025,10:22:49,20232.44,0,0,0,0,0,0
BSEFMC.BSE_IDX,01/07/2025,10:22:57,20230.24,0,0,0,0,0,0
BSEFMC.BSE_IDX,01/07/2025,10:23:05,20228.57,0,0,0,0,0,0
BSEFMC.BSE_IDX,01/07/2025,10:23:13,20230.77,0,0,0,0,0,0
BSEFMC.BSE_IDX,01/07/2025,10:23:21,20230.79,0,0,0,0,0,0
BSEFMC.BSE_IDX,01/07/2025,10:23:29,20229.95,0,0,0,0,0,0
BSEFMC.BSE_IDX,01/07/2025,10:23:37,20229.77,0,0,0,0,0,0
BSEFMC.BSE_IDX,01/07/2025,10:23:45,20230.16,0,0,0,0,0,0
BSEFMC.BSE_IDX,01/07/2025,10:23:53,20230.37,0,0,0,0,0,0
BSEFMC.BSE_IDX,01/07/2025,10:24:01,20229.6,0,0,0,0,0,0
BSEFMC.BSE_IDX,01/07/2025,10:24:09,20227.86,0,0,0,0,0,0
BSEFMC.BSE_IDX,01/07/2025,10:24:17,20228.13,0,0,0,0,0,0
BSEFMC.BSE_IDX,01/07/2025,10:24:25,20231.82,0,0,0,0,0,0
BSEFMC.BSE_IDX,01/07/2025,10:24:33,20229.1,0,0,0,0,0,0
BSEFMC.BSE_IDX,01/07/2025,10:24:41,20231.21,0,0,0,0,0,0
BSEFMC.BSE_IDX,01/07/2025,10:24:49,20228.23,0,0,0,0,0,0
BSEFMC.BSE_IDX,01/07/2025,10:24:57,20227.67,0,0,0,0,0,0
BSEFMC.BSE_IDX,01/07/2025,10:25:05,20224.23,0,0,0,0,0,0
BSEFMC.BSE_IDX,01/07/2025,10:25:13,20224.02,0,0,0,0,0,0
BSEFMC.BSE_IDX,01/07/2025,10:25:21,20226.51,0,0,0,0,0,0
BSEFMC.BSE_IDX,01/07/2025,10:25:29,20225.92,0,0,0,0,0,0
BSEFMC.BSE_IDX,01/07/2025,10:25:37,20226.67,0,0,0,0,0,0
BSEFMC.BSE_IDX,01/07/2025,10:25:45,20227.55,0,0,0,0,0,0
BSEFMC.BSE_IDX,01/07/2025,10:25:53,20227.78,0,0,0,0,0,0
BSEFMC.BSE_IDX,01/07/2025,10:26:01,20227.65,0,0,0,0,0,0
BSEFMC.BSE_IDX,01/07/2025,10:26:09,20227.22,0,0,0,0,0,0
BSEFMC.BSE_IDX,01/07/2025,10:26:17,20225.43,0,0,0,0,0,0
BSEFMC.BSE_IDX,01/07/2025,10:26:25,20225.98,0,0,0,0,0,0
BSEFMC.BSE_IDX,01/07/2025,10:26:33,20225.39,0,0,0,0,0,0
BSEFMC.BSE_IDX,01/07/2025,10:26:41,20227.94,0,0,0,0,0,0
BSEFMC.BSE_IDX,01/07/2025,10:26:49,20227.81,0,0,0,0,0,0
BSEFMC.BSE_IDX,01/07/2025,10:26:57,20228.4,0,0,0,0,0,0
BSEFMC.BSE_IDX,01/07/2025,10:27:05,20227.75,0,0,0,0,0,0
BSEFMC.BSE_IDX,01/07/2025,10:27:13,20225.38,0,0,0,0,0,0
BSEFMC.BSE_IDX,01/07/2025,10:27:21,20225.7,0,0,0,0,0,0
BSEFMC.BSE_IDX,01/07/2025,10:27:29,20225.75,0,0,0,0,0,0
BSEFMC.BSE_IDX,01/07/2025,10:27:37,20222.7,0,0,0,0,0,0
BSEFMC.BSE_IDX,01/07/2025,10:27:45,20222.45,0,0,0,0,0,0
BSEFMC.BSE_IDX,01/07/2025,10:27:53,20226.29,0,0,0,0,0,0
BSEFMC.BSE_IDX,01/07/2025,10:28:01,20227.23,0,0,0,0,0,0
BSEFMC.BSE_IDX,01/07/2025,10:28:09,20227.17,0,0,0,0,0,0
BSEFMC.BSE_IDX,01/07/2025,10:28:17,20226.86,0,0,0,0,0,0
BSEFMC.BSE_IDX,01/07/2025,10:28:25,20225.5,0,0,0,0,0,0
BSEFMC.BSE_IDX,01/07/2025,10:28:33,20222.71,0,0,0,0,0,0
BSEFMC.BSE_IDX,01/07/2025,10:28:41,20222.04,0,0,0,0,0,0
BSEFMC.BSE_IDX,01/07/2025,10:28:49,20224.97,0,0,0,0,0,0
BSEFMC.BSE_IDX,01/07/2025,10:28:57,20224.72,0,0,0,0,0,0
BSEFMC.BSE_IDX,01/07/2025,10:29:05,20224.9,0,0,0,0,0,0
BSEFMC.BSE_IDX,01/07/2025,10:29:13,20225.74,0,0,0,0,0,0
BSEFMC.BSE_IDX,01/07/2025,10:29:21,20222.77,0,0,0,0,0,0
BSEFMC.BSE_IDX,01/07/2025,10:29:29,20223.05,0,0,0,0,0,0
BSEFMC.BSE_IDX,01/07/2025,10:29:37,20223.05,0,0,0,0,0,0
BSEFMC.BSE_IDX,01/07/2025,10:29:46,20222.95,0,0,0,0,0,0
BSEFMC.BSE_IDX,01/07/2025,10:29:54,20222.99,0,0,0,0,0,0
BSEFMC.BSE_IDX,01/07/2025,10:30:01,20222.99,0,0,0,0,0,0
BSEFMC.BSE_IDX,01/07/2025,10:30:09,20222.77,0,0,0,0,0,0
BSEFMC.BSE_IDX,01/07/2025,10:30:17,20223.22,0,0,0,0,0,0
BSEFMC.BSE_IDX,01/07/2025,10:30:25,20223.1,0,0,0,0,0,0
BSEFMC.BSE_IDX,01/07/2025,10:30:33,20220.24,0,0,0,0,0,0
BSEFMC.BSE_IDX,01/07/2025,10:30:41,20223.47,0,0,0,0,0,0
BSEFMC.BSE_IDX,01/07/2025,10:30:49,20221.84,0,0,0,0,0,0
BSEFMC.BSE_IDX,01/07/2025,10:30:57,20221.54,0,0,0,0,0,0
BSEFMC.BSE_IDX,01/07/2025,10:31:05,20223,0,0,0,0,0,0
BSEFMC.BSE_IDX,01/07/2025,10:31:13,20222.7,0,0,0,0,0,0
BSEFMC.BSE_IDX,01/07/2025,10:31:21,20218.71,0,0,0,0,0,0
BSEFMC.BSE_IDX,01/07/2025,10:31:29,20214.93,0,0,0,0,0,0
BSEFMC.BSE_IDX,01/07/2025,10:31:37,20214.57,0,0,0,0,0,0
BSEFMC.BSE_IDX,01/07/2025,10:31:45,20214.46,0,0,0,0,0,0
BSEFMC.BSE_IDX,01/07/2025,10:31:53,20210.24,0,0,0,0,0,0
BSEFMC.BSE_IDX,01/07/2025,10:32:01,20213.57,0,0,0,0,0,0
BSEFMC.BSE_IDX,01/07/2025,10:32:09,20212.66,0,0,0,0,0,0
BSEFMC.BSE_IDX,01/07/2025,10:32:17,20211.59,0,0,0,0,0,0
BSEFMC.BSE_IDX,01/07/2025,10:32:25,20212.18,0,0,0,0,0,0
BSEFMC.BSE_IDX,01/07/2025,10:32:33,20212.39,0,0,0,0,0,0
BSEFMC.BSE_IDX,01/07/2025,10:32:41,20212.39,0,0,0,0,0,0
BSEFMC.BSE_IDX,01/07/2025,10:32:49,20212.6,0,0,0,0,0,0
BSEFMC.BSE_IDX,01/07/2025,10:32:57,20214.08,0,0,0,0,0,0
BSEFMC.BSE_IDX,01/07/2025,10:33:05,20211.61,0,0,0,0,0,0
BSEFMC.BSE_IDX,01/07/2025,10:33:13,20213.68,0,0,0,0,0,0
BSEFMC.BSE_IDX,01/07/2025,10:33:21,20212.97,0,0,0,0,0,0
BSEFMC.BSE_IDX,01/07/2025,10:33:29,20212.77,0,0,0,0,0,0
BSEFMC.BSE_IDX,01/07/2025,10:33:37,20212.73,0,0,0,0,0,0
BSEFMC.BSE_IDX,01/07/2025,10:33:45,20212.41,0,0,0,0,0,0
BSEFMC.BSE_IDX,01/07/2025,10:33:53,20211.19,0,0,0,0,0,0
BSEFMC.BSE_IDX,01/07/2025,10:34:01,20210.19,0,0,0,0,0,0
BSEFMC.BSE_IDX,01/07/2025,10:34:09,20211.31,0,0,0,0,0,0
BSEFMC.BSE_IDX,01/07/2025,10:34:17,20209.11,0,0,0,0,0,0
BSEFMC.BSE_IDX,01/07/2025,10:34:25,20209.04,0,0,0,0,0,0
BSEFMC.BSE_IDX,01/07/2025,10:34:33,20208.12,0,0,0,0,0,0
BSEFMC.BSE_IDX,01/07/2025,10:34:41,20206.15,0,0,0,0,0,0
BSEFMC.BSE_IDX,01/07/2025,10:34:49,20207.15,0,0,0,0,0,0
BSEFMC.BSE_IDX,01/07/2025,10:34:58,20206.56,0,0,0,0,0,0
BSEFMC.BSE_IDX,01/07/2025,10:35:06,20207.07,0,0,0,0,0,0
BSEFMC.BSE_IDX,01/07/2025,10:35:14,20204.06,0,0,0,0,0,0
BSEFMC.BSE_IDX,01/07/2025,10:35:21,20206.65,0,0,0,0,0,0
BSEFMC.BSE_IDX,01/07/2025,10:35:29,20206.79,0,0,0,0,0,0
BSEFMC.BSE_IDX,01/07/2025,10:35:37,20203.35,0,0,0,0,0,0
BSEFMC.BSE_IDX,01/07/2025,10:35:45,20206.33,0,0,0,0,0,0
BSEFMC.BSE_IDX,01/07/2025,10:35:54,20205.47,0,0,0,0,0,0
BSEFMC.BSE_IDX,01/07/2025,10:36:02,20204.47,0,0,0,0,0,0
BSEFMC.BSE_IDX,01/07/2025,10:36:10,20200.06,0,0,0,0,0,0
BSEFMC.BSE_IDX,01/07/2025,10:36:17,20204.45,0,0,0,0,0,0
BSEFMC.BSE_IDX,01/07/2025,10:36:25,20206.42,0,0,0,0,0,0
BSEFMC.BSE_IDX,01/07/2025,10:36:34,20206.78,0,0,0,0,0,0
BSEFMC.BSE_IDX,01/07/2025,10:36:42,20206.4,0,0,0,0,0,0
BSEFMC.BSE_IDX,01/07/2025,10:36:49,20206.88,0,0,0,0,0,0
BSEFMC.BSE_IDX,01/07/2025,10:36:58,20206.71,0,0,0,0,0,0
BSEFMC.BSE_IDX,01/07/2025,10:37:05,20203.35,0,0,0,0,0,0
BSEFMC.BSE_IDX,01/07/2025,10:37:14,20205.13,0,0,0,0,0,0
BSEFMC.BSE_IDX,01/07/2025,10:37:21,20203.15,0,0,0,0,0,0
BSEFMC.BSE_IDX,01/07/2025,10:37:30,20203.39,0,0,0,0,0,0
BSEFMC.BSE_IDX,01/07/2025,10:37:38,20203.38,0,0,0,0,0,0
BSEFMC.BSE_IDX,01/07/2025,10:37:46,20204.49,0,0,0,0,0,0
BSEFMC.BSE_IDX,01/07/2025,10:37:54,20203.87,0,0,0,0,0,0
BSEFMC.BSE_IDX,01/07/2025,10:38:02,20203.49,0,0,0,0,0,0
BSEFMC.BSE_IDX,01/07/2025,10:38:10,20201.15,0,0,0,0,0,0
BSEFMC.BSE_IDX,01/07/2025,10:38:18,20200.41,0,0,0,0,0,0
BSEFMC.BSE_IDX,01/07/2025,10:38:26,20196.43,0,0,0,0,0,0
BSEFMC.BSE_IDX,01/07/2025,10:38:34,20194.98,0,0,0,0,0,0
BSEFMC.BSE_IDX,01/07/2025,10:38:42,20193.44,0,0,0,0,0,0
BSEFMC.BSE_IDX,01/07/2025,10:38:50,20193.66,0,0,0,0,0,0
BSEFMC.BSE_IDX,01/07/2025,10:38:58,20193.08,0,0,0,0,0,0
BSEFMC.BSE_IDX,01/07/2025,10:39:06,20197,0,0,0,0,0,0
BSEFMC.BSE_IDX,01/07/2025,10:39:14,20194.85,0,0,0,0,0,0
BSEFMC.BSE_IDX,01/07/2025,10:39:22,20198.22,0,0,0,0,0,0
BSEFMC.BSE_IDX,01/07/2025,10:39:30,20198.27,0,0,0,0,0,0
BSEFMC.BSE_IDX,01/07/2025,10:39:38,20197.27,0,0,0,0,0,0
BSEFMC.BSE_IDX,01/07/2025,10:39:46,20198.05,0,0,0,0,0,0
BSEFMC.BSE_IDX,01/07/2025,10:39:54,20196.66,0,0,0,0,0,0
BSEFMC.BSE_IDX,01/07/2025,10:40:02,20196.98,0,0,0,0,0,0
BSEFMC.BSE_IDX,01/07/2025,10:40:10,20196.7,0,0,0,0,0,0
BSEFMC.BSE_IDX,01/07/2025,10:40:18,20197.85,0,0,0,0,0,0
BSEFMC.BSE_IDX,01/07/2025,10:40:26,20195.86,0,0,0,0,0,0
BSEFMC.BSE_IDX,01/07/2025,10:40:34,20197.73,0,0,0,0,0,0
BSEFMC.BSE_IDX,01/07/2025,10:40:42,20200.44,0,0,0,0,0,0
BSEFMC.BSE_IDX,01/07/2025,10:40:50,20200.37,0,0,0,0,0,0
BSEFMC.BSE_IDX,01/07/2025,10:40:58,20196.51,0,0,0,0,0,0
BSEFMC.BSE_IDX,01/07/2025,10:41:06,20196.41,0,0,0,0,0,0
BSEFMC.BSE_IDX,01/07/2025,10:41:14,20199.1,0,0,0,0,0,0
BSEFMC.BSE_IDX,01/07/2025,10:41:22,20199.89,0,0,0,0,0,0
BSEFMC.BSE_IDX,01/07/2025,10:41:30,20200.26,0,0,0,0,0,0
BSEFMC.BSE_IDX,01/07/2025,10:41:38,20201.72,0,0,0,0,0,0
BSEFMC.BSE_IDX,01/07/2025,10:41:46,20195.49,0,0,0,0,0,0
BSEFMC.BSE_IDX,01/07/2025,10:41:54,20196.95,0,0,0,0,0,0
BSEFMC.BSE_IDX,01/07/2025,10:42:02,20198.29,0,0,0,0,0,0
BSEFMC.BSE_IDX,01/07/2025,10:42:10,20198.92,0,0,0,0,0,0
BSEFMC.BSE_IDX,01/07/2025,10:42:18,20199.79,0,0,0,0,0,0
BSEFMC.BSE_IDX,01/07/2025,10:42:26,20197.56,0,0,0,0,0,0
BSEFMC.BSE_IDX,01/07/2025,10:42:34,20196.63,0,0,0,0,0,0
BSEFMC.BSE_IDX,01/07/2025,10:42:42,20197.69,0,0,0,0,0,0
BSEFMC.BSE_IDX,01/07/2025,10:42:50,20197.26,0,0,0,0,0,0
BSEFMC.BSE_IDX,01/07/2025,10:42:58,20196.13,0,0,0,0,0,0
BSEFMC.BSE_IDX,01/07/2025,10:43:06,20197.06,0,0,0,0,0,0
BSEFMC.BSE_IDX,01/07/2025,10:43:14,20196.57,0,0,0,0,0,0
BSEFMC.BSE_IDX,01/07/2025,10:43:22,20194.55,0,0,0,0,0,0
BSEFMC.BSE_IDX,01/07/2025,10:43:30,20195.15,0,0,0,0,0,0
BSEFMC.BSE_IDX,01/07/2025,10:43:38,20190.08,0,0,0,0,0,0
BSEFMC.BSE_IDX,01/07/2025,10:43:46,20192.54,0,0,0,0,0,0
BSEFMC.BSE_IDX,01/07/2025,10:43:54,20194.67,0,0,0,0,0,0
BSEFMC.BSE_IDX,01/07/2025,10:44:02,20194.97,0,0,0,0,0,0
BSEFMC.BSE_IDX,01/07/2025,10:44:10,20194.97,0,0,0,0,0,0
BSEFMC.BSE_IDX,01/07/2025,10:44:18,20194.23,0,0,0,0,0,0
BSEFMC.BSE_IDX,01/07/2025,10:44:26,20193.89,0,0,0,0,0,0
BSEFMC.BSE_IDX,01/07/2025,10:44:34,20191.65,0,0,0,0,0,0
BSEFMC.BSE_IDX,01/07/2025,10:44:42,20192.97,0,0,0,0,0,0
BSEFMC.BSE_IDX,01/07/2025,10:44:50,20190.48,0,0,0,0,0,0
BSEFMC.BSE_IDX,01/07/2025,10:44:58,20189.65,0,0,0,0,0,0
BSEFMC.BSE_IDX,01/07/2025,10:45:07,20187.22,0,0,0,0,0,0
BSEFMC.BSE_IDX,01/07/2025,10:45:14,20187.77,0,0,0,0,0,0
BSEFMC.BSE_IDX,01/07/2025,10:45:22,20187.79,0,0,0,0,0,0
BSEFMC.BSE_IDX,01/07/2025,10:45:30,20189.13,0,0,0,0,0,0
BSEFMC.BSE_IDX,01/07/2025,10:45:38,20189.13,0,0,0,0,0,0
BSEFMC.BSE_IDX,01/07/2025,10:45:46,20188.73,0,0,0,0,0,0
BSEFMC.BSE_IDX,01/07/2025,10:45:54,20186.17,0,0,0,0,0,0
BSEFMC.BSE_IDX,01/07/2025,10:46:02,20186.22,0,0,0,0,0,0
BSEFMC.BSE_IDX,01/07/2025,10:46:10,20186.09,0,0,0,0,0,0
BSEFMC.BSE_IDX,01/07/2025,10:46:18,20183.4,0,0,0,0,0,0
BSEFMC.BSE_IDX,01/07/2025,10:46:26,20183.21,0,0,0,0,0,0
BSEFMC.BSE_IDX,01/07/2025,10:46:34,20179.49,0,0,0,0,0,0
BSEFMC.BSE_IDX,01/07/2025,10:46:42,20179.67,0,0,0,0,0,0
BSEFMC.BSE_IDX,01/07/2025,10:46:50,20182.57,0,0,0,0,0,0
BSEFMC.BSE_IDX,01/07/2025,10:46:58,20182.52,0,0,0,0,0,0
BSEFMC.BSE_IDX,01/07/2025,10:47:06,20182.2,0,0,0,0,0,0
BSEFMC.BSE_IDX,01/07/2025,10:47:14,20182.17,0,0,0,0,0,0
BSEFMC.BSE_IDX,01/07/2025,10:47:22,20180.96,0,0,0,0,0,0
BSEFMC.BSE_IDX,01/07/2025,10:47:30,20182.14,0,0,0,0,0,0
BSEFMC.BSE_IDX,01/07/2025,10:47:38,20182.16,0,0,0,0,0,0
BSEFMC.BSE_IDX,01/07/2025,10:47:46,20180.33,0,0,0,0,0,0
BSEFMC.BSE_IDX,01/07/2025,10:47:54,20180.27,0,0,0,0,0,0
BSEFMC.BSE_IDX,01/07/2025,10:48:02,20180.08,0,0,0,0,0,0
BSEFMC.BSE_IDX,01/07/2025,10:48:10,20177.78,0,0,0,0,0,0
BSEFMC.BSE_IDX,01/07/2025,10:48:18,20177.26,0,0,0,0,0,0
BSEFMC.BSE_IDX,01/07/2025,10:48:26,20176.97,0,0,0,0,0,0
BSEFMC.BSE_IDX,01/07/2025,10:48:34,20176.89,0,0,0,0,0,0
BSEFMC.BSE_IDX,01/07/2025,10:48:42,20176.97,0,0,0,0,0,0
BSEFMC.BSE_IDX,01/07/2025,10:48:50,20178,0,0,0,0,0,0
BSEFMC.BSE_IDX,01/07/2025,10:48:58,20177.73,0,0,0,0,0,0
BSEFMC.BSE_IDX,01/07/2025,10:49:06,20176.99,0,0,0,0,0,0
BSEFMC.BSE_IDX,01/07/2025,10:49:14,20175.95,0,0,0,0,0,0
BSEFMC.BSE_IDX,01/07/2025,10:49:22,20175.93,0,0,0,0,0,0
BSEFMC.BSE_IDX,01/07/2025,10:49:30,20174.35,0,0,0,0,0,0
BSEFMC.BSE_IDX,01/07/2025,10:49:38,20171.99,0,0,0,0,0,0
BSEFMC.BSE_IDX,01/07/2025,10:49:46,20174.92,0,0,0,0,0,0
BSEFMC.BSE_IDX,01/07/2025,10:49:54,20172,0,0,0,0,0,0
BSEFMC.BSE_IDX,01/07/2025,10:50:02,20170.71,0,0,0,0,0,0
BSEFMC.BSE_IDX,01/07/2025,10:50:10,20172.96,0,0,0,0,0,0
BSEFMC.BSE_IDX,01/07/2025,10:50:18,20172.29,0,0,0,0,0,0
BSEFMC.BSE_IDX,01/07/2025,10:50:26,20172.21,0,0,0,0,0,0
BSEFMC.BSE_IDX,01/07/2025,10:50:34,20172.25,0,0,0,0,0,0
BSEFMC.BSE_IDX,01/07/2025,10:50:42,20172.52,0,0,0,0,0,0
BSEFMC.BSE_IDX,01/07/2025,10:50:50,20170.46,0,0,0,0,0,0
BSEFMC.BSE_IDX,01/07/2025,10:50:58,20167.88,0,0,0,0,0,0
BSEFMC.BSE_IDX,01/07/2025,10:51:06,20169.35,0,0,0,0,0,0
BSEFMC.BSE_IDX,01/07/2025,10:51:14,20170.02,0,0,0,0,0,0
BSEFMC.BSE_IDX,01/07/2025,10:51:22,20167.14,0,0,0,0,0,0
BSEFMC.BSE_IDX,01/07/2025,10:51:30,20171.82,0,0,0,0,0,0
BSEFMC.BSE_IDX,01/07/2025,10:51:38,20171.2,0,0,0,0,0,0
BSEFMC.BSE_IDX,01/07/2025,10:51:46,20172.12,0,0,0,0,0,0
BSEFMC.BSE_IDX,01/07/2025,10:51:54,20170.03,0,0,0,0,0,0
BSEFMC.BSE_IDX,01/07/2025,10:52:02,20166.66,0,0,0,0,0,0
BSEFMC.BSE_IDX,01/07/2025,10:52:10,20166.28,0,0,0,0,0,0
BSEFMC.BSE_IDX,01/07/2025,10:52:18,20165.83,0,0,0,0,0,0
BSEFMC.BSE_IDX,01/07/2025,10:52:26,20168.85,0,0,0,0,0,0
BSEFMC.BSE_IDX,01/07/2025,10:52:34,20170.52,0,0,0,0,0,0
BSEFMC.BSE_IDX,01/07/2025,10:52:43,20169.67,0,0,0,0,0,0
BSEFMC.BSE_IDX,01/07/2025,10:52:50,20168.83,0,0,0,0,0,0
BSEFMC.BSE_IDX,01/07/2025,10:52:58,20169.15,0,0,0,0,0,0
BSEFMC.BSE_IDX,01/07/2025,10:53:06,20170.63,0,0,0,0,0,0
BSEFMC.BSE_IDX,01/07/2025,10:53:14,20166.46,0,0,0,0,0,0
BSEFMC.BSE_IDX,01/07/2025,10:53:22,20165.13,0,0,0,0,0,0
BSEFMC.BSE_IDX,01/07/2025,10:53:30,20166.49,0,0,0,0,0,0
BSEFMC.BSE_IDX,01/07/2025,10:53:38,20166.98,0,0,0,0,0,0
BSEFMC.BSE_IDX,01/07/2025,10:53:46,20165.18,0,0,0,0,0,0
BSEFMC.BSE_IDX,01/07/2025,10:53:54,20165.8,0,0,0,0,0,0
BSEFMC.BSE_IDX,01/07/2025,10:54:02,20166.63,0,0,0,0,0,0
BSEFMC.BSE_IDX,01/07/2025,10:54:10,20166.49,0,0,0,0,0,0
BSEFMC.BSE_IDX,01/07/2025,10:54:18,20167.93,0,0,0,0,0,0
BSEFMC.BSE_IDX,01/07/2025,10:54:26,20166.21,0,0,0,0,0,0
BSEFMC.BSE_IDX,01/07/2025,10:54:34,20166.35,0,0,0,0,0,0
BSEFMC.BSE_IDX,01/07/2025,10:54:42,20167.88,0,0,0,0,0,0
BSEFMC.BSE_IDX,01/07/2025,10:54:51,20168.07,0,0,0,0,0,0
BSEFMC.BSE_IDX,01/07/2025,10:54:58,20166.79,0,0,0,0,0,0
BSEFMC.BSE_IDX,01/07/2025,10:55:06,20168.12,0,0,0,0,0,0
BSEFMC.BSE_IDX,01/07/2025,10:55:14,20168.93,0,0,0,0,0,0
BSEFMC.BSE_IDX,01/07/2025,10:55:22,20169.12,0,0,0,0,0,0
BSEFMC.BSE_IDX,01/07/2025,10:55:30,20165.42,0,0,0,0,0,0
BSEFMC.BSE_IDX,01/07/2025,10:55:38,20168.27,0,0,0,0,0,0
BSEFMC.BSE_IDX,01/07/2025,10:55:46,20168.49,0,0,0,0,0,0
BSEFMC.BSE_IDX,01/07/2025,10:55:54,20166.62,0,0,0,0,0,0
BSEFMC.BSE_IDX,01/07/2025,10:56:02,20168.05,0,0,0,0,0,0
BSEFMC.BSE_IDX,01/07/2025,10:56:10,20164.95,0,0,0,0,0,0
BSEFMC.BSE_IDX,01/07/2025,10:56:18,20168.53,0,0,0,0,0,0
BSEFMC.BSE_IDX,01/07/2025,10:56:26,20164.79,0,0,0,0,0,0
BSEFMC.BSE_IDX,01/07/2025,10:56:34,20165.57,0,0,0,0,0,0
BSEFMC.BSE_IDX,01/07/2025,10:56:42,20163.44,0,0,0,0,0,0
BSEFMC.BSE_IDX,01/07/2025,10:56:50,20165.44,0,0,0,0,0,0
BSEFMC.BSE_IDX,01/07/2025,10:56:58,20163.38,0,0,0,0,0,0
BSEFMC.BSE_IDX,01/07/2025,10:57:06,20165.65,0,0,0,0,0,0
BSEFMC.BSE_IDX,01/07/2025,10:57:14,20165.82,0,0,0,0,0,0
BSEFMC.BSE_IDX,01/07/2025,10:57:22,20167.21,0,0,0,0,0,0
BSEFMC.BSE_IDX,01/07/2025,10:57:30,20167.83,0,0,0,0,0,0
BSEFMC.BSE_IDX,01/07/2025,10:57:39,20166.1,0,0,0,0,0,0
BSEFMC.BSE_IDX,01/07/2025,10:57:46,20169.59,0,0,0,0,0,0
BSEFMC.BSE_IDX,01/07/2025,10:57:54,20167.96,0,0,0,0,0,0
BSEFMC.BSE_IDX,01/07/2025,10:58:02,20168.14,0,0,0,0,0,0
BSEFMC.BSE_IDX,01/07/2025,10:58:10,20170.53,0,0,0,0,0,0
BSEFMC.BSE_IDX,01/07/2025,10:58:18,20170.95,0,0,0,0,0,0
BSEFMC.BSE_IDX,01/07/2025,10:58:26,20170.59,0,0,0,0,0,0
BSEFMC.BSE_IDX,01/07/2025,10:58:34,20171.46,0,0,0,0,0,0
BSEFMC.BSE_IDX,01/07/2025,10:58:42,20171.06,0,0,0,0,0,0
BSEFMC.BSE_IDX,01/07/2025,10:58:50,20169.88,0,0,0,0,0,0
BSEFMC.BSE_IDX,01/07/2025,10:58:58,20170.3,0,0,0,0,0,0
BSEFMC.BSE_IDX,01/07/2025,10:59:06,20170.3,0,0,0,0,0,0
BSEFMC.BSE_IDX,01/07/2025,10:59:14,20165.81,0,0,0,0,0,0
BSEFMC.BSE_IDX,01/07/2025,10:59:22,20169.95,0,0,0,0,0,0
BSEFMC.BSE_IDX,01/07/2025,10:59:30,20168.95,0,0,0,0,0,0
BSEFMC.BSE_IDX,01/07/2025,10:59:38,20168.95,0,0,0,0,0,0
BSEFMC.BSE_IDX,01/07/2025,10:59:47,20167.83,0,0,0,0,0,0
BSEFMC.BSE_IDX,01/07/2025,10:59:55,20167.77,0,0,0,0,0,0
BSEFMC.BSE_IDX,01/07/2025,11:00:03,20166.12,0,0,0,0,0,0
BSEFMC.BSE_IDX,01/07/2025,11:00:11,20165.57,0,0,0,0,0,0
BSEFMC.BSE_IDX,01/07/2025,11:00:18,20166.07,0,0,0,0,0,0
BSEFMC.BSE_IDX,01/07/2025,11:00:26,20166.86,0,0,0,0,0,0
BSEFMC.BSE_IDX,01/07/2025,11:00:34,20164.45,0,0,0,0,0,0
BSEFMC.BSE_IDX,01/07/2025,11:00:42,20164.22,0,0,0,0,0,0
BSEFMC.BSE_IDX,01/07/2025,11:00:50,20163.24,0,0,0,0,0,0
BSEFMC.BSE_IDX,01/07/2025,11:00:58,20163.68,0,0,0,0,0,0
BSEFMC.BSE_IDX,01/07/2025,11:01:06,20164.79,0,0,0,0,0,0
BSEFMC.BSE_IDX,01/07/2025,11:01:15,20165.04,0,0,0,0,0,0
BSEFMC.BSE_IDX,01/07/2025,11:01:22,20160.92,0,0,0,0,0,0
BSEFMC.BSE_IDX,01/07/2025,11:01:30,20162.24,0,0,0,0,0,0
BSEFMC.BSE_IDX,01/07/2025,11:01:38,20163.17,0,0,0,0,0,0
BSEFMC.BSE_IDX,01/07/2025,11:01:46,20161.81,0,0,0,0,0,0
BSEFMC.BSE_IDX,01/07/2025,11:01:54,20157.69,0,0,0,0,0,0
BSEFMC.BSE_IDX,01/07/2025,11:02:02,20156.67,0,0,0,0,0,0
BSEFMC.BSE_IDX,01/07/2025,11:02:10,20156.42,0,0,0,0,0,0
BSEFMC.BSE_IDX,01/07/2025,11:02:18,20157.56,0,0,0,0,0,0
BSEFMC.BSE_IDX,01/07/2025,11:02:27,20155.66,0,0,0,0,0,0
BSEFMC.BSE_IDX,01/07/2025,11:02:34,20155.31,0,0,0,0,0,0
BSEFMC.BSE_IDX,01/07/2025,11:02:42,20155.14,0,0,0,0,0,0
BSEFMC.BSE_IDX,01/07/2025,11:02:51,20154.89,0,0,0,0,0,0
BSEFMC.BSE_IDX,01/07/2025,11:02:58,20151.71,0,0,0,0,0,0
BSEFMC.BSE_IDX,01/07/2025,11:03:06,20153.81,0,0,0,0,0,0
BSEFMC.BSE_IDX,01/07/2025,11:03:14,20156.14,0,0,0,0,0,0
BSEFMC.BSE_IDX,01/07/2025,11:03:22,20153.96,0,0,0,0,0,0
BSEFMC.BSE_IDX,01/07/2025,11:03:31,20153.78,0,0,0,0,0,0
BSEFMC.BSE_IDX,01/07/2025,11:03:38,20153.74,0,0,0,0,0,0
BSEFMC.BSE_IDX,01/07/2025,11:03:46,20149.6,0,0,0,0,0,0
BSEFMC.BSE_IDX,01/07/2025,11:03:54,20152.13,0,0,0,0,0,0
BSEFMC.BSE_IDX,01/07/2025,11:04:02,20154.16,0,0,0,0,0,0
BSEFMC.BSE_IDX,01/07/2025,11:04:10,20153.7,0,0,0,0,0,0
BSEFMC.BSE_IDX,01/07/2025,11:04:18,20150.42,0,0,0,0,0,0
BSEFMC.BSE_IDX,01/07/2025,11:04:27,20156.05,0,0,0,0,0,0
BSEFMC.BSE_IDX,01/07/2025,11:04:34,20155.1,0,0,0,0,0,0
BSEFMC.BSE_IDX,01/07/2025,11:04:42,20155.38,0,0,0,0,0,0
BSEFMC.BSE_IDX,01/07/2025,11:04:51,20156.38,0,0,0,0,0,0
BSEFMC.BSE_IDX,01/07/2025,11:04:58,20157.21,0,0,0,0,0,0
BSEFMC.BSE_IDX,01/07/2025,11:05:06,20157.54,0,0,0,0,0,0
BSEFMC.BSE_IDX,01/07/2025,11:05:14,20156.72,0,0,0,0,0,0
BSEFMC.BSE_IDX,01/07/2025,11:05:22,20155.58,0,0,0,0,0,0
BSEFMC.BSE_IDX,01/07/2025,11:05:30,20156.14,0,0,0,0,0,0
BSEFMC.BSE_IDX,01/07/2025,11:05:38,20158.08,0,0,0,0,0,0
BSEFMC.BSE_IDX,01/07/2025,11:05:46,20156.51,0,0,0,0,0,0
BSEFMC.BSE_IDX,01/07/2025,11:05:54,20153.6,0,0,0,0,0,0
BSEFMC.BSE_IDX,01/07/2025,11:06:02,20155.72,0,0,0,0,0,0
BSEFMC.BSE_IDX,01/07/2025,11:06:11,20153.41,0,0,0,0,0,0
BSEFMC.BSE_IDX,01/07/2025,11:06:19,20154.98,0,0,0,0,0,0
BSEFMC.BSE_IDX,01/07/2025,11:06:26,20154.06,0,0,0,0,0,0
BSEFMC.BSE_IDX,01/07/2025,11:06:34,20152.36,0,0,0,0,0,0
BSEFMC.BSE_IDX,01/07/2025,11:06:42,20152,0,0,0,0,0,0
BSEFMC.BSE_IDX,01/07/2025,11:06:50,20154.29,0,0,0,0,0,0
BSEFMC.BSE_IDX,01/07/2025,11:06:58,20153.15,0,0,0,0,0,0
BSEFMC.BSE_IDX,01/07/2025,11:07:06,20153.37,0,0,0,0,0,0
BSEFMC.BSE_IDX,01/07/2025,11:07:15,20151.8,0,0,0,0,0,0
BSEFMC.BSE_IDX,01/07/2025,11:07:22,20157.18,0,0,0,0,0,0
BSEFMC.BSE_IDX,01/07/2025,11:07:30,20155.7,0,0,0,0,0,0
BSEFMC.BSE_IDX,01/07/2025,11:07:38,20158.86,0,0,0,0,0,0
BSEFMC.BSE_IDX,01/07/2025,11:07:46,20159.42,0,0,0,0,0,0
BSEFMC.BSE_IDX,01/07/2025,11:07:54,20155.78,0,0,0,0,0,0
BSEFMC.BSE_IDX,01/07/2025,11:08:02,20159.42,0,0,0,0,0,0
BSEFMC.BSE_IDX,01/07/2025,11:08:11,20160.17,0,0,0,0,0,0
BSEFMC.BSE_IDX,01/07/2025,11:08:18,20160.65,0,0,0,0,0,0
BSEFMC.BSE_IDX,01/07/2025,11:08:26,20159.78,0,0,0,0,0,0
BSEFMC.BSE_IDX,01/07/2025,11:08:35,20162.2,0,0,0,0,0,0
BSEFMC.BSE_IDX,01/07/2025,11:08:43,20161.03,0,0,0,0,0,0
BSEFMC.BSE_IDX,01/07/2025,11:08:51,20162.57,0,0,0,0,0,0
BSEFMC.BSE_IDX,01/07/2025,11:08:58,20165.07,0,0,0,0,0,0
BSEFMC.BSE_IDX,01/07/2025,11:09:07,20164.93,0,0,0,0,0,0
BSEFMC.BSE_IDX,01/07/2025,11:09:15,20165.53,0,0,0,0,0,0
BSEFMC.BSE_IDX,01/07/2025,11:09:23,20161.51,0,0,0,0,0,0
BSEFMC.BSE_IDX,01/07/2025,11:09:31,20166.16,0,0,0,0,0,0
BSEFMC.BSE_IDX,01/07/2025,11:09:39,20168.24,0,0,0,0,0,0
BSEFMC.BSE_IDX,01/07/2025,11:09:46,20168.11,0,0,0,0,0,0
BSEFMC.BSE_IDX,01/07/2025,11:09:55,20167.86,0,0,0,0,0,0
BSEFMC.BSE_IDX,01/07/2025,11:10:03,20168.63,0,0,0,0,0,0
BSEFMC.BSE_IDX,01/07/2025,11:10:11,20165.76,0,0,0,0,0,0
BSEFMC.BSE_IDX,01/07/2025,11:10:19,20164.74,0,0,0,0,0,0
BSEFMC.BSE_IDX,01/07/2025,11:10:27,20162.42,0,0,0,0,0,0
BSEFMC.BSE_IDX,01/07/2025,11:10:35,20166.74,0,0,0,0,0,0
BSEFMC.BSE_IDX,01/07/2025,11:10:43,20167.84,0,0,0,0,0,0
BSEFMC.BSE_IDX,01/07/2025,11:10:51,20164.51,0,0,0,0,0,0
BSEFMC.BSE_IDX,01/07/2025,11:10:59,20165.58,0,0,0,0,0,0
BSEFMC.BSE_IDX,01/07/2025,11:11:07,20170.09,0,0,0,0,0,0
BSEFMC.BSE_IDX,01/07/2025,11:11:15,20170.62,0,0,0,0,0,0
BSEFMC.BSE_IDX,01/07/2025,11:11:23,20167.71,0,0,0,0,0,0
BSEFMC.BSE_IDX,01/07/2025,11:11:31,20168.46,0,0,0,0,0,0
BSEFMC.BSE_IDX,01/07/2025,11:11:39,20166.69,0,0,0,0,0,0
BSEFMC.BSE_IDX,01/07/2025,11:11:47,20169.43,0,0,0,0,0,0
BSEFMC.BSE_IDX,01/07/2025,11:11:55,20168.64,0,0,0,0,0,0
BSEFMC.BSE_IDX,01/07/2025,11:12:03,20167.67,0,0,0,0,0,0
BSEFMC.BSE_IDX,01/07/2025,11:12:11,20168.77,0,0,0,0,0,0
BSEFMC.BSE_IDX,01/07/2025,11:12:19,20169.03,0,0,0,0,0,0
BSEFMC.BSE_IDX,01/07/2025,11:12:27,20166.96,0,0,0,0,0,0
BSEFMC.BSE_IDX,01/07/2025,11:12:35,20169.75,0,0,0,0,0,0
BSEFMC.BSE_IDX,01/07/2025,11:12:43,20168.22,0,0,0,0,0,0
BSEFMC.BSE_IDX,01/07/2025,11:12:51,20167.95,0,0,0,0,0,0
BSEFMC.BSE_IDX,01/07/2025,11:12:59,20166.49,0,0,0,0,0,0
BSEFMC.BSE_IDX,01/07/2025,11:13:07,20166.28,0,0,0,0,0,0
BSEFMC.BSE_IDX,01/07/2025,11:13:16,20166.32,0,0,0,0,0,0
BSEFMC.BSE_IDX,01/07/2025,11:13:23,20167.43,0,0,0,0,0,0
BSEFMC.BSE_IDX,01/07/2025,11:13:31,20169.42,0,0,0,0,0,0
BSEFMC.BSE_IDX,01/07/2025,11:13:39,20165.37,0,0,0,0,0,0
BSEFMC.BSE_IDX,01/07/2025,11:13:47,20165.3,0,0,0,0,0,0
BSEFMC.BSE_IDX,01/07/2025,11:13:55,20165.2,0,0,0,0,0,0
BSEFMC.BSE_IDX,01/07/2025,11:14:03,20167.43,0,0,0,0,0,0
BSEFMC.BSE_IDX,01/07/2025,11:14:11,20167.88,0,0,0,0,0,0
BSEFMC.BSE_IDX,01/07/2025,11:14:19,20164.79,0,0,0,0,0,0
BSEFMC.BSE_IDX,01/07/2025,11:14:27,20165.69,0,0,0,0,0,0
BSEFMC.BSE_IDX,01/07/2025,11:14:35,20168.55,0,0,0,0,0,0
BSEFMC.BSE_IDX,01/07/2025,11:14:43,20168.04,0,0,0,0,0,0
BSEFMC.BSE_IDX,01/07/2025,11:14:51,20168.19,0,0,0,0,0,0
BSEFMC.BSE_IDX,01/07/2025,11:14:59,20169.06,0,0,0,0,0,0
BSEFMC.BSE_IDX,01/07/2025,11:15:07,20169.32,0,0,0,0,0,0
BSEFMC.BSE_IDX,01/07/2025,11:15:15,20168.8,0,0,0,0,0,0
BSEFMC.BSE_IDX,01/07/2025,11:15:23,20169.34,0,0,0,0,0,0
BSEFMC.BSE_IDX,01/07/2025,11:15:31,20169.11,0,0,0,0,0,0
BSEFMC.BSE_IDX,01/07/2025,11:15:39,20170.5,0,0,0,0,0,0
BSEFMC.BSE_IDX,01/07/2025,11:15:47,20169.03,0,0,0,0,0,0
BSEFMC.BSE_IDX,01/07/2025,11:15:56,20169.4,0,0,0,0,0,0
BSEFMC.BSE_IDX,01/07/2025,11:16:03,20168.67,0,0,0,0,0,0
BSEFMC.BSE_IDX,01/07/2025,11:16:11,20172.02,0,0,0,0,0,0
BSEFMC.BSE_IDX,01/07/2025,11:16:19,20170.25,0,0,0,0,0,0
BSEFMC.BSE_IDX,01/07/2025,11:16:27,20172.21,0,0,0,0,0,0
BSEFMC.BSE_IDX,01/07/2025,11:16:35,20172.46,0,0,0,0,0,0
BSEFMC.BSE_IDX,01/07/2025,11:16:43,20167.99,0,0,0,0,0,0
BSEFMC.BSE_IDX,01/07/2025,11:16:51,20171.09,0,0,0,0,0,0
BSEFMC.BSE_IDX,01/07/2025,11:16:59,20169.45,0,0,0,0,0,0
BSEFMC.BSE_IDX,01/07/2025,11:17:07,20171.5,0,0,0,0,0,0
BSEFMC.BSE_IDX,01/07/2025,11:17:15,20164.77,0,0,0,0,0,0
BSEFMC.BSE_IDX,01/07/2025,11:17:23,20170.47,0,0,0,0,0,0
BSEFMC.BSE_IDX,01/07/2025,11:17:31,20173,0,0,0,0,0,0
BSEFMC.BSE_IDX,01/07/2025,11:17:39,20172.61,0,0,0,0,0,0
BSEFMC.BSE_IDX,01/07/2025,11:17:47,20172.15,0,0,0,0,0,0
BSEFMC.BSE_IDX,01/07/2025,11:17:57,20173.26,0,0,0,0,0,0
BSEFMC.BSE_IDX,01/07/2025,11:18:03,20174.98,0,0,0,0,0,0
BSEFMC.BSE_IDX,01/07/2025,11:18:11,20173.14,0,0,0,0,0,0
BSEFMC.BSE_IDX,01/07/2025,11:18:19,20175.59,0,0,0,0,0,0
BSEFMC.BSE_IDX,01/07/2025,11:18:27,20181.35,0,0,0,0,0,0
BSEFMC.BSE_IDX,01/07/2025,11:18:35,20181.1,0,0,0,0,0,0
BSEFMC.BSE_IDX,01/07/2025,11:18:44,20182.23,0,0,0,0,0,0
BSEFMC.BSE_IDX,01/07/2025,11:18:51,20186.76,0,0,0,0,0,0
BSEFMC.BSE_IDX,01/07/2025,11:18:59,20184.67,0,0,0,0,0,0
BSEFMC.BSE_IDX,01/07/2025,11:19:08,20188.41,0,0,0,0,0,0
BSEFMC.BSE_IDX,01/07/2025,11:19:15,20196.43,0,0,0,0,0,0
BSEFMC.BSE_IDX,01/07/2025,11:19:23,20195.03,0,0,0,0,0,0
BSEFMC.BSE_IDX,01/07/2025,11:19:31,20200.13,0,0,0,0,0,0
BSEFMC.BSE_IDX,01/07/2025,11:19:39,20195.37,0,0,0,0,0,0
BSEFMC.BSE_IDX,01/07/2025,11:19:47,20194.15,0,0,0,0,0,0
BSEFMC.BSE_IDX,01/07/2025,11:19:55,20194.18,0,0,0,0,0,0
BSEFMC.BSE_IDX,01/07/2025,11:20:03,20193.23,0,0,0,0,0,0
BSEFMC.BSE_IDX,01/07/2025,11:20:11,20196.59,0,0,0,0,0,0
BSEFMC.BSE_IDX,01/07/2025,11:20:19,20197.1,0,0,0,0,0,0
BSEFMC.BSE_IDX,01/07/2025,11:20:27,20193.78,0,0,0,0,0,0
BSEFMC.BSE_IDX,01/07/2025,11:20:35,20195.88,0,0,0,0,0,0
BSEFMC.BSE_IDX,01/07/2025,11:20:43,20196.94,0,0,0,0,0,0
BSEFMC.BSE_IDX,01/07/2025,11:20:51,20196.92,0,0,0,0,0,0
BSEFMC.BSE_IDX,01/07/2025,11:20:59,20195.69,0,0,0,0,0,0
BSEFMC.BSE_IDX,01/07/2025,11:21:07,20195.67,0,0,0,0,0,0
BSEFMC.BSE_IDX,01/07/2025,11:21:15,20195.39,0,0,0,0,0,0
BSEFMC.BSE_IDX,01/07/2025,11:21:24,20194.98,0,0,0,0,0,0
BSEFMC.BSE_IDX,01/07/2025,11:21:31,20190.83,0,0,0,0,0,0
BSEFMC.BSE_IDX,01/07/2025,11:21:39,20193.43,0,0,0,0,0,0
BSEFMC.BSE_IDX,01/07/2025,11:21:47,20190.31,0,0,0,0,0,0
BSEFMC.BSE_IDX,01/07/2025,11:21:56,20193.41,0,0,0,0,0,0
BSEFMC.BSE_IDX,01/07/2025,11:22:03,20195.34,0,0,0,0,0,0
BSEFMC.BSE_IDX,01/07/2025,11:22:11,20193.89,0,0,0,0,0,0
BSEFMC.BSE_IDX,01/07/2025,11:22:19,20194.75,0,0,0,0,0,0
BSEFMC.BSE_IDX,01/07/2025,11:22:28,20193.38,0,0,0,0,0,0
BSEFMC.BSE_IDX,01/07/2025,11:22:35,20193.7,0,0,0,0,0,0
BSEFMC.BSE_IDX,01/07/2025,11:22:43,20193.67,0,0,0,0,0,0
BSEFMC.BSE_IDX,01/07/2025,11:22:51,20195.24,0,0,0,0,0,0
BSEFMC.BSE_IDX,01/07/2025,11:22:59,20192.51,0,0,0,0,0,0
BSEFMC.BSE_IDX,01/07/2025,11:23:07,20198.65,0,0,0,0,0,0
BSEFMC.BSE_IDX,01/07/2025,11:23:15,20198.87,0,0,0,0,0,0
BSEFMC.BSE_IDX,01/07/2025,11:23:23,20198.87,0,0,0,0,0,0
BSEFMC.BSE_IDX,01/07/2025,11:23:31,20196.5,0,0,0,0,0,0
BSEFMC.BSE_IDX,01/07/2025,11:23:39,20199.87,0,0,0,0,0,0
BSEFMC.BSE_IDX,01/07/2025,11:23:47,20199.77,0,0,0,0,0,0
BSEFMC.BSE_IDX,01/07/2025,11:23:55,20196.24,0,0,0,0,0,0
BSEFMC.BSE_IDX,01/07/2025,11:24:04,20197.26,0,0,0,0,0,0
BSEFMC.BSE_IDX,01/07/2025,11:24:11,20196.09,0,0,0,0,0,0
BSEFMC.BSE_IDX,01/07/2025,11:24:19,20196.47,0,0,0,0,0,0
BSEFMC.BSE_IDX,01/07/2025,11:24:27,20196.42,0,0,0,0,0,0
BSEFMC.BSE_IDX,01/07/2025,11:24:35,20192.4,0,0,0,0,0,0
BSEFMC.BSE_IDX,01/07/2025,11:24:43,20191.02,0,0,0,0,0,0
BSEFMC.BSE_IDX,01/07/2025,11:24:52,20188.31,0,0,0,0,0,0
BSEFMC.BSE_IDX,01/07/2025,11:25:00,20189.4,0,0,0,0,0,0
BSEFMC.BSE_IDX,01/07/2025,11:25:07,20193.18,0,0,0,0,0,0
BSEFMC.BSE_IDX,01/07/2025,11:25:15,20193.11,0,0,0,0,0,0
BSEFMC.BSE_IDX,01/07/2025,11:25:23,20192.83,0,0,0,0,0,0
BSEFMC.BSE_IDX,01/07/2025,11:25:31,20195.07,0,0,0,0,0,0
BSEFMC.BSE_IDX,01/07/2025,11:25:41,20192.53,0,0,0,0,0,0
BSEFMC.BSE_IDX,01/07/2025,11:25:47,20193.23,0,0,0,0,0,0
BSEFMC.BSE_IDX,01/07/2025,11:25:55,20193.62,0,0,0,0,0,0
BSEFMC.BSE_IDX,01/07/2025,11:26:03,20192.85,0,0,0,0,0,0
BSEFMC.BSE_IDX,01/07/2025,11:26:11,20191.41,0,0,0,0,0,0
BSEFMC.BSE_IDX,01/07/2025,11:26:19,20196.89,0,0,0,0,0,0
BSEFMC.BSE_IDX,01/07/2025,11:26:27,20196.43,0,0,0,0,0,0
BSEFMC.BSE_IDX,01/07/2025,11:26:35,20194.27,0,0,0,0,0,0
BSEFMC.BSE_IDX,01/07/2025,11:26:43,20197.43,0,0,0,0,0,0
BSEFMC.BSE_IDX,01/07/2025,11:26:51,20195.98,0,0,0,0,0,0
BSEFMC.BSE_IDX,01/07/2025,11:26:59,20196.32,0,0,0,0,0,0
BSEFMC.BSE_IDX,01/07/2025,11:27:07,20196.34,0,0,0,0,0,0
BSEFMC.BSE_IDX,01/07/2025,11:27:15,20196.53,0,0,0,0,0,0
BSEFMC.BSE_IDX,01/07/2025,11:27:23,20196.06,0,0,0,0,0,0
BSEFMC.BSE_IDX,01/07/2025,11:27:31,20195.78,0,0,0,0,0,0
BSEFMC.BSE_IDX,01/07/2025,11:27:39,20195.29,0,0,0,0,0,0
BSEFMC.BSE_IDX,01/07/2025,11:27:47,20195.62,0,0,0,0,0,0
BSEFMC.BSE_IDX,01/07/2025,11:27:55,20194.22,0,0,0,0,0,0
BSEFMC.BSE_IDX,01/07/2025,11:28:03,20196.02,0,0,0,0,0,0
BSEFMC.BSE_IDX,01/07/2025,11:28:11,20194.53,0,0,0,0,0,0
BSEFMC.BSE_IDX,01/07/2025,11:28:19,20194.39,0,0,0,0,0,0
BSEFMC.BSE_IDX,01/07/2025,11:28:27,20193.41,0,0,0,0,0,0
BSEFMC.BSE_IDX,01/07/2025,11:28:36,20196.44,0,0,0,0,0,0
BSEFMC.BSE_IDX,01/07/2025,11:28:43,20196.03,0,0,0,0,0,0
BSEFMC.BSE_IDX,01/07/2025,11:28:51,20195.89,0,0,0,0,0,0
BSEFMC.BSE_IDX,01/07/2025,11:28:59,20197.25,0,0,0,0,0,0
BSEFMC.BSE_IDX,01/07/2025,11:29:07,20197.5,0,0,0,0,0,0
BSEFMC.BSE_IDX,01/07/2025,11:29:16,20196.73,0,0,0,0,0,0
BSEFMC.BSE_IDX,01/07/2025,11:29:24,20196.67,0,0,0,0,0,0
BSEFMC.BSE_IDX,01/07/2025,11:29:31,20197.47,0,0,0,0,0,0
BSEFMC.BSE_IDX,01/07/2025,11:29:39,20198.29,0,0,0,0,0,0
BSEFMC.BSE_IDX,01/07/2025,11:29:47,20198.8,0,0,0,0,0,0
BSEFMC.BSE_IDX,01/07/2025,11:29:55,20199.83,0,0,0,0,0,0
BSEFMC.BSE_IDX,01/07/2025,11:30:03,20197.06,0,0,0,0,0,0
BSEFMC.BSE_IDX,01/07/2025,11:30:11,20197.84,0,0,0,0,0,0
BSEFMC.BSE_IDX,01/07/2025,11:30:19,20197.71,0,0,0,0,0,0
BSEFMC.BSE_IDX,01/07/2025,11:30:27,20194.68,0,0,0,0,0,0
BSEFMC.BSE_IDX,01/07/2025,11:30:35,20197.62,0,0,0,0,0,0
BSEFMC.BSE_IDX,01/07/2025,11:30:43,20195.33,0,0,0,0,0,0
BSEFMC.BSE_IDX,01/07/2025,11:30:51,20197.26,0,0,0,0,0,0
BSEFMC.BSE_IDX,01/07/2025,11:30:59,20197.51,0,0,0,0,0,0
BSEFMC.BSE_IDX,01/07/2025,11:31:07,20194.84,0,0,0,0,0,0
BSEFMC.BSE_IDX,01/07/2025,11:31:15,20194.32,0,0,0,0,0,0
BSEFMC.BSE_IDX,01/07/2025,11:31:23,20194.08,0,0,0,0,0,0
BSEFMC.BSE_IDX,01/07/2025,11:31:31,20191.37,0,0,0,0,0,0
BSEFMC.BSE_IDX,01/07/2025,11:31:39,20194.21,0,0,0,0,0,0
BSEFMC.BSE_IDX,01/07/2025,11:31:47,20193.03,0,0,0,0,0,0
BSEFMC.BSE_IDX,01/07/2025,11:31:55,20194.08,0,0,0,0,0,0
BSEFMC.BSE_IDX,01/07/2025,11:32:04,20193.37,0,0,0,0,0,0
BSEFMC.BSE_IDX,01/07/2025,11:32:11,20189.14,0,0,0,0,0,0
BSEFMC.BSE_IDX,01/07/2025,11:32:19,20190.72,0,0,0,0,0,0
BSEFMC.BSE_IDX,01/07/2025,11:32:27,20190.61,0,0,0,0,0,0
BSEFMC.BSE_IDX,01/07/2025,11:32:35,20190.61,0,0,0,0,0,0
BSEFMC.BSE_IDX,01/07/2025,11:32:43,20188.97,0,0,0,0,0,0
BSEFMC.BSE_IDX,01/07/2025,11:32:51,20185.3,0,0,0,0,0,0
BSEFMC.BSE_IDX,01/07/2025,11:32:59,20183.96,0,0,0,0,0,0
BSEFMC.BSE_IDX,01/07/2025,11:33:07,20181.92,0,0,0,0,0,0
BSEFMC.BSE_IDX,01/07/2025,11:33:15,20182.11,0,0,0,0,0,0
BSEFMC.BSE_IDX,01/07/2025,11:33:23,20183.16,0,0,0,0,0,0
BSEFMC.BSE_IDX,01/07/2025,11:33:31,20181.12,0,0,0,0,0,0
BSEFMC.BSE_IDX,01/07/2025,11:33:39,20180.76,0,0,0,0,0,0
BSEFMC.BSE_IDX,01/07/2025,11:33:47,20181.75,0,0,0,0,0,0
BSEFMC.BSE_IDX,01/07/2025,11:33:55,20181.95,0,0,0,0,0,0
BSEFMC.BSE_IDX,01/07/2025,11:34:03,20184.31,0,0,0,0,0,0
BSEFMC.BSE_IDX,01/07/2025,11:34:12,20183.61,0,0,0,0,0,0
BSEFMC.BSE_IDX,01/07/2025,11:34:19,20183.75,0,0,0,0,0,0
BSEFMC.BSE_IDX,01/07/2025,11:34:27,20181.76,0,0,0,0,0,0
BSEFMC.BSE_IDX,01/07/2025,11:34:35,20181.9,0,0,0,0,0,0
BSEFMC.BSE_IDX,01/07/2025,11:34:43,20184.94,0,0,0,0,0,0
BSEFMC.BSE_IDX,01/07/2025,11:34:51,20184.87,0,0,0,0,0,0
BSEFMC.BSE_IDX,01/07/2025,11:34:59,20185.74,0,0,0,0,0,0
BSEFMC.BSE_IDX,01/07/2025,11:35:07,20185.96,0,0,0,0,0,0
BSEFMC.BSE_IDX,01/07/2025,11:35:16,20185.56,0,0,0,0,0,0
BSEFMC.BSE_IDX,01/07/2025,11:35:23,20187.89,0,0,0,0,0,0
BSEFMC.BSE_IDX,01/07/2025,11:35:32,20186.29,0,0,0,0,0,0
BSEFMC.BSE_IDX,01/07/2025,11:35:39,20182.04,0,0,0,0,0,0
BSEFMC.BSE_IDX,01/07/2025,11:35:47,20184.52,0,0,0,0,0,0
BSEFMC.BSE_IDX,01/07/2025,11:35:55,20184.88,0,0,0,0,0,0
BSEFMC.BSE_IDX,01/07/2025,11:36:04,20186.33,0,0,0,0,0,0
BSEFMC.BSE_IDX,01/07/2025,11:36:11,20185.88,0,0,0,0,0,0
BSEFMC.BSE_IDX,01/07/2025,11:36:19,20182.54,0,0,0,0,0,0
BSEFMC.BSE_IDX,01/07/2025,11:36:28,20185.43,0,0,0,0,0,0
BSEFMC.BSE_IDX,01/07/2025,11:36:35,20183.78,0,0,0,0,0,0
BSEFMC.BSE_IDX,01/07/2025,11:36:43,20182.87,0,0,0,0,0,0
BSEFMC.BSE_IDX,01/07/2025,11:36:54,20187.03,0,0,0,0,0,0
BSEFMC.BSE_IDX,01/07/2025,11:36:59,20184.55,0,0,0,0,0,0
BSEFMC.BSE_IDX,01/07/2025,11:37:07,20184.82,0,0,0,0,0,0
BSEFMC.BSE_IDX,01/07/2025,11:37:15,20187.23,0,0,0,0,0,0
BSEFMC.BSE_IDX,01/07/2025,11:37:23,20186.61,0,0,0,0,0,0
BSEFMC.BSE_IDX,01/07/2025,11:37:31,20187.78,0,0,0,0,0,0
BSEFMC.BSE_IDX,01/07/2025,11:37:41,20183.28,0,0,0,0,0,0
BSEFMC.BSE_IDX,01/07/2025,11:37:47,20183.18,0,0,0,0,0,0
BSEFMC.BSE_IDX,01/07/2025,11:37:55,20187.02,0,0,0,0,0,0
BSEFMC.BSE_IDX,01/07/2025,11:38:03,20186.33,0,0,0,0,0,0
BSEFMC.BSE_IDX,01/07/2025,11:38:11,20187.87,0,0,0,0,0,0
BSEFMC.BSE_IDX,01/07/2025,11:38:20,20185.28,0,0,0,0,0,0
BSEFMC.BSE_IDX,01/07/2025,11:38:27,20185.85,0,0,0,0,0,0
BSEFMC.BSE_IDX,01/07/2025,11:38:35,20184.93,0,0,0,0,0,0
BSEFMC.BSE_IDX,01/07/2025,11:38:43,20181.34,0,0,0,0,0,0
BSEFMC.BSE_IDX,01/07/2025,11:38:51,20183.22,0,0,0,0,0,0
BSEFMC.BSE_IDX,01/07/2025,11:38:59,20184.14,0,0,0,0,0,0
BSEFMC.BSE_IDX,01/07/2025,11:39:07,20185.38,0,0,0,0,0,0
BSEFMC.BSE_IDX,01/07/2025,11:39:16,20184.16,0,0,0,0,0,0
BSEFMC.BSE_IDX,01/07/2025,11:39:23,20184.41,0,0,0,0,0,0
BSEFMC.BSE_IDX,01/07/2025,11:39:31,20182.57,0,0,0,0,0,0
BSEFMC.BSE_IDX,01/07/2025,11:39:39,20182.41,0,0,0,0,0,0
BSEFMC.BSE_IDX,01/07/2025,11:39:47,20180.69,0,0,0,0,0,0
BSEFMC.BSE_IDX,01/07/2025,11:39:55,20182.46,0,0,0,0,0,0
BSEFMC.BSE_IDX,01/07/2025,11:40:03,20180.43,0,0,0,0,0,0
BSEFMC.BSE_IDX,01/07/2025,11:40:11,20181.85,0,0,0,0,0,0
BSEFMC.BSE_IDX,01/07/2025,11:40:19,20178.46,0,0,0,0,0,0
BSEFMC.BSE_IDX,01/07/2025,11:40:27,20179.86,0,0,0,0,0,0
BSEFMC.BSE_IDX,01/07/2025,11:40:35,20181.03,0,0,0,0,0,0
BSEFMC.BSE_IDX,01/07/2025,11:40:43,20183.78,0,0,0,0,0,0
BSEFMC.BSE_IDX,01/07/2025,11:40:51,20186.18,0,0,0,0,0,0
BSEFMC.BSE_IDX,01/07/2025,11:41:00,20184.24,0,0,0,0,0,0
BSEFMC.BSE_IDX,01/07/2025,11:41:07,20181.11,0,0,0,0,0,0
BSEFMC.BSE_IDX,01/07/2025,11:41:15,20183.35,0,0,0,0,0,0
BSEFMC.BSE_IDX,01/07/2025,11:41:24,20185.04,0,0,0,0,0,0
BSEFMC.BSE_IDX,01/07/2025,11:41:32,20185.54,0,0,0,0,0,0
BSEFMC.BSE_IDX,01/07/2025,11:41:39,20186.42,0,0,0,0,0,0
BSEFMC.BSE_IDX,01/07/2025,11:41:48,20187.46,0,0,0,0,0,0
BSEFMC.BSE_IDX,01/07/2025,11:41:56,20186.65,0,0,0,0,0,0
BSEFMC.BSE_IDX,01/07/2025,11:42:04,20186.86,0,0,0,0,0,0
BSEFMC.BSE_IDX,01/07/2025,11:42:12,20184.57,0,0,0,0,0,0
BSEFMC.BSE_IDX,01/07/2025,11:42:20,20183.27,0,0,0,0,0,0
BSEFMC.BSE_IDX,01/07/2025,11:42:28,20183.56,0,0,0,0,0,0
BSEFMC.BSE_IDX,01/07/2025,11:42:36,20181.8,0,0,0,0,0,0
BSEFMC.BSE_IDX,01/07/2025,11:42:44,20181.98,0,0,0,0,0,0
BSEFMC.BSE_IDX,01/07/2025,11:42:52,20179.93,0,0,0,0,0,0
BSEFMC.BSE_IDX,01/07/2025,11:43:00,20182.88,0,0,0,0,0,0
BSEFMC.BSE_IDX,01/07/2025,11:43:08,20176.97,0,0,0,0,0,0
BSEFMC.BSE_IDX,01/07/2025,11:43:16,20181.05,0,0,0,0,0,0
BSEFMC.BSE_IDX,01/07/2025,11:43:24,20182.44,0,0,0,0,0,0
BSEFMC.BSE_IDX,01/07/2025,11:43:32,20181.2,0,0,0,0,0,0
BSEFMC.BSE_IDX,01/07/2025,11:43:40,20180.44,0,0,0,0,0,0
BSEFMC.BSE_IDX,01/07/2025,11:43:48,20175.49,0,0,0,0,0,0
BSEFMC.BSE_IDX,01/07/2025,11:43:56,20176.92,0,0,0,0,0,0
BSEFMC.BSE_IDX,01/07/2025,11:44:04,20175.5,0,0,0,0,0,0
BSEFMC.BSE_IDX,01/07/2025,11:44:12,20179.36,0,0,0,0,0,0
BSEFMC.BSE_IDX,01/07/2025,11:44:20,20172.9,0,0,0,0,0,0
BSEFMC.BSE_IDX,01/07/2025,11:44:28,20180.53,0,0,0,0,0,0
BSEFMC.BSE_IDX,01/07/2025,11:44:36,20175.61,0,0,0,0,0,0
BSEFMC.BSE_IDX,01/07/2025,11:44:44,20174.37,0,0,0,0,0,0
BSEFMC.BSE_IDX,01/07/2025,11:44:52,20178.85,0,0,0,0,0,0
BSEFMC.BSE_IDX,01/07/2025,11:45:00,20178.22,0,0,0,0,0,0
BSEFMC.BSE_IDX,01/07/2025,11:45:08,20176.31,0,0,0,0,0,0
BSEFMC.BSE_IDX,01/07/2025,11:45:16,20179.81,0,0,0,0,0,0
BSEFMC.BSE_IDX,01/07/2025,11:45:24,20182.89,0,0,0,0,0,0
BSEFMC.BSE_IDX,01/07/2025,11:45:32,20179.53,0,0,0,0,0,0
BSEFMC.BSE_IDX,01/07/2025,11:45:40,20183.3,0,0,0,0,0,0
BSEFMC.BSE_IDX,01/07/2025,11:45:48,20183.31,0,0,0,0,0,0
BSEFMC.BSE_IDX,01/07/2025,11:45:56,20182.46,0,0,0,0,0,0
BSEFMC.BSE_IDX,01/07/2025,11:46:04,20186.78,0,0,0,0,0,0
BSEFMC.BSE_IDX,01/07/2025,11:46:12,20185.64,0,0,0,0,0,0
BSEFMC.BSE_IDX,01/07/2025,11:46:20,20185.61,0,0,0,0,0,0
BSEFMC.BSE_IDX,01/07/2025,11:46:28,20185.33,0,0,0,0,0,0
BSEFMC.BSE_IDX,01/07/2025,11:46:36,20185.27,0,0,0,0,0,0
BSEFMC.BSE_IDX,01/07/2025,11:46:44,20187.19,0,0,0,0,0,0
BSEFMC.BSE_IDX,01/07/2025,11:46:52,20182,0,0,0,0,0,0
BSEFMC.BSE_IDX,01/07/2025,11:47:00,20183.27,0,0,0,0,0,0
BSEFMC.BSE_IDX,01/07/2025,11:47:08,20184.71,0,0,0,0,0,0
BSEFMC.BSE_IDX,01/07/2025,11:47:16,20181.09,0,0,0,0,0,0
BSEFMC.BSE_IDX,01/07/2025,11:47:24,20181.51,0,0,0,0,0,0
BSEFMC.BSE_IDX,01/07/2025,11:47:32,20181.86,0,0,0,0,0,0
BSEFMC.BSE_IDX,01/07/2025,11:47:40,20184.37,0,0,0,0,0,0
BSEFMC.BSE_IDX,01/07/2025,11:47:48,20185.81,0,0,0,0,0,0
BSEFMC.BSE_IDX,01/07/2025,11:47:56,20179.02,0,0,0,0,0,0
BSEFMC.BSE_IDX,01/07/2025,11:48:04,20179.72,0,0,0,0,0,0
BSEFMC.BSE_IDX,01/07/2025,11:48:12,20184.1,0,0,0,0,0,0
BSEFMC.BSE_IDX,01/07/2025,11:48:20,20184.41,0,0,0,0,0,0
BSEFMC.BSE_IDX,01/07/2025,11:48:28,20184.66,0,0,0,0,0,0
BSEFMC.BSE_IDX,01/07/2025,11:48:36,20182.53,0,0,0,0,0,0
BSEFMC.BSE_IDX,01/07/2025,11:48:44,20185.52,0,0,0,0,0,0
BSEFMC.BSE_IDX,01/07/2025,11:48:52,20185.02,0,0,0,0,0,0
BSEFMC.BSE_IDX,01/07/2025,11:49:01,20181.08,0,0,0,0,0,0
BSEFMC.BSE_IDX,01/07/2025,11:49:09,20181.05,0,0,0,0,0,0
BSEFMC.BSE_IDX,01/07/2025,11:49:16,20180.15,0,0,0,0,0,0
BSEFMC.BSE_IDX,01/07/2025,11:49:24,20179.79,0,0,0,0,0,0
BSEFMC.BSE_IDX,01/07/2025,11:49:32,20178.26,0,0,0,0,0,0
BSEFMC.BSE_IDX,01/07/2025,11:49:40,20178.51,0,0,0,0,0,0
BSEFMC.BSE_IDX,01/07/2025,11:49:49,20179.95,0,0,0,0,0,0
BSEFMC.BSE_IDX,01/07/2025,11:49:56,20176.35,0,0,0,0,0,0
BSEFMC.BSE_IDX,01/07/2025,11:50:04,20176.51,0,0,0,0,0,0
BSEFMC.BSE_IDX,01/07/2025,11:50:12,20176.58,0,0,0,0,0,0
BSEFMC.BSE_IDX,01/07/2025,11:50:20,20174.74,0,0,0,0,0,0
BSEFMC.BSE_IDX,01/07/2025,11:50:28,20177.17,0,0,0,0,0,0
BSEFMC.BSE_IDX,01/07/2025,11:50:36,20178.69,0,0,0,0,0,0
BSEFMC.BSE_IDX,01/07/2025,11:50:44,20173.39,0,0,0,0,0,0
BSEFMC.BSE_IDX,01/07/2025,11:50:52,20175.02,0,0,0,0,0,0
BSEFMC.BSE_IDX,01/07/2025,11:51:00,20176.4,0,0,0,0,0,0
BSEFMC.BSE_IDX,01/07/2025,11:51:08,20176.3,0,0,0,0,0,0
BSEFMC.BSE_IDX,01/07/2025,11:51:16,20176.34,0,0,0,0,0,0
BSEFMC.BSE_IDX,01/07/2025,11:51:24,20175.91,0,0,0,0,0,0
BSEFMC.BSE_IDX,01/07/2025,11:51:32,20175.03,0,0,0,0,0,0
BSEFMC.BSE_IDX,01/07/2025,11:51:40,20170.03,0,0,0,0,0,0
BSEFMC.BSE_IDX,01/07/2025,11:51:48,20173.5,0,0,0,0,0,0
BSEFMC.BSE_IDX,01/07/2025,11:51:56,20170.08,0,0,0,0,0,0
BSEFMC.BSE_IDX,01/07/2025,11:52:04,20171.9,0,0,0,0,0,0
BSEFMC.BSE_IDX,01/07/2025,11:52:12,20171.9,0,0,0,0,0,0
BSEFMC.BSE_IDX,01/07/2025,11:52:20,20174.55,0,0,0,0,0,0
BSEFMC.BSE_IDX,01/07/2025,11:52:28,20174.99,0,0,0,0,0,0
BSEFMC.BSE_IDX,01/07/2025,11:52:36,20171.52,0,0,0,0,0,0
BSEFMC.BSE_IDX,01/07/2025,11:52:44,20169.91,0,0,0,0,0,0
BSEFMC.BSE_IDX,01/07/2025,11:52:52,20168.37,0,0,0,0,0,0
BSEFMC.BSE_IDX,01/07/2025,11:53:00,20165.93,0,0,0,0,0,0
BSEFMC.BSE_IDX,01/07/2025,11:53:08,20165.81,0,0,0,0,0,0
BSEFMC.BSE_IDX,01/07/2025,11:53:16,20161.36,0,0,0,0,0,0
BSEFMC.BSE_IDX,01/07/2025,11:53:24,20160.18,0,0,0,0,0,0
BSEFMC.BSE_IDX,01/07/2025,11:53:32,20161.25,0,0,0,0,0,0
BSEFMC.BSE_IDX,01/07/2025,11:53:40,20161.04,0,0,0,0,0,0
BSEFMC.BSE_IDX,01/07/2025,11:53:48,20159.5,0,0,0,0,0,0
BSEFMC.BSE_IDX,01/07/2025,11:53:56,20158.49,0,0,0,0,0,0
BSEFMC.BSE_IDX,01/07/2025,11:54:04,20159.07,0,0,0,0,0,0
BSEFMC.BSE_IDX,01/07/2025,11:54:12,20153.05,0,0,0,0,0,0
BSEFMC.BSE_IDX,01/07/2025,11:54:20,20153.74,0,0,0,0,0,0
BSEFMC.BSE_IDX,01/07/2025,11:54:28,20155.15,0,0,0,0,0,0
BSEFMC.BSE_IDX,01/07/2025,11:54:36,20151.68,0,0,0,0,0,0
BSEFMC.BSE_IDX,01/07/2025,11:54:44,20151.67,0,0,0,0,0,0
BSEFMC.BSE_IDX,01/07/2025,11:54:52,20150.87,0,0,0,0,0,0
BSEFMC.BSE_IDX,01/07/2025,11:55:00,20151.15,0,0,0,0,0,0
BSEFMC.BSE_IDX,01/07/2025,11:55:08,20149.74,0,0,0,0,0,0
BSEFMC.BSE_IDX,01/07/2025,11:55:17,20152.35,0,0,0,0,0,0
BSEFMC.BSE_IDX,01/07/2025,11:55:24,20148.9,0,0,0,0,0,0
BSEFMC.BSE_IDX,01/07/2025,11:55:32,20149.98,0,0,0,0,0,0
BSEFMC.BSE_IDX,01/07/2025,11:55:40,20147.29,0,0,0,0,0,0
BSEFMC.BSE_IDX,01/07/2025,11:55:48,20147.61,0,0,0,0,0,0
BSEFMC.BSE_IDX,01/07/2025,11:55:56,20147.91,0,0,0,0,0,0
BSEFMC.BSE_IDX,01/07/2025,11:56:05,20147.29,0,0,0,0,0,0
BSEFMC.BSE_IDX,01/07/2025,11:56:12,20148.47,0,0,0,0,0,0
BSEFMC.BSE_IDX,01/07/2025,11:56:20,20142.34,0,0,0,0,0,0
BSEFMC.BSE_IDX,01/07/2025,11:56:28,20139.11,0,0,0,0,0,0
BSEFMC.BSE_IDX,01/07/2025,11:56:36,20138.71,0,0,0,0,0,0
BSEFMC.BSE_IDX,01/07/2025,11:56:44,20146.12,0,0,0,0,0,0
BSEFMC.BSE_IDX,01/07/2025,11:56:52,20143.23,0,0,0,0,0,0
BSEFMC.BSE_IDX,01/07/2025,11:57:00,20143.3,0,0,0,0,0,0
BSEFMC.BSE_IDX,01/07/2025,11:57:08,20142.89,0,0,0,0,0,0
BSEFMC.BSE_IDX,01/07/2025,11:57:16,20142.99,0,0,0,0,0,0
BSEFMC.BSE_IDX,01/07/2025,11:57:24,20145.06,0,0,0,0,0,0
BSEFMC.BSE_IDX,01/07/2025,11:57:32,20145.98,0,0,0,0,0,0
BSEFMC.BSE_IDX,01/07/2025,11:57:40,20145.91,0,0,0,0,0,0
BSEFMC.BSE_IDX,01/07/2025,11:57:48,20143.92,0,0,0,0,0,0
BSEFMC.BSE_IDX,01/07/2025,11:57:56,20144.13,0,0,0,0,0,0
BSEFMC.BSE_IDX,01/07/2025,11:58:04,20149.41,0,0,0,0,0,0
BSEFMC.BSE_IDX,01/07/2025,11:58:12,20145.65,0,0,0,0,0,0
BSEFMC.BSE_IDX,01/07/2025,11:58:20,20147.34,0,0,0,0,0,0
BSEFMC.BSE_IDX,01/07/2025,11:58:28,20146.95,0,0,0,0,0,0
BSEFMC.BSE_IDX,01/07/2025,11:58:36,20148.28,0,0,0,0,0,0
BSEFMC.BSE_IDX,01/07/2025,11:58:44,20151.12,0,0,0,0,0,0
BSEFMC.BSE_IDX,01/07/2025,11:58:52,20150.03,0,0,0,0,0,0
BSEFMC.BSE_IDX,01/07/2025,11:59:00,20151.67,0,0,0,0,0,0
BSEFMC.BSE_IDX,01/07/2025,11:59:08,20149.1,0,0,0,0,0,0
BSEFMC.BSE_IDX,01/07/2025,11:59:16,20148.87,0,0,0,0,0,0
BSEFMC.BSE_IDX,01/07/2025,11:59:24,20148.34,0,0,0,0,0,0
BSEFMC.BSE_IDX,01/07/2025,11:59:32,20149.92,0,0,0,0,0,0
BSEFMC.BSE_IDX,01/07/2025,11:59:40,20149,0,0,0,0,0,0
BSEFMC.BSE_IDX,01/07/2025,11:59:48,20152.37,0,0,0,0,0,0
BSEFMC.BSE_IDX,01/07/2025,11:59:56,20151.81,0,0,0,0,0,0
BSEFMC.BSE_IDX,01/07/2025,12:00:05,20152.42,0,0,0,0,0,0
BSEFMC.BSE_IDX,01/07/2025,12:00:12,20149.81,0,0,0,0,0,0
BSEFMC.BSE_IDX,01/07/2025,12:00:20,20151.55,0,0,0,0,0,0
BSEFMC.BSE_IDX,01/07/2025,12:00:28,20150.73,0,0,0,0,0,0
BSEFMC.BSE_IDX,01/07/2025,12:00:37,20150.31,0,0,0,0,0,0
BSEFMC.BSE_IDX,01/07/2025,12:00:44,20147.94,0,0,0,0,0,0
BSEFMC.BSE_IDX,01/07/2025,12:00:52,20146.4,0,0,0,0,0,0
BSEFMC.BSE_IDX,01/07/2025,12:01:00,20146.5,0,0,0,0,0,0
BSEFMC.BSE_IDX,01/07/2025,12:01:08,20146.37,0,0,0,0,0,0
BSEFMC.BSE_IDX,01/07/2025,12:01:16,20147.58,0,0,0,0,0,0
BSEFMC.BSE_IDX,01/07/2025,12:01:24,20147.33,0,0,0,0,0,0
BSEFMC.BSE_IDX,01/07/2025,12:01:32,20148.29,0,0,0,0,0,0
BSEFMC.BSE_IDX,01/07/2025,12:01:40,20148.76,0,0,0,0,0,0
BSEFMC.BSE_IDX,01/07/2025,12:01:48,20147.88,0,0,0,0,0,0
BSEFMC.BSE_IDX,01/07/2025,12:01:57,20143.94,0,0,0,0,0,0
BSEFMC.BSE_IDX,01/07/2025,12:02:04,20145.67,0,0,0,0,0,0
BSEFMC.BSE_IDX,01/07/2025,12:02:12,20140.93,0,0,0,0,0,0
BSEFMC.BSE_IDX,01/07/2025,12:02:20,20142.52,0,0,0,0,0,0
BSEFMC.BSE_IDX,01/07/2025,12:02:28,20140.57,0,0,0,0,0,0
BSEFMC.BSE_IDX,01/07/2025,12:02:36,20142.57,0,0,0,0,0,0
BSEFMC.BSE_IDX,01/07/2025,12:02:44,20141.02,0,0,0,0,0,0
BSEFMC.BSE_IDX,01/07/2025,12:02:52,20140.69,0,0,0,0,0,0
BSEFMC.BSE_IDX,01/07/2025,12:03:00,20142.62,0,0,0,0,0,0
BSEFMC.BSE_IDX,01/07/2025,12:03:08,20139.63,0,0,0,0,0,0
BSEFMC.BSE_IDX,01/07/2025,12:03:17,20136.63,0,0,0,0,0,0
BSEFMC.BSE_IDX,01/07/2025,12:03:24,20137.7,0,0,0,0,0,0
BSEFMC.BSE_IDX,01/07/2025,12:03:32,20137.29,0,0,0,0,0,0
BSEFMC.BSE_IDX,01/07/2025,12:03:40,20140.58,0,0,0,0,0,0
BSEFMC.BSE_IDX,01/07/2025,12:03:48,20141.07,0,0,0,0,0,0
BSEFMC.BSE_IDX,01/07/2025,12:03:56,20141.11,0,0,0,0,0,0
BSEFMC.BSE_IDX,01/07/2025,12:04:04,20141,0,0,0,0,0,0
BSEFMC.BSE_IDX,01/07/2025,12:04:12,20138.76,0,0,0,0,0,0
BSEFMC.BSE_IDX,01/07/2025,12:04:20,20137.6,0,0,0,0,0,0
BSEFMC.BSE_IDX,01/07/2025,12:04:28,20138.03,0,0,0,0,0,0
BSEFMC.BSE_IDX,01/07/2025,12:04:36,20139.61,0,0,0,0,0,0
BSEFMC.BSE_IDX,01/07/2025,12:04:44,20139.4,0,0,0,0,0,0
BSEFMC.BSE_IDX,01/07/2025,12:04:52,20138.5,0,0,0,0,0,0
BSEFMC.BSE_IDX,01/07/2025,12:05:01,20139.35,0,0,0,0,0,0
BSEFMC.BSE_IDX,01/07/2025,12:05:08,20140.27,0,0,0,0,0,0
BSEFMC.BSE_IDX,01/07/2025,12:05:16,20144.32,0,0,0,0,0,0
BSEFMC.BSE_IDX,01/07/2025,12:05:24,20144.34,0,0,0,0,0,0
BSEFMC.BSE_IDX,01/07/2025,12:05:32,20140.62,0,0,0,0,0,0
BSEFMC.BSE_IDX,01/07/2025,12:05:40,20139.61,0,0,0,0,0,0
BSEFMC.BSE_IDX,01/07/2025,12:05:48,20139.89,0,0,0,0,0,0
BSEFMC.BSE_IDX,01/07/2025,12:05:56,20139.34,0,0,0,0,0,0
BSEFMC.BSE_IDX,01/07/2025,12:06:04,20138.08,0,0,0,0,0,0
BSEFMC.BSE_IDX,01/07/2025,12:06:12,20137.9,0,0,0,0,0,0
BSEFMC.BSE_IDX,01/07/2025,12:06:20,20135.48,0,0,0,0,0,0
BSEFMC.BSE_IDX,01/07/2025,12:06:28,20136.8,0,0,0,0,0,0
BSEFMC.BSE_IDX,01/07/2025,12:06:36,20135.66,0,0,0,0,0,0
BSEFMC.BSE_IDX,01/07/2025,12:06:44,20137.84,0,0,0,0,0,0
BSEFMC.BSE_IDX,01/07/2025,12:06:53,20134.23,0,0,0,0,0,0
BSEFMC.BSE_IDX,01/07/2025,12:07:00,20134.94,0,0,0,0,0,0
BSEFMC.BSE_IDX,01/07/2025,12:07:08,20137.09,0,0,0,0,0,0
BSEFMC.BSE_IDX,01/07/2025,12:07:16,20138.05,0,0,0,0,0,0
BSEFMC.BSE_IDX,01/07/2025,12:07:24,20135.36,0,0,0,0,0,0
BSEFMC.BSE_IDX,01/07/2025,12:07:32,20134.22,0,0,0,0,0,0
BSEFMC.BSE_IDX,01/07/2025,12:07:40,20138.55,0,0,0,0,0,0
BSEFMC.BSE_IDX,01/07/2025,12:07:48,20137.07,0,0,0,0,0,0
BSEFMC.BSE_IDX,01/07/2025,12:07:56,20137.1,0,0,0,0,0,0
BSEFMC.BSE_IDX,01/07/2025,12:08:04,20137.46,0,0,0,0,0,0
BSEFMC.BSE_IDX,01/07/2025,12:08:12,20137.17,0,0,0,0,0,0
BSEFMC.BSE_IDX,01/07/2025,12:08:20,20134.9,0,0,0,0,0,0
BSEFMC.BSE_IDX,01/07/2025,12:08:28,20136.05,0,0,0,0,0,0
BSEFMC.BSE_IDX,01/07/2025,12:08:36,20136.04,0,0,0,0,0,0
BSEFMC.BSE_IDX,01/07/2025,12:08:44,20135.46,0,0,0,0,0,0
BSEFMC.BSE_IDX,01/07/2025,12:08:52,20136.24,0,0,0,0,0,0
BSEFMC.BSE_IDX,01/07/2025,12:09:00,20133.42,0,0,0,0,0,0
BSEFMC.BSE_IDX,01/07/2025,12:09:08,20137.73,0,0,0,0,0,0
BSEFMC.BSE_IDX,01/07/2025,12:09:16,20137.52,0,0,0,0,0,0
BSEFMC.BSE_IDX,01/07/2025,12:09:25,20134.86,0,0,0,0,0,0
BSEFMC.BSE_IDX,01/07/2025,12:09:32,20135.1,0,0,0,0,0,0
BSEFMC.BSE_IDX,01/07/2025,12:09:40,20132.29,0,0,0,0,0,0
BSEFMC.BSE_IDX,01/07/2025,12:09:48,20134.75,0,0,0,0,0,0
BSEFMC.BSE_IDX,01/07/2025,12:09:57,20136.62,0,0,0,0,0,0
BSEFMC.BSE_IDX,01/07/2025,12:10:05,20132.21,0,0,0,0,0,0
BSEFMC.BSE_IDX,01/07/2025,12:10:13,20132.24,0,0,0,0,0,0
BSEFMC.BSE_IDX,01/07/2025,12:10:22,20133.3,0,0,0,0,0,0
BSEFMC.BSE_IDX,01/07/2025,12:10:28,20135.33,0,0,0,0,0,0
BSEFMC.BSE_IDX,01/07/2025,12:10:36,20132.81,0,0,0,0,0,0
BSEFMC.BSE_IDX,01/07/2025,12:10:45,20131.31,0,0,0,0,0,0
BSEFMC.BSE_IDX,01/07/2025,12:10:52,20136.85,0,0,0,0,0,0
BSEFMC.BSE_IDX,01/07/2025,12:11:00,20136.04,0,0,0,0,0,0
BSEFMC.BSE_IDX,01/07/2025,12:11:08,20133.18,0,0,0,0,0,0
BSEFMC.BSE_IDX,01/07/2025,12:11:17,20135.83,0,0,0,0,0,0
BSEFMC.BSE_IDX,01/07/2025,12:11:24,20135.74,0,0,0,0,0,0
BSEFMC.BSE_IDX,01/07/2025,12:11:32,20131.95,0,0,0,0,0,0
BSEFMC.BSE_IDX,01/07/2025,12:11:40,20129.92,0,0,0,0,0,0
BSEFMC.BSE_IDX,01/07/2025,12:11:49,20133.9,0,0,0,0,0,0
BSEFMC.BSE_IDX,01/07/2025,12:11:57,20131.6,0,0,0,0,0,0
BSEFMC.BSE_IDX,01/07/2025,12:12:05,20131.9,0,0,0,0,0,0
BSEFMC.BSE_IDX,01/07/2025,12:12:13,20135.04,0,0,0,0,0,0
BSEFMC.BSE_IDX,01/07/2025,12:12:21,20136.33,0,0,0,0,0,0
BSEFMC.BSE_IDX,01/07/2025,12:12:29,20133.53,0,0,0,0,0,0
BSEFMC.BSE_IDX,01/07/2025,12:12:37,20135.58,0,0,0,0,0,0
BSEFMC.BSE_IDX,01/07/2025,12:12:45,20136.07,0,0,0,0,0,0
BSEFMC.BSE_IDX,01/07/2025,12:12:53,20135.12,0,0,0,0,0,0
BSEFMC.BSE_IDX,01/07/2025,12:13:01,20135.95,0,0,0,0,0,0
BSEFMC.BSE_IDX,01/07/2025,12:13:09,20136.37,0,0,0,0,0,0
BSEFMC.BSE_IDX,01/07/2025,12:13:17,20136.68,0,0,0,0,0,0
BSEFMC.BSE_IDX,01/07/2025,12:13:25,20136.73,0,0,0,0,0,0
BSEFMC.BSE_IDX,01/07/2025,12:13:33,20136.48,0,0,0,0,0,0
BSEFMC.BSE_IDX,01/07/2025,12:13:41,20135.38,0,0,0,0,0,0
BSEFMC.BSE_IDX,01/07/2025,12:13:49,20133.62,0,0,0,0,0,0
BSEFMC.BSE_IDX,01/07/2025,12:13:57,20133.83,0,0,0,0,0,0
BSEFMC.BSE_IDX,01/07/2025,12:14:05,20138.7,0,0,0,0,0,0
BSEFMC.BSE_IDX,01/07/2025,12:14:13,20139.06,0,0,0,0,0,0
BSEFMC.BSE_IDX,01/07/2025,12:14:21,20137.79,0,0,0,0,0,0
BSEFMC.BSE_IDX,01/07/2025,12:14:29,20138.91,0,0,0,0,0,0
BSEFMC.BSE_IDX,01/07/2025,12:14:37,20139.17,0,0,0,0,0,0
BSEFMC.BSE_IDX,01/07/2025,12:14:46,20138.51,0,0,0,0,0,0
BSEFMC.BSE_IDX,01/07/2025,12:14:54,20131.94,0,0,0,0,0,0
BSEFMC.BSE_IDX,01/07/2025,12:15:01,20136.26,0,0,0,0,0,0
BSEFMC.BSE_IDX,01/07/2025,12:15:09,20136.59,0,0,0,0,0,0
BSEFMC.BSE_IDX,01/07/2025,12:15:17,20136.31,0,0,0,0,0,0
BSEFMC.BSE_IDX,01/07/2025,12:15:25,20134.44,0,0,0,0,0,0
BSEFMC.BSE_IDX,01/07/2025,12:15:33,20135.02,0,0,0,0,0,0
BSEFMC.BSE_IDX,01/07/2025,12:15:41,20135.72,0,0,0,0,0,0
BSEFMC.BSE_IDX,01/07/2025,12:15:49,20132.17,0,0,0,0,0,0
BSEFMC.BSE_IDX,01/07/2025,12:15:57,20133.54,0,0,0,0,0,0
BSEFMC.BSE_IDX,01/07/2025,12:16:05,20133.83,0,0,0,0,0,0
BSEFMC.BSE_IDX,01/07/2025,12:16:13,20136.07,0,0,0,0,0,0
BSEFMC.BSE_IDX,01/07/2025,12:16:21,20136.58,0,0,0,0,0,0
BSEFMC.BSE_IDX,01/07/2025,12:16:29,20137.32,0,0,0,0,0,0
BSEFMC.BSE_IDX,01/07/2025,12:16:37,20138.5,0,0,0,0,0,0
BSEFMC.BSE_IDX,01/07/2025,12:16:45,20137.77,0,0,0,0,0,0
BSEFMC.BSE_IDX,01/07/2025,12:16:53,20138.89,0,0,0,0,0,0
BSEFMC.BSE_IDX,01/07/2025,12:17:01,20138.5,0,0,0,0,0,0
BSEFMC.BSE_IDX,01/07/2025,12:17:09,20134.9,0,0,0,0,0,0
BSEFMC.BSE_IDX,01/07/2025,12:17:17,20137.21,0,0,0,0,0,0
BSEFMC.BSE_IDX,01/07/2025,12:17:25,20136.66,0,0,0,0,0,0
BSEFMC.BSE_IDX,01/07/2025,12:17:33,20137.27,0,0,0,0,0,0
BSEFMC.BSE_IDX,01/07/2025,12:17:41,20137.4,0,0,0,0,0,0
BSEFMC.BSE_IDX,01/07/2025,12:17:49,20138.88,0,0,0,0,0,0
BSEFMC.BSE_IDX,01/07/2025,12:17:57,20138.94,0,0,0,0,0,0
BSEFMC.BSE_IDX,01/07/2025,12:18:05,20140.33,0,0,0,0,0,0
BSEFMC.BSE_IDX,01/07/2025,12:18:13,20140.28,0,0,0,0,0,0
BSEFMC.BSE_IDX,01/07/2025,12:18:21,20139.51,0,0,0,0,0,0
BSEFMC.BSE_IDX,01/07/2025,12:18:29,20138.95,0,0,0,0,0,0
BSEFMC.BSE_IDX,01/07/2025,12:18:37,20137.2,0,0,0,0,0,0
BSEFMC.BSE_IDX,01/07/2025,12:18:45,20137.2,0,0,0,0,0,0
BSEFMC.BSE_IDX,01/07/2025,12:18:53,20137.96,0,0,0,0,0,0
BSEFMC.BSE_IDX,01/07/2025,12:19:01,20135.91,0,0,0,0,0,0
BSEFMC.BSE_IDX,01/07/2025,12:19:09,20135.55,0,0,0,0,0,0
BSEFMC.BSE_IDX,01/07/2025,12:19:17,20135.76,0,0,0,0,0,0
BSEFMC.BSE_IDX,01/07/2025,12:19:25,20137.6,0,0,0,0,0,0
BSEFMC.BSE_IDX,01/07/2025,12:19:33,20137.58,0,0,0,0,0,0
BSEFMC.BSE_IDX,01/07/2025,12:19:41,20137.63,0,0,0,0,0,0
BSEFMC.BSE_IDX,01/07/2025,12:19:49,20140.57,0,0,0,0,0,0
BSEFMC.BSE_IDX,01/07/2025,12:19:57,20142.19,0,0,0,0,0,0
BSEFMC.BSE_IDX,01/07/2025,12:20:05,20146.06,0,0,0,0,0,0
BSEFMC.BSE_IDX,01/07/2025,12:20:13,20141.51,0,0,0,0,0,0
BSEFMC.BSE_IDX,01/07/2025,12:20:21,20142.36,0,0,0,0,0,0
BSEFMC.BSE_IDX,01/07/2025,12:20:29,20149.38,0,0,0,0,0,0
BSEFMC.BSE_IDX,01/07/2025,12:20:37,20148.4,0,0,0,0,0,0
BSEFMC.BSE_IDX,01/07/2025,12:20:45,20148.19,0,0,0,0,0,0
BSEFMC.BSE_IDX,01/07/2025,12:20:53,20144.03,0,0,0,0,0,0
BSEFMC.BSE_IDX,01/07/2025,12:21:01,20147.19,0,0,0,0,0,0
BSEFMC.BSE_IDX,01/07/2025,12:21:09,20144.06,0,0,0,0,0,0
BSEFMC.BSE_IDX,01/07/2025,12:21:17,20147.11,0,0,0,0,0,0
BSEFMC.BSE_IDX,01/07/2025,12:21:25,20143.86,0,0,0,0,0,0
BSEFMC.BSE_IDX,01/07/2025,12:21:33,20143.36,0,0,0,0,0,0
BSEFMC.BSE_IDX,01/07/2025,12:21:41,20142.43,0,0,0,0,0,0
BSEFMC.BSE_IDX,01/07/2025,12:21:49,20145.85,0,0,0,0,0,0
BSEFMC.BSE_IDX,01/07/2025,12:21:57,20142.27,0,0,0,0,0,0
BSEFMC.BSE_IDX,01/07/2025,12:22:05,20143.27,0,0,0,0,0,0
BSEFMC.BSE_IDX,01/07/2025,12:22:13,20141.06,0,0,0,0,0,0
BSEFMC.BSE_IDX,01/07/2025,12:22:21,20143.43,0,0,0,0,0,0
BSEFMC.BSE_IDX,01/07/2025,12:22:29,20143.85,0,0,0,0,0,0
BSEFMC.BSE_IDX,01/07/2025,12:22:37,20142.84,0,0,0,0,0,0
BSEFMC.BSE_IDX,01/07/2025,12:22:45,20145.57,0,0,0,0,0,0
BSEFMC.BSE_IDX,01/07/2025,12:22:53,20145.62,0,0,0,0,0,0
BSEFMC.BSE_IDX,01/07/2025,12:23:02,20145.99,0,0,0,0,0,0
BSEFMC.BSE_IDX,01/07/2025,12:23:09,20146.28,0,0,0,0,0,0
BSEFMC.BSE_IDX,01/07/2025,12:23:17,20147.51,0,0,0,0,0,0
BSEFMC.BSE_IDX,01/07/2025,12:23:25,20147.28,0,0,0,0,0,0
BSEFMC.BSE_IDX,01/07/2025,12:23:33,20144.98,0,0,0,0,0,0
BSEFMC.BSE_IDX,01/07/2025,12:23:41,20144.57,0,0,0,0,0,0
BSEFMC.BSE_IDX,01/07/2025,12:23:49,20148.25,0,0,0,0,0,0
BSEFMC.BSE_IDX,01/07/2025,12:23:57,20148.63,0,0,0,0,0,0
BSEFMC.BSE_IDX,01/07/2025,12:24:05,20148.3,0,0,0,0,0,0
BSEFMC.BSE_IDX,01/07/2025,12:24:13,20149.46,0,0,0,0,0,0
BSEFMC.BSE_IDX,01/07/2025,12:24:21,20149.79,0,0,0,0,0,0
BSEFMC.BSE_IDX,01/07/2025,12:24:29,20148.98,0,0,0,0,0,0
BSEFMC.BSE_IDX,01/07/2025,12:24:37,20148.9,0,0,0,0,0,0
BSEFMC.BSE_IDX,01/07/2025,12:24:45,20148.59,0,0,0,0,0,0
BSEFMC.BSE_IDX,01/07/2025,12:24:53,20146.75,0,0,0,0,0,0
BSEFMC.BSE_IDX,01/07/2025,12:25:01,20148.97,0,0,0,0,0,0
BSEFMC.BSE_IDX,01/07/2025,12:25:09,20148.59,0,0,0,0,0,0
BSEFMC.BSE_IDX,01/07/2025,12:25:17,20148.24,0,0,0,0,0,0
BSEFMC.BSE_IDX,01/07/2025,12:25:25,20148.05,0,0,0,0,0,0
BSEFMC.BSE_IDX,01/07/2025,12:25:33,20146.42,0,0,0,0,0,0
BSEFMC.BSE_IDX,01/07/2025,12:25:41,20148.53,0,0,0,0,0,0
BSEFMC.BSE_IDX,01/07/2025,12:25:49,20148.46,0,0,0,0,0,0
BSEFMC.BSE_IDX,01/07/2025,12:25:57,20149.14,0,0,0,0,0,0
BSEFMC.BSE_IDX,01/07/2025,12:26:05,20149.17,0,0,0,0,0,0
BSEFMC.BSE_IDX,01/07/2025,12:26:13,20149.01,0,0,0,0,0,0
BSEFMC.BSE_IDX,01/07/2025,12:26:21,20150.03,0,0,0,0,0,0
BSEFMC.BSE_IDX,01/07/2025,12:26:31,20148.36,0,0,0,0,0,0
BSEFMC.BSE_IDX,01/07/2025,12:26:37,20150.21,0,0,0,0,0,0
BSEFMC.BSE_IDX,01/07/2025,12:26:45,20149.36,0,0,0,0,0,0
BSEFMC.BSE_IDX,01/07/2025,12:26:53,20149.9,0,0,0,0,0,0
BSEFMC.BSE_IDX,01/07/2025,12:27:01,20145.29,0,0,0,0,0,0
BSEFMC.BSE_IDX,01/07/2025,12:27:09,20142.32,0,0,0,0,0,0
BSEFMC.BSE_IDX,01/07/2025,12:27:17,20144.92,0,0,0,0,0,0
BSEFMC.BSE_IDX,01/07/2025,12:27:25,20141.3,0,0,0,0,0,0
BSEFMC.BSE_IDX,01/07/2025,12:27:33,20140.66,0,0,0,0,0,0
BSEFMC.BSE_IDX,01/07/2025,12:27:41,20143.56,0,0,0,0,0,0
BSEFMC.BSE_IDX,01/07/2025,12:27:49,20145.5,0,0,0,0,0,0
BSEFMC.BSE_IDX,01/07/2025,12:27:57,20144.43,0,0,0,0,0,0
BSEFMC.BSE_IDX,01/07/2025,12:28:05,20142.58,0,0,0,0,0,0
BSEFMC.BSE_IDX,01/07/2025,12:28:13,20139.5,0,0,0,0,0,0
BSEFMC.BSE_IDX,01/07/2025,12:28:21,20139.52,0,0,0,0,0,0
BSEFMC.BSE_IDX,01/07/2025,12:28:29,20140.97,0,0,0,0,0,0
BSEFMC.BSE_IDX,01/07/2025,12:28:37,20140.46,0,0,0,0,0,0
BSEFMC.BSE_IDX,01/07/2025,12:28:45,20139.36,0,0,0,0,0,0
BSEFMC.BSE_IDX,01/07/2025,12:28:53,20137.13,0,0,0,0,0,0
BSEFMC.BSE_IDX,01/07/2025,12:29:01,20136.13,0,0,0,0,0,0
BSEFMC.BSE_IDX,01/07/2025,12:29:10,20136.24,0,0,0,0,0,0
BSEFMC.BSE_IDX,01/07/2025,12:29:18,20136.22,0,0,0,0,0,0
BSEFMC.BSE_IDX,01/07/2025,12:29:25,20135.32,0,0,0,0,0,0
BSEFMC.BSE_IDX,01/07/2025,12:29:33,20134.49,0,0,0,0,0,0
BSEFMC.BSE_IDX,01/07/2025,12:29:41,20132.38,0,0,0,0,0,0
BSEFMC.BSE_IDX,01/07/2025,12:29:49,20132.34,0,0,0,0,0,0
BSEFMC.BSE_IDX,01/07/2025,12:29:57,20131.14,0,0,0,0,0,0
BSEFMC.BSE_IDX,01/07/2025,12:30:05,20133.57,0,0,0,0,0,0
BSEFMC.BSE_IDX,01/07/2025,12:30:13,20132.7,0,0,0,0,0,0
BSEFMC.BSE_IDX,01/07/2025,12:30:22,20133.17,0,0,0,0,0,0
BSEFMC.BSE_IDX,01/07/2025,12:30:29,20131.4,0,0,0,0,0,0
BSEFMC.BSE_IDX,01/07/2025,12:30:37,20129.59,0,0,0,0,0,0
BSEFMC.BSE_IDX,01/07/2025,12:30:45,20134.73,0,0,0,0,0,0
BSEFMC.BSE_IDX,01/07/2025,12:30:53,20134.8,0,0,0,0,0,0
BSEFMC.BSE_IDX,01/07/2025,12:31:01,20135.24,0,0,0,0,0,0
BSEFMC.BSE_IDX,01/07/2025,12:31:09,20130.96,0,0,0,0,0,0
BSEFMC.BSE_IDX,01/07/2025,12:31:17,20126.53,0,0,0,0,0,0
BSEFMC.BSE_IDX,01/07/2025,12:31:25,20124.74,0,0,0,0,0,0
BSEFMC.BSE_IDX,01/07/2025,12:31:34,20122.15,0,0,0,0,0,0
BSEFMC.BSE_IDX,01/07/2025,12:31:41,20121.22,0,0,0,0,0,0
BSEFMC.BSE_IDX,01/07/2025,12:31:49,20123.65,0,0,0,0,0,0
BSEFMC.BSE_IDX,01/07/2025,12:31:57,20122.59,0,0,0,0,0,0
BSEFMC.BSE_IDX,01/07/2025,12:32:05,20119.83,0,0,0,0,0,0
BSEFMC.BSE_IDX,01/07/2025,12:32:13,20126.01,0,0,0,0,0,0
BSEFMC.BSE_IDX,01/07/2025,12:32:21,20124.58,0,0,0,0,0,0
BSEFMC.BSE_IDX,01/07/2025,12:32:29,20123.58,0,0,0,0,0,0
BSEFMC.BSE_IDX,01/07/2025,12:32:37,20125.34,0,0,0,0,0,0
BSEFMC.BSE_IDX,01/07/2025,12:32:45,20125.93,0,0,0,0,0,0
BSEFMC.BSE_IDX,01/07/2025,12:32:53,20125.42,0,0,0,0,0,0
BSEFMC.BSE_IDX,01/07/2025,12:33:01,20125.19,0,0,0,0,0,0
BSEFMC.BSE_IDX,01/07/2025,12:33:09,20122.25,0,0,0,0,0,0
BSEFMC.BSE_IDX,01/07/2025,12:33:17,20121.53,0,0,0,0,0,0
BSEFMC.BSE_IDX,01/07/2025,12:33:26,20124.69,0,0,0,0,0,0
BSEFMC.BSE_IDX,01/07/2025,12:33:33,20126.58,0,0,0,0,0,0
BSEFMC.BSE_IDX,01/07/2025,12:33:41,20126.74,0,0,0,0,0,0
BSEFMC.BSE_IDX,01/07/2025,12:33:49,20126.22,0,0,0,0,0,0
BSEFMC.BSE_IDX,01/07/2025,12:33:57,20125.43,0,0,0,0,0,0
BSEFMC.BSE_IDX,01/07/2025,12:34:05,20125.4,0,0,0,0,0,0
BSEFMC.BSE_IDX,01/07/2025,12:34:13,20126.56,0,0,0,0,0,0
BSEFMC.BSE_IDX,01/07/2025,12:34:21,20127.32,0,0,0,0,0,0
BSEFMC.BSE_IDX,01/07/2025,12:34:29,20125.68,0,0,0,0,0,0
BSEFMC.BSE_IDX,01/07/2025,12:34:37,20125.75,0,0,0,0,0,0
BSEFMC.BSE_IDX,01/07/2025,12:34:45,20125.91,0,0,0,0,0,0
BSEFMC.BSE_IDX,01/07/2025,12:34:53,20127.54,0,0,0,0,0,0
BSEFMC.BSE_IDX,01/07/2025,12:35:01,20127.34,0,0,0,0,0,0
BSEFMC.BSE_IDX,01/07/2025,12:35:09,20125.38,0,0,0,0,0,0
BSEFMC.BSE_IDX,01/07/2025,12:35:17,20126.04,0,0,0,0,0,0
BSEFMC.BSE_IDX,01/07/2025,12:35:25,20125.08,0,0,0,0,0,0
BSEFMC.BSE_IDX,01/07/2025,12:35:33,20127.89,0,0,0,0,0,0
BSEFMC.BSE_IDX,01/07/2025,12:35:41,20127.64,0,0,0,0,0,0
BSEFMC.BSE_IDX,01/07/2025,12:35:49,20127.56,0,0,0,0,0,0
BSEFMC.BSE_IDX,01/07/2025,12:35:57,20123.99,0,0,0,0,0,0
BSEFMC.BSE_IDX,01/07/2025,12:36:05,20124.65,0,0,0,0,0,0
BSEFMC.BSE_IDX,01/07/2025,12:36:13,20124.11,0,0,0,0,0,0
BSEFMC.BSE_IDX,01/07/2025,12:36:21,20124.15,0,0,0,0,0,0
BSEFMC.BSE_IDX,01/07/2025,12:36:29,20124.41,0,0,0,0,0,0
BSEFMC.BSE_IDX,01/07/2025,12:36:37,20126.02,0,0,0,0,0,0
BSEFMC.BSE_IDX,01/07/2025,12:36:45,20126.78,0,0,0,0,0,0
BSEFMC.BSE_IDX,01/07/2025,12:36:53,20124.8,0,0,0,0,0,0
BSEFMC.BSE_IDX,01/07/2025,12:37:01,20128.51,0,0,0,0,0,0
BSEFMC.BSE_IDX,01/07/2025,12:37:09,20127.24,0,0,0,0,0,0
BSEFMC.BSE_IDX,01/07/2025,12:37:17,20126.31,0,0,0,0,0,0
BSEFMC.BSE_IDX,01/07/2025,12:37:25,20125.26,0,0,0,0,0,0
BSEFMC.BSE_IDX,01/07/2025,12:37:33,20124.09,0,0,0,0,0,0
BSEFMC.BSE_IDX,01/07/2025,12:37:41,20120.19,0,0,0,0,0,0
BSEFMC.BSE_IDX,01/07/2025,12:37:49,20122.63,0,0,0,0,0,0
BSEFMC.BSE_IDX,01/07/2025,12:37:57,20122.18,0,0,0,0,0,0
BSEFMC.BSE_IDX,01/07/2025,12:38:05,20120.03,0,0,0,0,0,0
BSEFMC.BSE_IDX,01/07/2025,12:38:13,20123.2,0,0,0,0,0,0
BSEFMC.BSE_IDX,01/07/2025,12:38:22,20123.02,0,0,0,0,0,0
BSEFMC.BSE_IDX,01/07/2025,12:38:29,20124,0,0,0,0,0,0
BSEFMC.BSE_IDX,01/07/2025,12:38:39,20122.17,0,0,0,0,0,0
BSEFMC.BSE_IDX,01/07/2025,12:38:45,20122.04,0,0,0,0,0,0
BSEFMC.BSE_IDX,01/07/2025,12:38:53,20121.85,0,0,0,0,0,0
BSEFMC.BSE_IDX,01/07/2025,12:39:01,20118.34,0,0,0,0,0,0
BSEFMC.BSE_IDX,01/07/2025,12:39:10,20116.67,0,0,0,0,0,0
BSEFMC.BSE_IDX,01/07/2025,12:39:17,20118.98,0,0,0,0,0,0
BSEFMC.BSE_IDX,01/07/2025,12:39:25,20117.53,0,0,0,0,0,0
BSEFMC.BSE_IDX,01/07/2025,12:39:34,20117.75,0,0,0,0,0,0
BSEFMC.BSE_IDX,01/07/2025,12:39:42,20114.1,0,0,0,0,0,0
BSEFMC.BSE_IDX,01/07/2025,12:39:49,20118.02,0,0,0,0,0,0
BSEFMC.BSE_IDX,01/07/2025,12:39:57,20117.89,0,0,0,0,0,0
BSEFMC.BSE_IDX,01/07/2025,12:40:05,20116.51,0,0,0,0,0,0
BSEFMC.BSE_IDX,01/07/2025,12:40:14,20117.45,0,0,0,0,0,0
BSEFMC.BSE_IDX,01/07/2025,12:40:21,20117.57,0,0,0,0,0,0
BSEFMC.BSE_IDX,01/07/2025,12:40:29,20113.97,0,0,0,0,0,0
BSEFMC.BSE_IDX,01/07/2025,12:40:37,20117.21,0,0,0,0,0,0
BSEFMC.BSE_IDX,01/07/2025,12:40:45,20117.18,0,0,0,0,0,0
BSEFMC.BSE_IDX,01/07/2025,12:40:54,20117.11,0,0,0,0,0,0
BSEFMC.BSE_IDX,01/07/2025,12:41:01,20119.48,0,0,0,0,0,0
BSEFMC.BSE_IDX,01/07/2025,12:41:09,20118.89,0,0,0,0,0,0
BSEFMC.BSE_IDX,01/07/2025,12:41:17,20118.15,0,0,0,0,0,0
BSEFMC.BSE_IDX,01/07/2025,12:41:25,20117.41,0,0,0,0,0,0
BSEFMC.BSE_IDX,01/07/2025,12:41:33,20117.81,0,0,0,0,0,0
BSEFMC.BSE_IDX,01/07/2025,12:41:41,20118.73,0,0,0,0,0,0
BSEFMC.BSE_IDX,01/07/2025,12:41:49,20120.01,0,0,0,0,0,0
BSEFMC.BSE_IDX,01/07/2025,12:41:57,20117.86,0,0,0,0,0,0
BSEFMC.BSE_IDX,01/07/2025,12:42:05,20116.76,0,0,0,0,0,0
BSEFMC.BSE_IDX,01/07/2025,12:42:13,20115.16,0,0,0,0,0,0
BSEFMC.BSE_IDX,01/07/2025,12:42:21,20116.22,0,0,0,0,0,0
BSEFMC.BSE_IDX,01/07/2025,12:42:29,20119.11,0,0,0,0,0,0
BSEFMC.BSE_IDX,01/07/2025,12:42:37,20118.74,0,0,0,0,0,0
BSEFMC.BSE_IDX,01/07/2025,12:42:45,20119.28,0,0,0,0,0,0
BSEFMC.BSE_IDX,01/07/2025,12:42:53,20115.24,0,0,0,0,0,0
BSEFMC.BSE_IDX,01/07/2025,12:43:01,20118.68,0,0,0,0,0,0
BSEFMC.BSE_IDX,01/07/2025,12:43:10,20119.17,0,0,0,0,0,0
BSEFMC.BSE_IDX,01/07/2025,12:43:17,20119.3,0,0,0,0,0,0
BSEFMC.BSE_IDX,01/07/2025,12:43:26,20116.54,0,0,0,0,0,0
BSEFMC.BSE_IDX,01/07/2025,12:43:33,20118.74,0,0,0,0,0,0
BSEFMC.BSE_IDX,01/07/2025,12:43:41,20116.77,0,0,0,0,0,0
BSEFMC.BSE_IDX,01/07/2025,12:43:49,20114.41,0,0,0,0,0,0
BSEFMC.BSE_IDX,01/07/2025,12:43:58,20115.66,0,0,0,0,0,0
BSEFMC.BSE_IDX,01/07/2025,12:44:05,20115.82,0,0,0,0,0,0
BSEFMC.BSE_IDX,01/07/2025,12:44:14,20118.75,0,0,0,0,0,0
BSEFMC.BSE_IDX,01/07/2025,12:44:21,20116.22,0,0,0,0,0,0
BSEFMC.BSE_IDX,01/07/2025,12:44:29,20114.64,0,0,0,0,0,0
BSEFMC.BSE_IDX,01/07/2025,12:44:38,20117.91,0,0,0,0,0,0
BSEFMC.BSE_IDX,01/07/2025,12:44:45,20117.37,0,0,0,0,0,0
BSEFMC.BSE_IDX,01/07/2025,12:44:53,20117.99,0,0,0,0,0,0
BSEFMC.BSE_IDX,01/07/2025,12:45:01,20117.04,0,0,0,0,0,0
BSEFMC.BSE_IDX,01/07/2025,12:45:11,20117.39,0,0,0,0,0,0
BSEFMC.BSE_IDX,01/07/2025,12:45:17,20115.18,0,0,0,0,0,0
BSEFMC.BSE_IDX,01/07/2025,12:45:25,20114.63,0,0,0,0,0,0
BSEFMC.BSE_IDX,01/07/2025,12:45:34,20112.71,0,0,0,0,0,0
BSEFMC.BSE_IDX,01/07/2025,12:45:42,20111.37,0,0,0,0,0,0
BSEFMC.BSE_IDX,01/07/2025,12:45:50,20112.17,0,0,0,0,0,0
BSEFMC.BSE_IDX,01/07/2025,12:45:58,20109.87,0,0,0,0,0,0
BSEFMC.BSE_IDX,01/07/2025,12:46:06,20110.7,0,0,0,0,0,0
BSEFMC.BSE_IDX,01/07/2025,12:46:14,20110.61,0,0,0,0,0,0
BSEFMC.BSE_IDX,01/07/2025,12:46:22,20107.85,0,0,0,0,0,0
BSEFMC.BSE_IDX,01/07/2025,12:46:30,20107.4,0,0,0,0,0,0
BSEFMC.BSE_IDX,01/07/2025,12:46:38,20107.85,0,0,0,0,0,0
BSEFMC.BSE_IDX,01/07/2025,12:46:46,20107.28,0,0,0,0,0,0
BSEFMC.BSE_IDX,01/07/2025,12:46:54,20104.75,0,0,0,0,0,0
BSEFMC.BSE_IDX,01/07/2025,12:47:02,20105.52,0,0,0,0,0,0
BSEFMC.BSE_IDX,01/07/2025,12:47:10,20110.25,0,0,0,0,0,0
BSEFMC.BSE_IDX,01/07/2025,12:47:18,20110.32,0,0,0,0,0,0
BSEFMC.BSE_IDX,01/07/2025,12:47:26,20107.05,0,0,0,0,0,0
BSEFMC.BSE_IDX,01/07/2025,12:47:34,20110.93,0,0,0,0,0,0
BSEFMC.BSE_IDX,01/07/2025,12:47:42,20108.61,0,0,0,0,0,0
BSEFMC.BSE_IDX,01/07/2025,12:47:50,20104.51,0,0,0,0,0,0
BSEFMC.BSE_IDX,01/07/2025,12:47:58,20108,0,0,0,0,0,0
BSEFMC.BSE_IDX,01/07/2025,12:48:06,20109.13,0,0,0,0,0,0
BSEFMC.BSE_IDX,01/07/2025,12:48:14,20110.79,0,0,0,0,0,0
BSEFMC.BSE_IDX,01/07/2025,12:48:22,20110.5,0,0,0,0,0,0
BSEFMC.BSE_IDX,01/07/2025,12:48:30,20111.4,0,0,0,0,0,0
BSEFMC.BSE_IDX,01/07/2025,12:48:38,20111.94,0,0,0,0,0,0
BSEFMC.BSE_IDX,01/07/2025,12:48:46,20112,0,0,0,0,0,0
BSEFMC.BSE_IDX,01/07/2025,12:48:54,20111.99,0,0,0,0,0,0
BSEFMC.BSE_IDX,01/07/2025,12:49:02,20111.2,0,0,0,0,0,0
BSEFMC.BSE_IDX,01/07/2025,12:49:10,20111.33,0,0,0,0,0,0
BSEFMC.BSE_IDX,01/07/2025,12:49:18,20111.2,0,0,0,0,0,0
BSEFMC.BSE_IDX,01/07/2025,12:49:26,20112.66,0,0,0,0,0,0
BSEFMC.BSE_IDX,01/07/2025,12:49:34,20115,0,0,0,0,0,0
BSEFMC.BSE_IDX,01/07/2025,12:49:42,20114.73,0,0,0,0,0,0
BSEFMC.BSE_IDX,01/07/2025,12:49:50,20115.44,0,0,0,0,0,0
BSEFMC.BSE_IDX,01/07/2025,12:49:58,20114.46,0,0,0,0,0,0
BSEFMC.BSE_IDX,01/07/2025,12:50:06,20112.28,0,0,0,0,0,0
BSEFMC.BSE_IDX,01/07/2025,12:50:14,20112.31,0,0,0,0,0,0
BSEFMC.BSE_IDX,01/07/2025,12:50:22,20112.67,0,0,0,0,0,0
BSEFMC.BSE_IDX,01/07/2025,12:50:30,20111.23,0,0,0,0,0,0
BSEFMC.BSE_IDX,01/07/2025,12:50:38,20109.82,0,0,0,0,0,0
BSEFMC.BSE_IDX,01/07/2025,12:50:47,20112.56,0,0,0,0,0,0
BSEFMC.BSE_IDX,01/07/2025,12:50:54,20111,0,0,0,0,0,0
BSEFMC.BSE_IDX,01/07/2025,12:51:02,20112.16,0,0,0,0,0,0
BSEFMC.BSE_IDX,01/07/2025,12:51:10,20113.64,0,0,0,0,0,0
BSEFMC.BSE_IDX,01/07/2025,12:51:19,20113.57,0,0,0,0,0,0
BSEFMC.BSE_IDX,01/07/2025,12:51:26,20110.09,0,0,0,0,0,0
BSEFMC.BSE_IDX,01/07/2025,12:51:34,20110.97,0,0,0,0,0,0
BSEFMC.BSE_IDX,01/07/2025,12:51:42,20113.36,0,0,0,0,0,0
BSEFMC.BSE_IDX,01/07/2025,12:51:50,20112.91,0,0,0,0,0,0
BSEFMC.BSE_IDX,01/07/2025,12:51:58,20112.88,0,0,0,0,0,0
BSEFMC.BSE_IDX,01/07/2025,12:52:06,20108.3,0,0,0,0,0,0
BSEFMC.BSE_IDX,01/07/2025,12:52:14,20106.55,0,0,0,0,0,0
BSEFMC.BSE_IDX,01/07/2025,12:52:22,20110.5,0,0,0,0,0,0
BSEFMC.BSE_IDX,01/07/2025,12:52:30,20107.5,0,0,0,0,0,0
BSEFMC.BSE_IDX,01/07/2025,12:52:38,20107.56,0,0,0,0,0,0
BSEFMC.BSE_IDX,01/07/2025,12:52:46,20107.49,0,0,0,0,0,0
BSEFMC.BSE_IDX,01/07/2025,12:52:54,20110.05,0,0,0,0,0,0
BSEFMC.BSE_IDX,01/07/2025,12:53:02,20110.5,0,0,0,0,0,0
BSEFMC.BSE_IDX,01/07/2025,12:53:10,20110.28,0,0,0,0,0,0
BSEFMC.BSE_IDX,01/07/2025,12:53:18,20106.43,0,0,0,0,0,0
BSEFMC.BSE_IDX,01/07/2025,12:53:26,20104.92,0,0,0,0,0,0
BSEFMC.BSE_IDX,01/07/2025,12:53:34,20104.71,0,0,0,0,0,0
BSEFMC.BSE_IDX,01/07/2025,12:53:42,20108.96,0,0,0,0,0,0
BSEFMC.BSE_IDX,01/07/2025,12:53:50,20108.22,0,0,0,0,0,0
BSEFMC.BSE_IDX,01/07/2025,12:53:58,20108.01,0,0,0,0,0,0
BSEFMC.BSE_IDX,01/07/2025,12:54:06,20109,0,0,0,0,0,0
BSEFMC.BSE_IDX,01/07/2025,12:54:14,20107.04,0,0,0,0,0,0
