Ticker,Date,Time,LTP,BuyPrice,BuyQty,SellPrice,SellQty,LTQ,OpenInterest
BSEIPO.BSE_IDX,01/07/2025,09:00:07,15528.61,0,0,0,0,0,0
BSEIPO.BSE_IDX,01/07/2025,09:00:15,15375.54,0,0,0,0,0,0
BSEIPO.BSE_IDX,01/07/2025,09:00:23,15384.32,0,0,0,0,0,0
BSEIPO.BSE_IDX,01/07/2025,09:00:31,15356.39,0,0,0,0,0,0
BSEIPO.BSE_IDX,01/07/2025,09:00:39,15401.48,0,0,0,0,0,0
BSEIPO.BSE_IDX,01/07/2025,09:00:47,15411.79,0,0,0,0,0,0
BSEIPO.BSE_IDX,01/07/2025,09:00:55,15416.79,0,0,0,0,0,0
BSEIPO.BSE_IDX,01/07/2025,09:01:03,15415.54,0,0,0,0,0,0
BSEIPO.BSE_IDX,01/07/2025,09:01:11,15414.67,0,0,0,0,0,0
BSEIPO.BSE_IDX,01/07/2025,09:01:19,15421.86,0,0,0,0,0,0
BSEIPO.BSE_IDX,01/07/2025,09:01:27,15421.86,0,0,0,0,0,0
BSEIPO.BSE_IDX,01/07/2025,09:01:35,15421.55,0,0,0,0,0,0
BSEIPO.BSE_IDX,01/07/2025,09:01:43,15428.77,0,0,0,0,0,0
BSEIPO.BSE_IDX,01/07/2025,09:01:51,15430.28,0,0,0,0,0,0
BSEIPO.BSE_IDX,01/07/2025,09:01:59,15473.46,0,0,0,0,0,0
BSEIPO.BSE_IDX,01/07/2025,09:02:07,15473.46,0,0,0,0,0,0
BSEIPO.BSE_IDX,01/07/2025,09:02:15,15472.58,0,0,0,0,0,0
BSEIPO.BSE_IDX,01/07/2025,09:02:23,15491.87,0,0,0,0,0,0
BSEIPO.BSE_IDX,01/07/2025,09:02:31,15510.27,0,0,0,0,0,0
BSEIPO.BSE_IDX,01/07/2025,09:02:39,15511.59,0,0,0,0,0,0
BSEIPO.BSE_IDX,01/07/2025,09:02:47,15512.89,0,0,0,0,0,0
BSEIPO.BSE_IDX,01/07/2025,09:02:55,15517.51,0,0,0,0,0,0
BSEIPO.BSE_IDX,01/07/2025,09:03:03,15518.77,0,0,0,0,0,0
BSEIPO.BSE_IDX,01/07/2025,09:03:11,15492.25,0,0,0,0,0,0
BSEIPO.BSE_IDX,01/07/2025,09:03:19,15487.16,0,0,0,0,0,0
BSEIPO.BSE_IDX,01/07/2025,09:03:27,15487.49,0,0,0,0,0,0
BSEIPO.BSE_IDX,01/07/2025,09:03:35,15532,0,0,0,0,0,0
BSEIPO.BSE_IDX,01/07/2025,09:03:43,15534.27,0,0,0,0,0,0
BSEIPO.BSE_IDX,01/07/2025,09:03:51,15535.93,0,0,0,0,0,0
BSEIPO.BSE_IDX,01/07/2025,09:03:59,15535.11,0,0,0,0,0,0
BSEIPO.BSE_IDX,01/07/2025,09:04:07,15539.4,0,0,0,0,0,0
BSEIPO.BSE_IDX,01/07/2025,09:04:15,15542.83,0,0,0,0,0,0
BSEIPO.BSE_IDX,01/07/2025,09:04:23,15543.99,0,0,0,0,0,0
BSEIPO.BSE_IDX,01/07/2025,09:04:31,15547.55,0,0,0,0,0,0
BSEIPO.BSE_IDX,01/07/2025,09:04:39,15546.78,0,0,0,0,0,0
BSEIPO.BSE_IDX,01/07/2025,09:04:47,15549.5,0,0,0,0,0,0
BSEIPO.BSE_IDX,01/07/2025,09:04:55,15552.28,0,0,0,0,0,0
BSEIPO.BSE_IDX,01/07/2025,09:05:03,15553.16,0,0,0,0,0,0
BSEIPO.BSE_IDX,01/07/2025,09:05:11,15548.43,0,0,0,0,0,0
BSEIPO.BSE_IDX,01/07/2025,09:05:19,15553,0,0,0,0,0,0
BSEIPO.BSE_IDX,01/07/2025,09:05:27,15561.8,0,0,0,0,0,0
BSEIPO.BSE_IDX,01/07/2025,09:05:35,15557.98,0,0,0,0,0,0
BSEIPO.BSE_IDX,01/07/2025,09:05:43,15558.98,0,0,0,0,0,0
BSEIPO.BSE_IDX,01/07/2025,09:05:51,15555.56,0,0,0,0,0,0
BSEIPO.BSE_IDX,01/07/2025,09:05:59,15557.28,0,0,0,0,0,0
BSEIPO.BSE_IDX,01/07/2025,09:06:07,15553.74,0,0,0,0,0,0
BSEIPO.BSE_IDX,01/07/2025,09:06:15,15554.18,0,0,0,0,0,0
BSEIPO.BSE_IDX,01/07/2025,09:06:23,15551.78,0,0,0,0,0,0
BSEIPO.BSE_IDX,01/07/2025,09:06:31,15556.39,0,0,0,0,0,0
BSEIPO.BSE_IDX,01/07/2025,09:06:39,15542.36,0,0,0,0,0,0
BSEIPO.BSE_IDX,01/07/2025,09:06:47,15545.24,0,0,0,0,0,0
BSEIPO.BSE_IDX,01/07/2025,09:06:55,15544.27,0,0,0,0,0,0
BSEIPO.BSE_IDX,01/07/2025,09:07:04,15551.73,0,0,0,0,0,0
BSEIPO.BSE_IDX,01/07/2025,09:07:11,15551.73,0,0,0,0,0,0
BSEIPO.BSE_IDX,01/07/2025,09:07:19,15551.73,0,0,0,0,0,0
BSEIPO.BSE_IDX,01/07/2025,09:07:27,15551.73,0,0,0,0,0,0
BSEIPO.BSE_IDX,01/07/2025,09:07:35,15551.73,0,0,0,0,0,0
BSEIPO.BSE_IDX,01/07/2025,09:07:43,15551.73,0,0,0,0,0,0
BSEIPO.BSE_IDX,01/07/2025,09:07:51,15551.73,0,0,0,0,0,0
BSEIPO.BSE_IDX,01/07/2025,09:07:59,15551.73,0,0,0,0,0,0
BSEIPO.BSE_IDX,01/07/2025,09:08:07,15551.73,0,0,0,0,0,0
BSEIPO.BSE_IDX,01/07/2025,09:08:15,15551.73,0,0,0,0,0,0
BSEIPO.BSE_IDX,01/07/2025,09:08:23,15551.73,0,0,0,0,0,0
BSEIPO.BSE_IDX,01/07/2025,09:08:31,15551.73,0,0,0,0,0,0
BSEIPO.BSE_IDX,01/07/2025,09:08:39,15551.73,0,0,0,0,0,0
BSEIPO.BSE_IDX,01/07/2025,09:08:47,15551.73,0,0,0,0,0,0
BSEIPO.BSE_IDX,01/07/2025,09:08:55,15551.73,0,0,0,0,0,0
BSEIPO.BSE_IDX,01/07/2025,09:09:03,15552.51,0,0,0,0,0,0
BSEIPO.BSE_IDX,01/07/2025,09:09:11,15552.51,0,0,0,0,0,0
BSEIPO.BSE_IDX,01/07/2025,09:09:19,15552.51,0,0,0,0,0,0
BSEIPO.BSE_IDX,01/07/2025,09:09:27,15552.51,0,0,0,0,0,0
BSEIPO.BSE_IDX,01/07/2025,09:09:35,15552.51,0,0,0,0,0,0
BSEIPO.BSE_IDX,01/07/2025,09:09:43,15552.51,0,0,0,0,0,0
BSEIPO.BSE_IDX,01/07/2025,09:09:51,15552.51,0,0,0,0,0,0
BSEIPO.BSE_IDX,01/07/2025,09:09:59,15552.51,0,0,0,0,0,0
BSEIPO.BSE_IDX,01/07/2025,09:10:07,15552.51,0,0,0,0,0,0
BSEIPO.BSE_IDX,01/07/2025,09:10:15,15552.51,0,0,0,0,0,0
BSEIPO.BSE_IDX,01/07/2025,09:10:23,15552.51,0,0,0,0,0,0
BSEIPO.BSE_IDX,01/07/2025,09:10:31,15552.51,0,0,0,0,0,0
BSEIPO.BSE_IDX,01/07/2025,09:10:39,15552.51,0,0,0,0,0,0
BSEIPO.BSE_IDX,01/07/2025,09:10:47,15552.51,0,0,0,0,0,0
BSEIPO.BSE_IDX,01/07/2025,09:10:55,15552.51,0,0,0,0,0,0
BSEIPO.BSE_IDX,01/07/2025,09:11:03,15552.51,0,0,0,0,0,0
BSEIPO.BSE_IDX,01/07/2025,09:11:11,15552.51,0,0,0,0,0,0
BSEIPO.BSE_IDX,01/07/2025,09:11:19,15552.51,0,0,0,0,0,0
BSEIPO.BSE_IDX,01/07/2025,09:11:27,15552.51,0,0,0,0,0,0
BSEIPO.BSE_IDX,01/07/2025,09:11:35,15552.51,0,0,0,0,0,0
BSEIPO.BSE_IDX,01/07/2025,09:11:43,15552.51,0,0,0,0,0,0
BSEIPO.BSE_IDX,01/07/2025,09:11:51,15552.51,0,0,0,0,0,0
BSEIPO.BSE_IDX,01/07/2025,09:11:59,15552.51,0,0,0,0,0,0
BSEIPO.BSE_IDX,01/07/2025,09:12:07,15552.51,0,0,0,0,0,0
BSEIPO.BSE_IDX,01/07/2025,09:12:16,15552.51,0,0,0,0,0,0
BSEIPO.BSE_IDX,01/07/2025,09:12:23,15552.51,0,0,0,0,0,0
BSEIPO.BSE_IDX,01/07/2025,09:12:31,15552.51,0,0,0,0,0,0
BSEIPO.BSE_IDX,01/07/2025,09:12:39,15552.51,0,0,0,0,0,0
BSEIPO.BSE_IDX,01/07/2025,09:12:47,15552.51,0,0,0,0,0,0
BSEIPO.BSE_IDX,01/07/2025,09:12:55,15552.51,0,0,0,0,0,0
BSEIPO.BSE_IDX,01/07/2025,09:13:03,15552.51,0,0,0,0,0,0
BSEIPO.BSE_IDX,01/07/2025,09:13:11,15552.51,0,0,0,0,0,0
BSEIPO.BSE_IDX,01/07/2025,09:13:19,15552.51,0,0,0,0,0,0
BSEIPO.BSE_IDX,01/07/2025,09:13:27,15552.51,0,0,0,0,0,0
BSEIPO.BSE_IDX,01/07/2025,09:13:35,15552.51,0,0,0,0,0,0
BSEIPO.BSE_IDX,01/07/2025,09:13:43,15552.51,0,0,0,0,0,0
BSEIPO.BSE_IDX,01/07/2025,09:13:51,15552.51,0,0,0,0,0,0
BSEIPO.BSE_IDX,01/07/2025,09:13:59,15552.51,0,0,0,0,0,0
BSEIPO.BSE_IDX,01/07/2025,09:14:07,15552.51,0,0,0,0,0,0
BSEIPO.BSE_IDX,01/07/2025,09:14:15,15552.51,0,0,0,0,0,0
BSEIPO.BSE_IDX,01/07/2025,09:14:23,15552.51,0,0,0,0,0,0
BSEIPO.BSE_IDX,01/07/2025,09:14:31,15552.51,0,0,0,0,0,0
BSEIPO.BSE_IDX,01/07/2025,09:14:39,15552.51,0,0,0,0,0,0
BSEIPO.BSE_IDX,01/07/2025,09:14:47,15552.51,0,0,0,0,0,0
BSEIPO.BSE_IDX,01/07/2025,09:14:55,15552.51,0,0,0,0,0,0
BSEIPO.BSE_IDX,01/07/2025,09:15:04,15579.44,0,0,0,0,0,0
BSEIPO.BSE_IDX,01/07/2025,09:15:11,15573.87,0,0,0,0,0,0
BSEIPO.BSE_IDX,01/07/2025,09:15:19,15573.79,0,0,0,0,0,0
BSEIPO.BSE_IDX,01/07/2025,09:15:27,15565.27,0,0,0,0,0,0
BSEIPO.BSE_IDX,01/07/2025,09:15:35,15566.37,0,0,0,0,0,0
BSEIPO.BSE_IDX,01/07/2025,09:15:43,15568.01,0,0,0,0,0,0
BSEIPO.BSE_IDX,01/07/2025,09:15:51,15571.67,0,0,0,0,0,0
BSEIPO.BSE_IDX,01/07/2025,09:15:59,15582.63,0,0,0,0,0,0
BSEIPO.BSE_IDX,01/07/2025,09:16:07,15582.27,0,0,0,0,0,0
BSEIPO.BSE_IDX,01/07/2025,09:16:15,15585.87,0,0,0,0,0,0
BSEIPO.BSE_IDX,01/07/2025,09:16:24,15603.16,0,0,0,0,0,0
BSEIPO.BSE_IDX,01/07/2025,09:16:31,15610.4,0,0,0,0,0,0
BSEIPO.BSE_IDX,01/07/2025,09:16:39,15611.47,0,0,0,0,0,0
BSEIPO.BSE_IDX,01/07/2025,09:16:48,15618.36,0,0,0,0,0,0
BSEIPO.BSE_IDX,01/07/2025,09:16:55,15622.26,0,0,0,0,0,0
BSEIPO.BSE_IDX,01/07/2025,09:17:03,15609.11,0,0,0,0,0,0
BSEIPO.BSE_IDX,01/07/2025,09:17:12,15599.87,0,0,0,0,0,0
BSEIPO.BSE_IDX,01/07/2025,09:17:19,15605.36,0,0,0,0,0,0
BSEIPO.BSE_IDX,01/07/2025,09:17:27,15603.66,0,0,0,0,0,0
BSEIPO.BSE_IDX,01/07/2025,09:17:35,15601.17,0,0,0,0,0,0
BSEIPO.BSE_IDX,01/07/2025,09:17:44,15605.9,0,0,0,0,0,0
BSEIPO.BSE_IDX,01/07/2025,09:17:51,15605.66,0,0,0,0,0,0
BSEIPO.BSE_IDX,01/07/2025,09:17:59,15613.78,0,0,0,0,0,0
BSEIPO.BSE_IDX,01/07/2025,09:18:07,15618.6,0,0,0,0,0,0
BSEIPO.BSE_IDX,01/07/2025,09:18:15,15610.77,0,0,0,0,0,0
BSEIPO.BSE_IDX,01/07/2025,09:18:23,15607.21,0,0,0,0,0,0
BSEIPO.BSE_IDX,01/07/2025,09:18:31,15610.77,0,0,0,0,0,0
BSEIPO.BSE_IDX,01/07/2025,09:18:39,15611.04,0,0,0,0,0,0
BSEIPO.BSE_IDX,01/07/2025,09:18:47,15610.54,0,0,0,0,0,0
BSEIPO.BSE_IDX,01/07/2025,09:18:56,15614.24,0,0,0,0,0,0
BSEIPO.BSE_IDX,01/07/2025,09:19:03,15612.76,0,0,0,0,0,0
BSEIPO.BSE_IDX,01/07/2025,09:19:11,15611.1,0,0,0,0,0,0
BSEIPO.BSE_IDX,01/07/2025,09:19:19,15609.34,0,0,0,0,0,0
BSEIPO.BSE_IDX,01/07/2025,09:19:28,15607.34,0,0,0,0,0,0
BSEIPO.BSE_IDX,01/07/2025,09:19:35,15605.09,0,0,0,0,0,0
BSEIPO.BSE_IDX,01/07/2025,09:19:43,15603.18,0,0,0,0,0,0
BSEIPO.BSE_IDX,01/07/2025,09:19:52,15606.07,0,0,0,0,0,0
BSEIPO.BSE_IDX,01/07/2025,09:19:59,15604.95,0,0,0,0,0,0
BSEIPO.BSE_IDX,01/07/2025,09:20:07,15610.02,0,0,0,0,0,0
BSEIPO.BSE_IDX,01/07/2025,09:20:15,15606.56,0,0,0,0,0,0
BSEIPO.BSE_IDX,01/07/2025,09:20:24,15597.02,0,0,0,0,0,0
BSEIPO.BSE_IDX,01/07/2025,09:20:31,15594.54,0,0,0,0,0,0
BSEIPO.BSE_IDX,01/07/2025,09:20:39,15597.37,0,0,0,0,0,0
BSEIPO.BSE_IDX,01/07/2025,09:20:47,15602.33,0,0,0,0,0,0
BSEIPO.BSE_IDX,01/07/2025,09:20:55,15604.61,0,0,0,0,0,0
BSEIPO.BSE_IDX,01/07/2025,09:21:03,15599.76,0,0,0,0,0,0
BSEIPO.BSE_IDX,01/07/2025,09:21:11,15596.03,0,0,0,0,0,0
BSEIPO.BSE_IDX,01/07/2025,09:21:19,15601.32,0,0,0,0,0,0
BSEIPO.BSE_IDX,01/07/2025,09:21:27,15601.22,0,0,0,0,0,0
BSEIPO.BSE_IDX,01/07/2025,09:21:36,15601.44,0,0,0,0,0,0
BSEIPO.BSE_IDX,01/07/2025,09:21:43,15601.16,0,0,0,0,0,0
BSEIPO.BSE_IDX,01/07/2025,09:21:51,15606.26,0,0,0,0,0,0
BSEIPO.BSE_IDX,01/07/2025,09:21:59,15603.21,0,0,0,0,0,0
BSEIPO.BSE_IDX,01/07/2025,09:22:07,15602.18,0,0,0,0,0,0
BSEIPO.BSE_IDX,01/07/2025,09:22:15,15602.59,0,0,0,0,0,0
BSEIPO.BSE_IDX,01/07/2025,09:22:23,15602.69,0,0,0,0,0,0
BSEIPO.BSE_IDX,01/07/2025,09:22:31,15600.81,0,0,0,0,0,0
BSEIPO.BSE_IDX,01/07/2025,09:22:39,15600.37,0,0,0,0,0,0
BSEIPO.BSE_IDX,01/07/2025,09:22:47,15603.23,0,0,0,0,0,0
BSEIPO.BSE_IDX,01/07/2025,09:22:55,15601.75,0,0,0,0,0,0
BSEIPO.BSE_IDX,01/07/2025,09:23:03,15602.15,0,0,0,0,0,0
BSEIPO.BSE_IDX,01/07/2025,09:23:11,15595.97,0,0,0,0,0,0
BSEIPO.BSE_IDX,01/07/2025,09:23:19,15602.62,0,0,0,0,0,0
BSEIPO.BSE_IDX,01/07/2025,09:23:27,15606.05,0,0,0,0,0,0
BSEIPO.BSE_IDX,01/07/2025,09:23:35,15599.28,0,0,0,0,0,0
BSEIPO.BSE_IDX,01/07/2025,09:23:44,15598.99,0,0,0,0,0,0
BSEIPO.BSE_IDX,01/07/2025,09:23:51,15597.6,0,0,0,0,0,0
BSEIPO.BSE_IDX,01/07/2025,09:23:59,15595.98,0,0,0,0,0,0
BSEIPO.BSE_IDX,01/07/2025,09:24:08,15590.93,0,0,0,0,0,0
BSEIPO.BSE_IDX,01/07/2025,09:24:15,15592.74,0,0,0,0,0,0
BSEIPO.BSE_IDX,01/07/2025,09:24:23,15591.18,0,0,0,0,0,0
BSEIPO.BSE_IDX,01/07/2025,09:24:32,15589.78,0,0,0,0,0,0
BSEIPO.BSE_IDX,01/07/2025,09:24:39,15593.01,0,0,0,0,0,0
BSEIPO.BSE_IDX,01/07/2025,09:24:48,15594.52,0,0,0,0,0,0
BSEIPO.BSE_IDX,01/07/2025,09:24:57,15591.19,0,0,0,0,0,0
BSEIPO.BSE_IDX,01/07/2025,09:25:03,15593.37,0,0,0,0,0,0
BSEIPO.BSE_IDX,01/07/2025,09:25:12,15589.26,0,0,0,0,0,0
BSEIPO.BSE_IDX,01/07/2025,09:25:19,15588.43,0,0,0,0,0,0
BSEIPO.BSE_IDX,01/07/2025,09:25:29,15585.52,0,0,0,0,0,0
BSEIPO.BSE_IDX,01/07/2025,09:25:35,15589.06,0,0,0,0,0,0
BSEIPO.BSE_IDX,01/07/2025,09:25:43,15591.68,0,0,0,0,0,0
BSEIPO.BSE_IDX,01/07/2025,09:25:51,15588.82,0,0,0,0,0,0
BSEIPO.BSE_IDX,01/07/2025,09:25:59,15587.93,0,0,0,0,0,0
BSEIPO.BSE_IDX,01/07/2025,09:26:08,15586.13,0,0,0,0,0,0
BSEIPO.BSE_IDX,01/07/2025,09:26:15,15579.4,0,0,0,0,0,0
BSEIPO.BSE_IDX,01/07/2025,09:26:23,15581.11,0,0,0,0,0,0
BSEIPO.BSE_IDX,01/07/2025,09:26:31,15580.79,0,0,0,0,0,0
BSEIPO.BSE_IDX,01/07/2025,09:26:39,15583.68,0,0,0,0,0,0
BSEIPO.BSE_IDX,01/07/2025,09:26:48,15583.74,0,0,0,0,0,0
BSEIPO.BSE_IDX,01/07/2025,09:26:55,15583.03,0,0,0,0,0,0
BSEIPO.BSE_IDX,01/07/2025,09:27:04,15583.78,0,0,0,0,0,0
BSEIPO.BSE_IDX,01/07/2025,09:27:12,15573.87,0,0,0,0,0,0
BSEIPO.BSE_IDX,01/07/2025,09:27:19,15579.49,0,0,0,0,0,0
BSEIPO.BSE_IDX,01/07/2025,09:27:28,15580.13,0,0,0,0,0,0
BSEIPO.BSE_IDX,01/07/2025,09:27:36,15578.03,0,0,0,0,0,0
BSEIPO.BSE_IDX,01/07/2025,09:27:44,15578.08,0,0,0,0,0,0
BSEIPO.BSE_IDX,01/07/2025,09:27:51,15576.44,0,0,0,0,0,0
BSEIPO.BSE_IDX,01/07/2025,09:28:00,15578.61,0,0,0,0,0,0
BSEIPO.BSE_IDX,01/07/2025,09:28:08,15579.13,0,0,0,0,0,0
BSEIPO.BSE_IDX,01/07/2025,09:28:16,15570.71,0,0,0,0,0,0
BSEIPO.BSE_IDX,01/07/2025,09:28:24,15566.39,0,0,0,0,0,0
BSEIPO.BSE_IDX,01/07/2025,09:28:32,15565,0,0,0,0,0,0
BSEIPO.BSE_IDX,01/07/2025,09:28:40,15565.29,0,0,0,0,0,0
BSEIPO.BSE_IDX,01/07/2025,09:28:48,15567.27,0,0,0,0,0,0
BSEIPO.BSE_IDX,01/07/2025,09:28:56,15568.99,0,0,0,0,0,0
BSEIPO.BSE_IDX,01/07/2025,09:29:04,15569.6,0,0,0,0,0,0
BSEIPO.BSE_IDX,01/07/2025,09:29:12,15565.72,0,0,0,0,0,0
BSEIPO.BSE_IDX,01/07/2025,09:29:20,15562.7,0,0,0,0,0,0
BSEIPO.BSE_IDX,01/07/2025,09:29:28,15562.9,0,0,0,0,0,0
BSEIPO.BSE_IDX,01/07/2025,09:29:36,15560.83,0,0,0,0,0,0
BSEIPO.BSE_IDX,01/07/2025,09:29:44,15560.24,0,0,0,0,0,0
BSEIPO.BSE_IDX,01/07/2025,09:29:52,15563.45,0,0,0,0,0,0
BSEIPO.BSE_IDX,01/07/2025,09:30:00,15562.78,0,0,0,0,0,0
BSEIPO.BSE_IDX,01/07/2025,09:30:08,15561.72,0,0,0,0,0,0
BSEIPO.BSE_IDX,01/07/2025,09:30:16,15562.39,0,0,0,0,0,0
BSEIPO.BSE_IDX,01/07/2025,09:30:24,15566.7,0,0,0,0,0,0
BSEIPO.BSE_IDX,01/07/2025,09:30:32,15565.43,0,0,0,0,0,0
BSEIPO.BSE_IDX,01/07/2025,09:30:40,15561.76,0,0,0,0,0,0
BSEIPO.BSE_IDX,01/07/2025,09:30:48,15559.19,0,0,0,0,0,0
BSEIPO.BSE_IDX,01/07/2025,09:30:56,15551.84,0,0,0,0,0,0
BSEIPO.BSE_IDX,01/07/2025,09:31:04,15551.11,0,0,0,0,0,0
BSEIPO.BSE_IDX,01/07/2025,09:31:12,15550.14,0,0,0,0,0,0
BSEIPO.BSE_IDX,01/07/2025,09:31:20,15550.54,0,0,0,0,0,0
BSEIPO.BSE_IDX,01/07/2025,09:31:28,15558.63,0,0,0,0,0,0
BSEIPO.BSE_IDX,01/07/2025,09:31:36,15560.78,0,0,0,0,0,0
BSEIPO.BSE_IDX,01/07/2025,09:31:44,15557.73,0,0,0,0,0,0
BSEIPO.BSE_IDX,01/07/2025,09:31:52,15557.09,0,0,0,0,0,0
BSEIPO.BSE_IDX,01/07/2025,09:32:00,15560.23,0,0,0,0,0,0
BSEIPO.BSE_IDX,01/07/2025,09:32:08,15561.29,0,0,0,0,0,0
BSEIPO.BSE_IDX,01/07/2025,09:32:16,15563.78,0,0,0,0,0,0
BSEIPO.BSE_IDX,01/07/2025,09:32:24,15566.14,0,0,0,0,0,0
BSEIPO.BSE_IDX,01/07/2025,09:32:32,15570.84,0,0,0,0,0,0
BSEIPO.BSE_IDX,01/07/2025,09:32:40,15571.93,0,0,0,0,0,0
BSEIPO.BSE_IDX,01/07/2025,09:32:48,15570.3,0,0,0,0,0,0
BSEIPO.BSE_IDX,01/07/2025,09:32:56,15570.76,0,0,0,0,0,0
BSEIPO.BSE_IDX,01/07/2025,09:33:04,15567.68,0,0,0,0,0,0
BSEIPO.BSE_IDX,01/07/2025,09:33:12,15567.68,0,0,0,0,0,0
BSEIPO.BSE_IDX,01/07/2025,09:33:20,15565.53,0,0,0,0,0,0
BSEIPO.BSE_IDX,01/07/2025,09:33:28,15565.1,0,0,0,0,0,0
BSEIPO.BSE_IDX,01/07/2025,09:33:36,15562.79,0,0,0,0,0,0
BSEIPO.BSE_IDX,01/07/2025,09:33:44,15567.2,0,0,0,0,0,0
BSEIPO.BSE_IDX,01/07/2025,09:33:52,15571.64,0,0,0,0,0,0
BSEIPO.BSE_IDX,01/07/2025,09:34:00,15574.52,0,0,0,0,0,0
BSEIPO.BSE_IDX,01/07/2025,09:34:08,15576.15,0,0,0,0,0,0
BSEIPO.BSE_IDX,01/07/2025,09:34:16,15575.53,0,0,0,0,0,0
BSEIPO.BSE_IDX,01/07/2025,09:34:24,15577.86,0,0,0,0,0,0
BSEIPO.BSE_IDX,01/07/2025,09:34:32,15576.75,0,0,0,0,0,0
BSEIPO.BSE_IDX,01/07/2025,09:34:40,15577.02,0,0,0,0,0,0
BSEIPO.BSE_IDX,01/07/2025,09:34:48,15579.05,0,0,0,0,0,0
BSEIPO.BSE_IDX,01/07/2025,09:34:56,15578.32,0,0,0,0,0,0
BSEIPO.BSE_IDX,01/07/2025,09:35:05,15573.17,0,0,0,0,0,0
BSEIPO.BSE_IDX,01/07/2025,09:35:12,15570.72,0,0,0,0,0,0
BSEIPO.BSE_IDX,01/07/2025,09:35:20,15571.61,0,0,0,0,0,0
BSEIPO.BSE_IDX,01/07/2025,09:35:28,15576.41,0,0,0,0,0,0
BSEIPO.BSE_IDX,01/07/2025,09:35:36,15578.21,0,0,0,0,0,0
BSEIPO.BSE_IDX,01/07/2025,09:35:44,15578.63,0,0,0,0,0,0
BSEIPO.BSE_IDX,01/07/2025,09:35:52,15580.06,0,0,0,0,0,0
BSEIPO.BSE_IDX,01/07/2025,09:36:00,15583.81,0,0,0,0,0,0
BSEIPO.BSE_IDX,01/07/2025,09:36:08,15580.31,0,0,0,0,0,0
BSEIPO.BSE_IDX,01/07/2025,09:36:16,15580.95,0,0,0,0,0,0
BSEIPO.BSE_IDX,01/07/2025,09:36:24,15585.57,0,0,0,0,0,0
BSEIPO.BSE_IDX,01/07/2025,09:36:33,15587.53,0,0,0,0,0,0
BSEIPO.BSE_IDX,01/07/2025,09:36:40,15588.54,0,0,0,0,0,0
BSEIPO.BSE_IDX,01/07/2025,09:36:48,15591.29,0,0,0,0,0,0
BSEIPO.BSE_IDX,01/07/2025,09:36:56,15589.41,0,0,0,0,0,0
BSEIPO.BSE_IDX,01/07/2025,09:37:04,15587.56,0,0,0,0,0,0
BSEIPO.BSE_IDX,01/07/2025,09:37:12,15589.49,0,0,0,0,0,0
BSEIPO.BSE_IDX,01/07/2025,09:37:20,15590.98,0,0,0,0,0,0
BSEIPO.BSE_IDX,01/07/2025,09:37:28,15588.7,0,0,0,0,0,0
BSEIPO.BSE_IDX,01/07/2025,09:37:36,15592.29,0,0,0,0,0,0
BSEIPO.BSE_IDX,01/07/2025,09:37:44,15592.25,0,0,0,0,0,0
BSEIPO.BSE_IDX,01/07/2025,09:37:52,15591.88,0,0,0,0,0,0
BSEIPO.BSE_IDX,01/07/2025,09:38:00,15591.46,0,0,0,0,0,0
BSEIPO.BSE_IDX,01/07/2025,09:38:08,15590.31,0,0,0,0,0,0
BSEIPO.BSE_IDX,01/07/2025,09:38:16,15590.49,0,0,0,0,0,0
BSEIPO.BSE_IDX,01/07/2025,09:38:24,15588.59,0,0,0,0,0,0
BSEIPO.BSE_IDX,01/07/2025,09:38:32,15584.87,0,0,0,0,0,0
BSEIPO.BSE_IDX,01/07/2025,09:38:40,15584.15,0,0,0,0,0,0
BSEIPO.BSE_IDX,01/07/2025,09:38:48,15584.1,0,0,0,0,0,0
BSEIPO.BSE_IDX,01/07/2025,09:38:56,15581.03,0,0,0,0,0,0
BSEIPO.BSE_IDX,01/07/2025,09:39:04,15579.18,0,0,0,0,0,0
BSEIPO.BSE_IDX,01/07/2025,09:39:12,15577.84,0,0,0,0,0,0
BSEIPO.BSE_IDX,01/07/2025,09:39:20,15580.59,0,0,0,0,0,0
BSEIPO.BSE_IDX,01/07/2025,09:39:28,15577.76,0,0,0,0,0,0
BSEIPO.BSE_IDX,01/07/2025,09:39:36,15578.67,0,0,0,0,0,0
BSEIPO.BSE_IDX,01/07/2025,09:39:44,15578.15,0,0,0,0,0,0
BSEIPO.BSE_IDX,01/07/2025,09:39:52,15578.44,0,0,0,0,0,0
BSEIPO.BSE_IDX,01/07/2025,09:40:00,15578.13,0,0,0,0,0,0
BSEIPO.BSE_IDX,01/07/2025,09:40:08,15578.26,0,0,0,0,0,0
BSEIPO.BSE_IDX,01/07/2025,09:40:16,15575.74,0,0,0,0,0,0
BSEIPO.BSE_IDX,01/07/2025,09:40:24,15572.73,0,0,0,0,0,0
BSEIPO.BSE_IDX,01/07/2025,09:40:32,15571.81,0,0,0,0,0,0
BSEIPO.BSE_IDX,01/07/2025,09:40:40,15576.49,0,0,0,0,0,0
BSEIPO.BSE_IDX,01/07/2025,09:40:48,15571.62,0,0,0,0,0,0
BSEIPO.BSE_IDX,01/07/2025,09:40:56,15569.69,0,0,0,0,0,0
BSEIPO.BSE_IDX,01/07/2025,09:41:04,15570.82,0,0,0,0,0,0
BSEIPO.BSE_IDX,01/07/2025,09:41:12,15570.01,0,0,0,0,0,0
BSEIPO.BSE_IDX,01/07/2025,09:41:20,15573.52,0,0,0,0,0,0
BSEIPO.BSE_IDX,01/07/2025,09:41:28,15572.24,0,0,0,0,0,0
BSEIPO.BSE_IDX,01/07/2025,09:41:36,15575.94,0,0,0,0,0,0
BSEIPO.BSE_IDX,01/07/2025,09:41:44,15576.65,0,0,0,0,0,0
BSEIPO.BSE_IDX,01/07/2025,09:41:52,15578.73,0,0,0,0,0,0
BSEIPO.BSE_IDX,01/07/2025,09:42:00,15577.25,0,0,0,0,0,0
BSEIPO.BSE_IDX,01/07/2025,09:42:08,15576.75,0,0,0,0,0,0
BSEIPO.BSE_IDX,01/07/2025,09:42:16,15581.95,0,0,0,0,0,0
BSEIPO.BSE_IDX,01/07/2025,09:42:24,15583.37,0,0,0,0,0,0
BSEIPO.BSE_IDX,01/07/2025,09:42:32,15582.33,0,0,0,0,0,0
BSEIPO.BSE_IDX,01/07/2025,09:42:40,15581.06,0,0,0,0,0,0
BSEIPO.BSE_IDX,01/07/2025,09:42:48,15579.75,0,0,0,0,0,0
BSEIPO.BSE_IDX,01/07/2025,09:42:56,15580.92,0,0,0,0,0,0
BSEIPO.BSE_IDX,01/07/2025,09:43:04,15580.31,0,0,0,0,0,0
BSEIPO.BSE_IDX,01/07/2025,09:43:12,15583.41,0,0,0,0,0,0
BSEIPO.BSE_IDX,01/07/2025,09:43:20,15587.24,0,0,0,0,0,0
BSEIPO.BSE_IDX,01/07/2025,09:43:28,15585.7,0,0,0,0,0,0
BSEIPO.BSE_IDX,01/07/2025,09:43:36,15585.7,0,0,0,0,0,0
BSEIPO.BSE_IDX,01/07/2025,09:43:44,15586.19,0,0,0,0,0,0
BSEIPO.BSE_IDX,01/07/2025,09:43:53,15585.1,0,0,0,0,0,0
BSEIPO.BSE_IDX,01/07/2025,09:44:00,15586.04,0,0,0,0,0,0
BSEIPO.BSE_IDX,01/07/2025,09:44:08,15583.47,0,0,0,0,0,0
BSEIPO.BSE_IDX,01/07/2025,09:44:16,15584.01,0,0,0,0,0,0
BSEIPO.BSE_IDX,01/07/2025,09:44:24,15582.58,0,0,0,0,0,0
BSEIPO.BSE_IDX,01/07/2025,09:44:32,15583.28,0,0,0,0,0,0
BSEIPO.BSE_IDX,01/07/2025,09:44:40,15586.81,0,0,0,0,0,0
BSEIPO.BSE_IDX,01/07/2025,09:44:48,15582.5,0,0,0,0,0,0
BSEIPO.BSE_IDX,01/07/2025,09:44:56,15578.54,0,0,0,0,0,0
BSEIPO.BSE_IDX,01/07/2025,09:45:05,15579.32,0,0,0,0,0,0
BSEIPO.BSE_IDX,01/07/2025,09:45:12,15579.57,0,0,0,0,0,0
BSEIPO.BSE_IDX,01/07/2025,09:45:20,15578.13,0,0,0,0,0,0
BSEIPO.BSE_IDX,01/07/2025,09:45:28,15573.78,0,0,0,0,0,0
BSEIPO.BSE_IDX,01/07/2025,09:45:36,15573.39,0,0,0,0,0,0
BSEIPO.BSE_IDX,01/07/2025,09:45:44,15574,0,0,0,0,0,0
BSEIPO.BSE_IDX,01/07/2025,09:45:52,15569.3,0,0,0,0,0,0
BSEIPO.BSE_IDX,01/07/2025,09:46:01,15569.96,0,0,0,0,0,0
BSEIPO.BSE_IDX,01/07/2025,09:46:08,15562.46,0,0,0,0,0,0
BSEIPO.BSE_IDX,01/07/2025,09:46:16,15566.31,0,0,0,0,0,0
BSEIPO.BSE_IDX,01/07/2025,09:46:24,15567.27,0,0,0,0,0,0
BSEIPO.BSE_IDX,01/07/2025,09:46:32,15567.4,0,0,0,0,0,0
BSEIPO.BSE_IDX,01/07/2025,09:46:40,15568.28,0,0,0,0,0,0
BSEIPO.BSE_IDX,01/07/2025,09:46:48,15567.46,0,0,0,0,0,0
BSEIPO.BSE_IDX,01/07/2025,09:46:56,15566.42,0,0,0,0,0,0
BSEIPO.BSE_IDX,01/07/2025,09:47:04,15563.51,0,0,0,0,0,0
BSEIPO.BSE_IDX,01/07/2025,09:47:12,15562.56,0,0,0,0,0,0
BSEIPO.BSE_IDX,01/07/2025,09:47:20,15563,0,0,0,0,0,0
BSEIPO.BSE_IDX,01/07/2025,09:47:28,15560.88,0,0,0,0,0,0
BSEIPO.BSE_IDX,01/07/2025,09:47:36,15560.75,0,0,0,0,0,0
BSEIPO.BSE_IDX,01/07/2025,09:47:44,15560.29,0,0,0,0,0,0
BSEIPO.BSE_IDX,01/07/2025,09:47:52,15557.79,0,0,0,0,0,0
BSEIPO.BSE_IDX,01/07/2025,09:48:00,15557.36,0,0,0,0,0,0
BSEIPO.BSE_IDX,01/07/2025,09:48:08,15556.18,0,0,0,0,0,0
BSEIPO.BSE_IDX,01/07/2025,09:48:16,15557.59,0,0,0,0,0,0
BSEIPO.BSE_IDX,01/07/2025,09:48:24,15558.59,0,0,0,0,0,0
BSEIPO.BSE_IDX,01/07/2025,09:48:32,15560.44,0,0,0,0,0,0
BSEIPO.BSE_IDX,01/07/2025,09:48:40,15562.52,0,0,0,0,0,0
BSEIPO.BSE_IDX,01/07/2025,09:48:48,15561.88,0,0,0,0,0,0
BSEIPO.BSE_IDX,01/07/2025,09:48:56,15565.68,0,0,0,0,0,0
BSEIPO.BSE_IDX,01/07/2025,09:49:04,15565.64,0,0,0,0,0,0
BSEIPO.BSE_IDX,01/07/2025,09:49:12,15564.57,0,0,0,0,0,0
BSEIPO.BSE_IDX,01/07/2025,09:49:20,15564.47,0,0,0,0,0,0
BSEIPO.BSE_IDX,01/07/2025,09:49:28,15564.67,0,0,0,0,0,0
BSEIPO.BSE_IDX,01/07/2025,09:49:36,15566.75,0,0,0,0,0,0
BSEIPO.BSE_IDX,01/07/2025,09:49:44,15566.42,0,0,0,0,0,0
BSEIPO.BSE_IDX,01/07/2025,09:49:52,15567.27,0,0,0,0,0,0
BSEIPO.BSE_IDX,01/07/2025,09:50:00,15570.64,0,0,0,0,0,0
BSEIPO.BSE_IDX,01/07/2025,09:50:08,15568.06,0,0,0,0,0,0
BSEIPO.BSE_IDX,01/07/2025,09:50:16,15570.25,0,0,0,0,0,0
BSEIPO.BSE_IDX,01/07/2025,09:50:24,15568.27,0,0,0,0,0,0
BSEIPO.BSE_IDX,01/07/2025,09:50:32,15567.17,0,0,0,0,0,0
BSEIPO.BSE_IDX,01/07/2025,09:50:40,15566.33,0,0,0,0,0,0
BSEIPO.BSE_IDX,01/07/2025,09:50:48,15564.42,0,0,0,0,0,0
BSEIPO.BSE_IDX,01/07/2025,09:50:57,15566.84,0,0,0,0,0,0
BSEIPO.BSE_IDX,01/07/2025,09:51:04,15564.36,0,0,0,0,0,0
BSEIPO.BSE_IDX,01/07/2025,09:51:12,15570.95,0,0,0,0,0,0
BSEIPO.BSE_IDX,01/07/2025,09:51:20,15572.83,0,0,0,0,0,0
BSEIPO.BSE_IDX,01/07/2025,09:51:28,15571.24,0,0,0,0,0,0
BSEIPO.BSE_IDX,01/07/2025,09:51:37,15563.5,0,0,0,0,0,0
BSEIPO.BSE_IDX,01/07/2025,09:51:44,15562.03,0,0,0,0,0,0
BSEIPO.BSE_IDX,01/07/2025,09:51:52,15561.65,0,0,0,0,0,0
BSEIPO.BSE_IDX,01/07/2025,09:52:01,15562.94,0,0,0,0,0,0
BSEIPO.BSE_IDX,01/07/2025,09:52:08,15558.73,0,0,0,0,0,0
BSEIPO.BSE_IDX,01/07/2025,09:52:17,15553.79,0,0,0,0,0,0
BSEIPO.BSE_IDX,01/07/2025,09:52:24,15553.22,0,0,0,0,0,0
BSEIPO.BSE_IDX,01/07/2025,09:52:32,15550.4,0,0,0,0,0,0
BSEIPO.BSE_IDX,01/07/2025,09:52:40,15551.81,0,0,0,0,0,0
BSEIPO.BSE_IDX,01/07/2025,09:52:48,15551.06,0,0,0,0,0,0
BSEIPO.BSE_IDX,01/07/2025,09:52:57,15551.9,0,0,0,0,0,0
BSEIPO.BSE_IDX,01/07/2025,09:53:04,15550,0,0,0,0,0,0
BSEIPO.BSE_IDX,01/07/2025,09:53:13,15546.72,0,0,0,0,0,0
BSEIPO.BSE_IDX,01/07/2025,09:53:20,15549.97,0,0,0,0,0,0
BSEIPO.BSE_IDX,01/07/2025,09:53:28,15550.79,0,0,0,0,0,0
BSEIPO.BSE_IDX,01/07/2025,09:53:36,15550.13,0,0,0,0,0,0
BSEIPO.BSE_IDX,01/07/2025,09:53:44,15547.55,0,0,0,0,0,0
BSEIPO.BSE_IDX,01/07/2025,09:53:52,15547.48,0,0,0,0,0,0
BSEIPO.BSE_IDX,01/07/2025,09:54:00,15547.68,0,0,0,0,0,0
BSEIPO.BSE_IDX,01/07/2025,09:54:08,15546.19,0,0,0,0,0,0
BSEIPO.BSE_IDX,01/07/2025,09:54:16,15545.52,0,0,0,0,0,0
BSEIPO.BSE_IDX,01/07/2025,09:54:24,15541.02,0,0,0,0,0,0
BSEIPO.BSE_IDX,01/07/2025,09:54:32,15541.95,0,0,0,0,0,0
BSEIPO.BSE_IDX,01/07/2025,09:54:40,15541.3,0,0,0,0,0,0
BSEIPO.BSE_IDX,01/07/2025,09:54:48,15541.84,0,0,0,0,0,0
BSEIPO.BSE_IDX,01/07/2025,09:54:56,15539.58,0,0,0,0,0,0
BSEIPO.BSE_IDX,01/07/2025,09:55:04,15539.89,0,0,0,0,0,0
BSEIPO.BSE_IDX,01/07/2025,09:55:12,15537.53,0,0,0,0,0,0
BSEIPO.BSE_IDX,01/07/2025,09:55:20,15540.44,0,0,0,0,0,0
BSEIPO.BSE_IDX,01/07/2025,09:55:28,15541.27,0,0,0,0,0,0
BSEIPO.BSE_IDX,01/07/2025,09:55:36,15543.18,0,0,0,0,0,0
BSEIPO.BSE_IDX,01/07/2025,09:55:44,15541.3,0,0,0,0,0,0
BSEIPO.BSE_IDX,01/07/2025,09:55:52,15540.03,0,0,0,0,0,0
BSEIPO.BSE_IDX,01/07/2025,09:56:00,15539.97,0,0,0,0,0,0
BSEIPO.BSE_IDX,01/07/2025,09:56:08,15541.5,0,0,0,0,0,0
BSEIPO.BSE_IDX,01/07/2025,09:56:16,15540.01,0,0,0,0,0,0
BSEIPO.BSE_IDX,01/07/2025,09:56:25,15539.4,0,0,0,0,0,0
BSEIPO.BSE_IDX,01/07/2025,09:56:32,15541.54,0,0,0,0,0,0
BSEIPO.BSE_IDX,01/07/2025,09:56:41,15541.45,0,0,0,0,0,0
BSEIPO.BSE_IDX,01/07/2025,09:56:48,15542.72,0,0,0,0,0,0
BSEIPO.BSE_IDX,01/07/2025,09:56:57,15546.51,0,0,0,0,0,0
BSEIPO.BSE_IDX,01/07/2025,09:57:04,15544.7,0,0,0,0,0,0
BSEIPO.BSE_IDX,01/07/2025,09:57:12,15548.11,0,0,0,0,0,0
BSEIPO.BSE_IDX,01/07/2025,09:57:20,15550.17,0,0,0,0,0,0
BSEIPO.BSE_IDX,01/07/2025,09:57:28,15550.64,0,0,0,0,0,0
BSEIPO.BSE_IDX,01/07/2025,09:57:36,15554.94,0,0,0,0,0,0
BSEIPO.BSE_IDX,01/07/2025,09:57:44,15553.88,0,0,0,0,0,0
BSEIPO.BSE_IDX,01/07/2025,09:57:52,15556.44,0,0,0,0,0,0
BSEIPO.BSE_IDX,01/07/2025,09:58:00,15554.52,0,0,0,0,0,0
BSEIPO.BSE_IDX,01/07/2025,09:58:08,15555.78,0,0,0,0,0,0
BSEIPO.BSE_IDX,01/07/2025,09:58:16,15554.72,0,0,0,0,0,0
BSEIPO.BSE_IDX,01/07/2025,09:58:24,15556.24,0,0,0,0,0,0
BSEIPO.BSE_IDX,01/07/2025,09:58:32,15555.96,0,0,0,0,0,0
BSEIPO.BSE_IDX,01/07/2025,09:58:40,15555.98,0,0,0,0,0,0
BSEIPO.BSE_IDX,01/07/2025,09:58:48,15556.17,0,0,0,0,0,0
BSEIPO.BSE_IDX,01/07/2025,09:58:56,15553.34,0,0,0,0,0,0
BSEIPO.BSE_IDX,01/07/2025,09:59:05,15549.35,0,0,0,0,0,0
BSEIPO.BSE_IDX,01/07/2025,09:59:12,15549.19,0,0,0,0,0,0
BSEIPO.BSE_IDX,01/07/2025,09:59:20,15548.92,0,0,0,0,0,0
BSEIPO.BSE_IDX,01/07/2025,09:59:28,15548.15,0,0,0,0,0,0
BSEIPO.BSE_IDX,01/07/2025,09:59:36,15545.25,0,0,0,0,0,0
BSEIPO.BSE_IDX,01/07/2025,09:59:45,15543.1,0,0,0,0,0,0
BSEIPO.BSE_IDX,01/07/2025,09:59:52,15543.76,0,0,0,0,0,0
BSEIPO.BSE_IDX,01/07/2025,10:00:00,15544.65,0,0,0,0,0,0
BSEIPO.BSE_IDX,01/07/2025,10:00:08,15550.95,0,0,0,0,0,0
BSEIPO.BSE_IDX,01/07/2025,10:00:16,15555.01,0,0,0,0,0,0
BSEIPO.BSE_IDX,01/07/2025,10:00:24,15559.25,0,0,0,0,0,0
BSEIPO.BSE_IDX,01/07/2025,10:00:32,15560.51,0,0,0,0,0,0
BSEIPO.BSE_IDX,01/07/2025,10:00:40,15561.14,0,0,0,0,0,0
BSEIPO.BSE_IDX,01/07/2025,10:00:48,15562.4,0,0,0,0,0,0
BSEIPO.BSE_IDX,01/07/2025,10:00:56,15565.93,0,0,0,0,0,0
BSEIPO.BSE_IDX,01/07/2025,10:01:04,15569.55,0,0,0,0,0,0
BSEIPO.BSE_IDX,01/07/2025,10:01:12,15569.56,0,0,0,0,0,0
BSEIPO.BSE_IDX,01/07/2025,10:01:21,15570.11,0,0,0,0,0,0
BSEIPO.BSE_IDX,01/07/2025,10:01:28,15567.52,0,0,0,0,0,0
BSEIPO.BSE_IDX,01/07/2025,10:01:36,15565.69,0,0,0,0,0,0
BSEIPO.BSE_IDX,01/07/2025,10:01:44,15565.85,0,0,0,0,0,0
BSEIPO.BSE_IDX,01/07/2025,10:01:52,15564.06,0,0,0,0,0,0
BSEIPO.BSE_IDX,01/07/2025,10:02:00,15564.74,0,0,0,0,0,0
BSEIPO.BSE_IDX,01/07/2025,10:02:08,15566.61,0,0,0,0,0,0
BSEIPO.BSE_IDX,01/07/2025,10:02:16,15562.97,0,0,0,0,0,0
BSEIPO.BSE_IDX,01/07/2025,10:02:24,15562.52,0,0,0,0,0,0
BSEIPO.BSE_IDX,01/07/2025,10:02:32,15566.39,0,0,0,0,0,0
BSEIPO.BSE_IDX,01/07/2025,10:02:41,15562.59,0,0,0,0,0,0
BSEIPO.BSE_IDX,01/07/2025,10:02:49,15560.32,0,0,0,0,0,0
BSEIPO.BSE_IDX,01/07/2025,10:02:56,15556.35,0,0,0,0,0,0
BSEIPO.BSE_IDX,01/07/2025,10:03:04,15555.28,0,0,0,0,0,0
BSEIPO.BSE_IDX,01/07/2025,10:03:13,15553.7,0,0,0,0,0,0
BSEIPO.BSE_IDX,01/07/2025,10:03:20,15550.1,0,0,0,0,0,0
BSEIPO.BSE_IDX,01/07/2025,10:03:29,15550.19,0,0,0,0,0,0
BSEIPO.BSE_IDX,01/07/2025,10:03:37,15552.72,0,0,0,0,0,0
BSEIPO.BSE_IDX,01/07/2025,10:03:45,15550.59,0,0,0,0,0,0
BSEIPO.BSE_IDX,01/07/2025,10:03:53,15545.85,0,0,0,0,0,0
BSEIPO.BSE_IDX,01/07/2025,10:04:01,15544.52,0,0,0,0,0,0
BSEIPO.BSE_IDX,01/07/2025,10:04:09,15543.64,0,0,0,0,0,0
BSEIPO.BSE_IDX,01/07/2025,10:04:17,15541.49,0,0,0,0,0,0
BSEIPO.BSE_IDX,01/07/2025,10:04:25,15540.14,0,0,0,0,0,0
BSEIPO.BSE_IDX,01/07/2025,10:04:33,15540.99,0,0,0,0,0,0
BSEIPO.BSE_IDX,01/07/2025,10:04:41,15542.24,0,0,0,0,0,0
BSEIPO.BSE_IDX,01/07/2025,10:04:50,15540.79,0,0,0,0,0,0
BSEIPO.BSE_IDX,01/07/2025,10:04:57,15545.75,0,0,0,0,0,0
BSEIPO.BSE_IDX,01/07/2025,10:05:05,15544.79,0,0,0,0,0,0
BSEIPO.BSE_IDX,01/07/2025,10:05:14,15542.36,0,0,0,0,0,0
BSEIPO.BSE_IDX,01/07/2025,10:05:21,15540.1,0,0,0,0,0,0
BSEIPO.BSE_IDX,01/07/2025,10:05:29,15541.14,0,0,0,0,0,0
BSEIPO.BSE_IDX,01/07/2025,10:05:37,15542.98,0,0,0,0,0,0
BSEIPO.BSE_IDX,01/07/2025,10:05:45,15541.8,0,0,0,0,0,0
BSEIPO.BSE_IDX,01/07/2025,10:05:53,15539.08,0,0,0,0,0,0
BSEIPO.BSE_IDX,01/07/2025,10:06:01,15539.2,0,0,0,0,0,0
BSEIPO.BSE_IDX,01/07/2025,10:06:09,15541.54,0,0,0,0,0,0
BSEIPO.BSE_IDX,01/07/2025,10:06:17,15542.15,0,0,0,0,0,0
BSEIPO.BSE_IDX,01/07/2025,10:06:25,15543.29,0,0,0,0,0,0
BSEIPO.BSE_IDX,01/07/2025,10:06:33,15544.4,0,0,0,0,0,0
BSEIPO.BSE_IDX,01/07/2025,10:06:41,15542.43,0,0,0,0,0,0
BSEIPO.BSE_IDX,01/07/2025,10:06:49,15544.62,0,0,0,0,0,0
BSEIPO.BSE_IDX,01/07/2025,10:06:57,15548.01,0,0,0,0,0,0
BSEIPO.BSE_IDX,01/07/2025,10:07:05,15548.92,0,0,0,0,0,0
BSEIPO.BSE_IDX,01/07/2025,10:07:13,15549.83,0,0,0,0,0,0
BSEIPO.BSE_IDX,01/07/2025,10:07:21,15549.62,0,0,0,0,0,0
BSEIPO.BSE_IDX,01/07/2025,10:07:29,15550.04,0,0,0,0,0,0
BSEIPO.BSE_IDX,01/07/2025,10:07:37,15550.54,0,0,0,0,0,0
BSEIPO.BSE_IDX,01/07/2025,10:07:45,15549.7,0,0,0,0,0,0
BSEIPO.BSE_IDX,01/07/2025,10:07:53,15551.87,0,0,0,0,0,0
BSEIPO.BSE_IDX,01/07/2025,10:08:01,15549.14,0,0,0,0,0,0
BSEIPO.BSE_IDX,01/07/2025,10:08:09,15552.01,0,0,0,0,0,0
BSEIPO.BSE_IDX,01/07/2025,10:08:17,15550.72,0,0,0,0,0,0
BSEIPO.BSE_IDX,01/07/2025,10:08:25,15550.94,0,0,0,0,0,0
BSEIPO.BSE_IDX,01/07/2025,10:08:33,15551.4,0,0,0,0,0,0
BSEIPO.BSE_IDX,01/07/2025,10:08:41,15553.89,0,0,0,0,0,0
BSEIPO.BSE_IDX,01/07/2025,10:08:49,15552.73,0,0,0,0,0,0
BSEIPO.BSE_IDX,01/07/2025,10:08:57,15550.49,0,0,0,0,0,0
BSEIPO.BSE_IDX,01/07/2025,10:09:05,15549.41,0,0,0,0,0,0
BSEIPO.BSE_IDX,01/07/2025,10:09:13,15548.27,0,0,0,0,0,0
BSEIPO.BSE_IDX,01/07/2025,10:09:21,15547.07,0,0,0,0,0,0
BSEIPO.BSE_IDX,01/07/2025,10:09:29,15548.74,0,0,0,0,0,0
BSEIPO.BSE_IDX,01/07/2025,10:09:37,15544.36,0,0,0,0,0,0
BSEIPO.BSE_IDX,01/07/2025,10:09:45,15544.8,0,0,0,0,0,0
BSEIPO.BSE_IDX,01/07/2025,10:09:53,15543.08,0,0,0,0,0,0
BSEIPO.BSE_IDX,01/07/2025,10:10:01,15540.41,0,0,0,0,0,0
BSEIPO.BSE_IDX,01/07/2025,10:10:09,15541.69,0,0,0,0,0,0
BSEIPO.BSE_IDX,01/07/2025,10:10:17,15544.13,0,0,0,0,0,0
BSEIPO.BSE_IDX,01/07/2025,10:10:25,15542.77,0,0,0,0,0,0
BSEIPO.BSE_IDX,01/07/2025,10:10:33,15539.89,0,0,0,0,0,0
BSEIPO.BSE_IDX,01/07/2025,10:10:41,15540.3,0,0,0,0,0,0
BSEIPO.BSE_IDX,01/07/2025,10:10:49,15540.53,0,0,0,0,0,0
BSEIPO.BSE_IDX,01/07/2025,10:10:57,15540.36,0,0,0,0,0,0
BSEIPO.BSE_IDX,01/07/2025,10:11:05,15538.93,0,0,0,0,0,0
BSEIPO.BSE_IDX,01/07/2025,10:11:13,15541.76,0,0,0,0,0,0
BSEIPO.BSE_IDX,01/07/2025,10:11:22,15541.75,0,0,0,0,0,0
BSEIPO.BSE_IDX,01/07/2025,10:11:29,15542.5,0,0,0,0,0,0
BSEIPO.BSE_IDX,01/07/2025,10:11:37,15541.87,0,0,0,0,0,0
BSEIPO.BSE_IDX,01/07/2025,10:11:45,15540.29,0,0,0,0,0,0
BSEIPO.BSE_IDX,01/07/2025,10:11:53,15540.1,0,0,0,0,0,0
BSEIPO.BSE_IDX,01/07/2025,10:12:01,15540.71,0,0,0,0,0,0
BSEIPO.BSE_IDX,01/07/2025,10:12:09,15540.82,0,0,0,0,0,0
BSEIPO.BSE_IDX,01/07/2025,10:12:17,15540.09,0,0,0,0,0,0
BSEIPO.BSE_IDX,01/07/2025,10:12:25,15535.17,0,0,0,0,0,0
BSEIPO.BSE_IDX,01/07/2025,10:12:33,15533.91,0,0,0,0,0,0
BSEIPO.BSE_IDX,01/07/2025,10:12:41,15533.98,0,0,0,0,0,0
BSEIPO.BSE_IDX,01/07/2025,10:12:49,15532.81,0,0,0,0,0,0
BSEIPO.BSE_IDX,01/07/2025,10:12:57,15532.35,0,0,0,0,0,0
BSEIPO.BSE_IDX,01/07/2025,10:13:05,15533.68,0,0,0,0,0,0
BSEIPO.BSE_IDX,01/07/2025,10:13:13,15533.57,0,0,0,0,0,0
BSEIPO.BSE_IDX,01/07/2025,10:13:21,15533.8,0,0,0,0,0,0
BSEIPO.BSE_IDX,01/07/2025,10:13:29,15527.15,0,0,0,0,0,0
BSEIPO.BSE_IDX,01/07/2025,10:13:37,15528.42,0,0,0,0,0,0
BSEIPO.BSE_IDX,01/07/2025,10:13:45,15525.94,0,0,0,0,0,0
BSEIPO.BSE_IDX,01/07/2025,10:13:53,15526.23,0,0,0,0,0,0
BSEIPO.BSE_IDX,01/07/2025,10:14:01,15518.19,0,0,0,0,0,0
BSEIPO.BSE_IDX,01/07/2025,10:14:09,15516.74,0,0,0,0,0,0
BSEIPO.BSE_IDX,01/07/2025,10:14:17,15515.33,0,0,0,0,0,0
BSEIPO.BSE_IDX,01/07/2025,10:14:25,15518.25,0,0,0,0,0,0
BSEIPO.BSE_IDX,01/07/2025,10:14:33,15517.75,0,0,0,0,0,0
BSEIPO.BSE_IDX,01/07/2025,10:14:41,15516.9,0,0,0,0,0,0
BSEIPO.BSE_IDX,01/07/2025,10:14:49,15517.31,0,0,0,0,0,0
BSEIPO.BSE_IDX,01/07/2025,10:14:57,15515.55,0,0,0,0,0,0
BSEIPO.BSE_IDX,01/07/2025,10:15:05,15511.38,0,0,0,0,0,0
BSEIPO.BSE_IDX,01/07/2025,10:15:13,15511.37,0,0,0,0,0,0
BSEIPO.BSE_IDX,01/07/2025,10:15:21,15509.87,0,0,0,0,0,0
BSEIPO.BSE_IDX,01/07/2025,10:15:29,15508.72,0,0,0,0,0,0
BSEIPO.BSE_IDX,01/07/2025,10:15:37,15504.48,0,0,0,0,0,0
BSEIPO.BSE_IDX,01/07/2025,10:15:45,15500.61,0,0,0,0,0,0
BSEIPO.BSE_IDX,01/07/2025,10:15:53,15497.35,0,0,0,0,0,0
BSEIPO.BSE_IDX,01/07/2025,10:16:01,15496,0,0,0,0,0,0
BSEIPO.BSE_IDX,01/07/2025,10:16:09,15500.12,0,0,0,0,0,0
BSEIPO.BSE_IDX,01/07/2025,10:16:17,15491.04,0,0,0,0,0,0
BSEIPO.BSE_IDX,01/07/2025,10:16:25,15497.9,0,0,0,0,0,0
BSEIPO.BSE_IDX,01/07/2025,10:16:33,15498.54,0,0,0,0,0,0
BSEIPO.BSE_IDX,01/07/2025,10:16:41,15498.81,0,0,0,0,0,0
BSEIPO.BSE_IDX,01/07/2025,10:16:49,15498.78,0,0,0,0,0,0
BSEIPO.BSE_IDX,01/07/2025,10:16:57,15493.62,0,0,0,0,0,0
BSEIPO.BSE_IDX,01/07/2025,10:17:05,15495.16,0,0,0,0,0,0
BSEIPO.BSE_IDX,01/07/2025,10:17:13,15495.47,0,0,0,0,0,0
BSEIPO.BSE_IDX,01/07/2025,10:17:21,15492.5,0,0,0,0,0,0
BSEIPO.BSE_IDX,01/07/2025,10:17:29,15494.52,0,0,0,0,0,0
BSEIPO.BSE_IDX,01/07/2025,10:17:37,15496.97,0,0,0,0,0,0
BSEIPO.BSE_IDX,01/07/2025,10:17:45,15497.8,0,0,0,0,0,0
BSEIPO.BSE_IDX,01/07/2025,10:17:53,15498.77,0,0,0,0,0,0
BSEIPO.BSE_IDX,01/07/2025,10:18:01,15500.23,0,0,0,0,0,0
BSEIPO.BSE_IDX,01/07/2025,10:18:09,15502.43,0,0,0,0,0,0
BSEIPO.BSE_IDX,01/07/2025,10:18:17,15502.9,0,0,0,0,0,0
BSEIPO.BSE_IDX,01/07/2025,10:18:25,15502.12,0,0,0,0,0,0
BSEIPO.BSE_IDX,01/07/2025,10:18:33,15502.9,0,0,0,0,0,0
BSEIPO.BSE_IDX,01/07/2025,10:18:41,15502.11,0,0,0,0,0,0
BSEIPO.BSE_IDX,01/07/2025,10:18:49,15502.53,0,0,0,0,0,0
BSEIPO.BSE_IDX,01/07/2025,10:18:57,15502.13,0,0,0,0,0,0
BSEIPO.BSE_IDX,01/07/2025,10:19:05,15502.37,0,0,0,0,0,0
BSEIPO.BSE_IDX,01/07/2025,10:19:13,15500.69,0,0,0,0,0,0
BSEIPO.BSE_IDX,01/07/2025,10:19:21,15501.73,0,0,0,0,0,0
BSEIPO.BSE_IDX,01/07/2025,10:19:29,15500.36,0,0,0,0,0,0
BSEIPO.BSE_IDX,01/07/2025,10:19:37,15500.11,0,0,0,0,0,0
BSEIPO.BSE_IDX,01/07/2025,10:19:45,15497.81,0,0,0,0,0,0
BSEIPO.BSE_IDX,01/07/2025,10:19:53,15497.29,0,0,0,0,0,0
BSEIPO.BSE_IDX,01/07/2025,10:20:01,15496.6,0,0,0,0,0,0
BSEIPO.BSE_IDX,01/07/2025,10:20:09,15495.38,0,0,0,0,0,0
BSEIPO.BSE_IDX,01/07/2025,10:20:17,15496.33,0,0,0,0,0,0
BSEIPO.BSE_IDX,01/07/2025,10:20:25,15495.36,0,0,0,0,0,0
BSEIPO.BSE_IDX,01/07/2025,10:20:33,15495.05,0,0,0,0,0,0
BSEIPO.BSE_IDX,01/07/2025,10:20:41,15495.35,0,0,0,0,0,0
BSEIPO.BSE_IDX,01/07/2025,10:20:49,15495.04,0,0,0,0,0,0
BSEIPO.BSE_IDX,01/07/2025,10:20:57,15493.92,0,0,0,0,0,0
BSEIPO.BSE_IDX,01/07/2025,10:21:05,15494.52,0,0,0,0,0,0
BSEIPO.BSE_IDX,01/07/2025,10:21:13,15493.64,0,0,0,0,0,0
BSEIPO.BSE_IDX,01/07/2025,10:21:21,15492.19,0,0,0,0,0,0
BSEIPO.BSE_IDX,01/07/2025,10:21:29,15494.28,0,0,0,0,0,0
BSEIPO.BSE_IDX,01/07/2025,10:21:37,15490.78,0,0,0,0,0,0
BSEIPO.BSE_IDX,01/07/2025,10:21:45,15490.59,0,0,0,0,0,0
BSEIPO.BSE_IDX,01/07/2025,10:21:53,15489.45,0,0,0,0,0,0
BSEIPO.BSE_IDX,01/07/2025,10:22:01,15489.86,0,0,0,0,0,0
BSEIPO.BSE_IDX,01/07/2025,10:22:09,15487.2,0,0,0,0,0,0
BSEIPO.BSE_IDX,01/07/2025,10:22:17,15488.05,0,0,0,0,0,0
BSEIPO.BSE_IDX,01/07/2025,10:22:25,15487.56,0,0,0,0,0,0
BSEIPO.BSE_IDX,01/07/2025,10:22:33,15487.12,0,0,0,0,0,0
BSEIPO.BSE_IDX,01/07/2025,10:22:41,15485.96,0,0,0,0,0,0
BSEIPO.BSE_IDX,01/07/2025,10:22:49,15486.3,0,0,0,0,0,0
BSEIPO.BSE_IDX,01/07/2025,10:22:57,15485.92,0,0,0,0,0,0
BSEIPO.BSE_IDX,01/07/2025,10:23:05,15486.43,0,0,0,0,0,0
BSEIPO.BSE_IDX,01/07/2025,10:23:13,15485.73,0,0,0,0,0,0
BSEIPO.BSE_IDX,01/07/2025,10:23:21,15489.99,0,0,0,0,0,0
BSEIPO.BSE_IDX,01/07/2025,10:23:29,15488.17,0,0,0,0,0,0
BSEIPO.BSE_IDX,01/07/2025,10:23:37,15488.29,0,0,0,0,0,0
BSEIPO.BSE_IDX,01/07/2025,10:23:45,15488.9,0,0,0,0,0,0
BSEIPO.BSE_IDX,01/07/2025,10:23:53,15487.84,0,0,0,0,0,0
BSEIPO.BSE_IDX,01/07/2025,10:24:01,15483.79,0,0,0,0,0,0
BSEIPO.BSE_IDX,01/07/2025,10:24:09,15480.21,0,0,0,0,0,0
BSEIPO.BSE_IDX,01/07/2025,10:24:17,15479.81,0,0,0,0,0,0
BSEIPO.BSE_IDX,01/07/2025,10:24:25,15478.56,0,0,0,0,0,0
BSEIPO.BSE_IDX,01/07/2025,10:24:33,15477.89,0,0,0,0,0,0
BSEIPO.BSE_IDX,01/07/2025,10:24:41,15479.37,0,0,0,0,0,0
BSEIPO.BSE_IDX,01/07/2025,10:24:49,15479.89,0,0,0,0,0,0
BSEIPO.BSE_IDX,01/07/2025,10:24:57,15479.47,0,0,0,0,0,0
BSEIPO.BSE_IDX,01/07/2025,10:25:05,15482,0,0,0,0,0,0
BSEIPO.BSE_IDX,01/07/2025,10:25:13,15483.9,0,0,0,0,0,0
BSEIPO.BSE_IDX,01/07/2025,10:25:21,15483.59,0,0,0,0,0,0
BSEIPO.BSE_IDX,01/07/2025,10:25:29,15481.88,0,0,0,0,0,0
BSEIPO.BSE_IDX,01/07/2025,10:25:37,15479.55,0,0,0,0,0,0
BSEIPO.BSE_IDX,01/07/2025,10:25:45,15480.1,0,0,0,0,0,0
BSEIPO.BSE_IDX,01/07/2025,10:25:53,15480.69,0,0,0,0,0,0
BSEIPO.BSE_IDX,01/07/2025,10:26:01,15478.4,0,0,0,0,0,0
BSEIPO.BSE_IDX,01/07/2025,10:26:09,15479.65,0,0,0,0,0,0
BSEIPO.BSE_IDX,01/07/2025,10:26:17,15480.49,0,0,0,0,0,0
BSEIPO.BSE_IDX,01/07/2025,10:26:25,15480.53,0,0,0,0,0,0
BSEIPO.BSE_IDX,01/07/2025,10:26:33,15480.97,0,0,0,0,0,0
BSEIPO.BSE_IDX,01/07/2025,10:26:41,15482.45,0,0,0,0,0,0
BSEIPO.BSE_IDX,01/07/2025,10:26:49,15482.11,0,0,0,0,0,0
BSEIPO.BSE_IDX,01/07/2025,10:26:57,15482.43,0,0,0,0,0,0
BSEIPO.BSE_IDX,01/07/2025,10:27:05,15481.29,0,0,0,0,0,0
BSEIPO.BSE_IDX,01/07/2025,10:27:13,15482.69,0,0,0,0,0,0
BSEIPO.BSE_IDX,01/07/2025,10:27:21,15482.33,0,0,0,0,0,0
BSEIPO.BSE_IDX,01/07/2025,10:27:29,15482.58,0,0,0,0,0,0
BSEIPO.BSE_IDX,01/07/2025,10:27:37,15485.76,0,0,0,0,0,0
BSEIPO.BSE_IDX,01/07/2025,10:27:45,15484.5,0,0,0,0,0,0
BSEIPO.BSE_IDX,01/07/2025,10:27:53,15484.36,0,0,0,0,0,0
BSEIPO.BSE_IDX,01/07/2025,10:28:01,15485.33,0,0,0,0,0,0
BSEIPO.BSE_IDX,01/07/2025,10:28:09,15484.69,0,0,0,0,0,0
BSEIPO.BSE_IDX,01/07/2025,10:28:17,15484.63,0,0,0,0,0,0
BSEIPO.BSE_IDX,01/07/2025,10:28:25,15485.66,0,0,0,0,0,0
BSEIPO.BSE_IDX,01/07/2025,10:28:33,15487.7,0,0,0,0,0,0
BSEIPO.BSE_IDX,01/07/2025,10:28:41,15488.43,0,0,0,0,0,0
BSEIPO.BSE_IDX,01/07/2025,10:28:49,15489.63,0,0,0,0,0,0
BSEIPO.BSE_IDX,01/07/2025,10:28:57,15489.35,0,0,0,0,0,0
BSEIPO.BSE_IDX,01/07/2025,10:29:05,15489.7,0,0,0,0,0,0
BSEIPO.BSE_IDX,01/07/2025,10:29:13,15489.17,0,0,0,0,0,0
BSEIPO.BSE_IDX,01/07/2025,10:29:21,15489.07,0,0,0,0,0,0
BSEIPO.BSE_IDX,01/07/2025,10:29:29,15490.23,0,0,0,0,0,0
BSEIPO.BSE_IDX,01/07/2025,10:29:37,15489.39,0,0,0,0,0,0
BSEIPO.BSE_IDX,01/07/2025,10:29:46,15490.68,0,0,0,0,0,0
BSEIPO.BSE_IDX,01/07/2025,10:29:54,15491.24,0,0,0,0,0,0
BSEIPO.BSE_IDX,01/07/2025,10:30:01,15493.07,0,0,0,0,0,0
BSEIPO.BSE_IDX,01/07/2025,10:30:09,15494.75,0,0,0,0,0,0
BSEIPO.BSE_IDX,01/07/2025,10:30:17,15494.44,0,0,0,0,0,0
BSEIPO.BSE_IDX,01/07/2025,10:30:25,15496.21,0,0,0,0,0,0
BSEIPO.BSE_IDX,01/07/2025,10:30:33,15497.79,0,0,0,0,0,0
BSEIPO.BSE_IDX,01/07/2025,10:30:41,15499.85,0,0,0,0,0,0
BSEIPO.BSE_IDX,01/07/2025,10:30:49,15500.84,0,0,0,0,0,0
BSEIPO.BSE_IDX,01/07/2025,10:30:57,15493.93,0,0,0,0,0,0
BSEIPO.BSE_IDX,01/07/2025,10:31:05,15496.91,0,0,0,0,0,0
BSEIPO.BSE_IDX,01/07/2025,10:31:13,15496.5,0,0,0,0,0,0
BSEIPO.BSE_IDX,01/07/2025,10:31:21,15496.88,0,0,0,0,0,0
BSEIPO.BSE_IDX,01/07/2025,10:31:29,15496.25,0,0,0,0,0,0
BSEIPO.BSE_IDX,01/07/2025,10:31:37,15496.61,0,0,0,0,0,0
BSEIPO.BSE_IDX,01/07/2025,10:31:45,15495.97,0,0,0,0,0,0
BSEIPO.BSE_IDX,01/07/2025,10:31:53,15495.19,0,0,0,0,0,0
BSEIPO.BSE_IDX,01/07/2025,10:32:01,15495.16,0,0,0,0,0,0
BSEIPO.BSE_IDX,01/07/2025,10:32:09,15497.4,0,0,0,0,0,0
BSEIPO.BSE_IDX,01/07/2025,10:32:17,15496.26,0,0,0,0,0,0
BSEIPO.BSE_IDX,01/07/2025,10:32:25,15496.83,0,0,0,0,0,0
BSEIPO.BSE_IDX,01/07/2025,10:32:33,15494.77,0,0,0,0,0,0
BSEIPO.BSE_IDX,01/07/2025,10:32:41,15494.37,0,0,0,0,0,0
BSEIPO.BSE_IDX,01/07/2025,10:32:49,15494.86,0,0,0,0,0,0
BSEIPO.BSE_IDX,01/07/2025,10:32:57,15493.96,0,0,0,0,0,0
BSEIPO.BSE_IDX,01/07/2025,10:33:05,15493.75,0,0,0,0,0,0
BSEIPO.BSE_IDX,01/07/2025,10:33:13,15494.29,0,0,0,0,0,0
BSEIPO.BSE_IDX,01/07/2025,10:33:21,15494.98,0,0,0,0,0,0
BSEIPO.BSE_IDX,01/07/2025,10:33:29,15495.52,0,0,0,0,0,0
BSEIPO.BSE_IDX,01/07/2025,10:33:37,15493.96,0,0,0,0,0,0
BSEIPO.BSE_IDX,01/07/2025,10:33:45,15493.86,0,0,0,0,0,0
BSEIPO.BSE_IDX,01/07/2025,10:33:53,15495.85,0,0,0,0,0,0
BSEIPO.BSE_IDX,01/07/2025,10:34:01,15494.59,0,0,0,0,0,0
BSEIPO.BSE_IDX,01/07/2025,10:34:09,15495.66,0,0,0,0,0,0
BSEIPO.BSE_IDX,01/07/2025,10:34:17,15494.32,0,0,0,0,0,0
BSEIPO.BSE_IDX,01/07/2025,10:34:25,15496.46,0,0,0,0,0,0
BSEIPO.BSE_IDX,01/07/2025,10:34:33,15495.99,0,0,0,0,0,0
BSEIPO.BSE_IDX,01/07/2025,10:34:41,15497.04,0,0,0,0,0,0
BSEIPO.BSE_IDX,01/07/2025,10:34:49,15497.43,0,0,0,0,0,0
BSEIPO.BSE_IDX,01/07/2025,10:34:58,15495.63,0,0,0,0,0,0
BSEIPO.BSE_IDX,01/07/2025,10:35:06,15494.98,0,0,0,0,0,0
BSEIPO.BSE_IDX,01/07/2025,10:35:14,15495.57,0,0,0,0,0,0
BSEIPO.BSE_IDX,01/07/2025,10:35:21,15495.88,0,0,0,0,0,0
BSEIPO.BSE_IDX,01/07/2025,10:35:29,15496.27,0,0,0,0,0,0
BSEIPO.BSE_IDX,01/07/2025,10:35:37,15496.3,0,0,0,0,0,0
BSEIPO.BSE_IDX,01/07/2025,10:35:45,15495.65,0,0,0,0,0,0
BSEIPO.BSE_IDX,01/07/2025,10:35:54,15498.73,0,0,0,0,0,0
BSEIPO.BSE_IDX,01/07/2025,10:36:02,15500.34,0,0,0,0,0,0
BSEIPO.BSE_IDX,01/07/2025,10:36:10,15500.88,0,0,0,0,0,0
BSEIPO.BSE_IDX,01/07/2025,10:36:17,15501.8,0,0,0,0,0,0
BSEIPO.BSE_IDX,01/07/2025,10:36:25,15501.14,0,0,0,0,0,0
BSEIPO.BSE_IDX,01/07/2025,10:36:34,15500.2,0,0,0,0,0,0
BSEIPO.BSE_IDX,01/07/2025,10:36:42,15499.52,0,0,0,0,0,0
BSEIPO.BSE_IDX,01/07/2025,10:36:49,15497.98,0,0,0,0,0,0
BSEIPO.BSE_IDX,01/07/2025,10:36:58,15496.55,0,0,0,0,0,0
BSEIPO.BSE_IDX,01/07/2025,10:37:05,15496.3,0,0,0,0,0,0
BSEIPO.BSE_IDX,01/07/2025,10:37:14,15492.29,0,0,0,0,0,0
BSEIPO.BSE_IDX,01/07/2025,10:37:21,15492.53,0,0,0,0,0,0
BSEIPO.BSE_IDX,01/07/2025,10:37:30,15491.4,0,0,0,0,0,0
BSEIPO.BSE_IDX,01/07/2025,10:37:38,15490.9,0,0,0,0,0,0
BSEIPO.BSE_IDX,01/07/2025,10:37:46,15485.36,0,0,0,0,0,0
BSEIPO.BSE_IDX,01/07/2025,10:37:54,15486.03,0,0,0,0,0,0
BSEIPO.BSE_IDX,01/07/2025,10:38:02,15485.67,0,0,0,0,0,0
BSEIPO.BSE_IDX,01/07/2025,10:38:10,15485.06,0,0,0,0,0,0
BSEIPO.BSE_IDX,01/07/2025,10:38:18,15486.45,0,0,0,0,0,0
BSEIPO.BSE_IDX,01/07/2025,10:38:26,15484.56,0,0,0,0,0,0
BSEIPO.BSE_IDX,01/07/2025,10:38:34,15484.96,0,0,0,0,0,0
BSEIPO.BSE_IDX,01/07/2025,10:38:42,15486.14,0,0,0,0,0,0
BSEIPO.BSE_IDX,01/07/2025,10:38:50,15489.11,0,0,0,0,0,0
BSEIPO.BSE_IDX,01/07/2025,10:38:58,15491.93,0,0,0,0,0,0
BSEIPO.BSE_IDX,01/07/2025,10:39:06,15491.4,0,0,0,0,0,0
BSEIPO.BSE_IDX,01/07/2025,10:39:14,15492.01,0,0,0,0,0,0
BSEIPO.BSE_IDX,01/07/2025,10:39:22,15492.62,0,0,0,0,0,0
BSEIPO.BSE_IDX,01/07/2025,10:39:30,15494.93,0,0,0,0,0,0
BSEIPO.BSE_IDX,01/07/2025,10:39:38,15493.47,0,0,0,0,0,0
BSEIPO.BSE_IDX,01/07/2025,10:39:46,15492.24,0,0,0,0,0,0
BSEIPO.BSE_IDX,01/07/2025,10:39:54,15491.81,0,0,0,0,0,0
BSEIPO.BSE_IDX,01/07/2025,10:40:02,15490.97,0,0,0,0,0,0
BSEIPO.BSE_IDX,01/07/2025,10:40:10,15490.52,0,0,0,0,0,0
BSEIPO.BSE_IDX,01/07/2025,10:40:18,15491.58,0,0,0,0,0,0
BSEIPO.BSE_IDX,01/07/2025,10:40:26,15492.89,0,0,0,0,0,0
BSEIPO.BSE_IDX,01/07/2025,10:40:34,15493.2,0,0,0,0,0,0
BSEIPO.BSE_IDX,01/07/2025,10:40:42,15493.36,0,0,0,0,0,0
BSEIPO.BSE_IDX,01/07/2025,10:40:50,15493.12,0,0,0,0,0,0
BSEIPO.BSE_IDX,01/07/2025,10:40:58,15493.62,0,0,0,0,0,0
BSEIPO.BSE_IDX,01/07/2025,10:41:06,15492.47,0,0,0,0,0,0
BSEIPO.BSE_IDX,01/07/2025,10:41:14,15492.28,0,0,0,0,0,0
BSEIPO.BSE_IDX,01/07/2025,10:41:22,15492.14,0,0,0,0,0,0
BSEIPO.BSE_IDX,01/07/2025,10:41:30,15491.05,0,0,0,0,0,0
BSEIPO.BSE_IDX,01/07/2025,10:41:38,15491.17,0,0,0,0,0,0
BSEIPO.BSE_IDX,01/07/2025,10:41:46,15491.41,0,0,0,0,0,0
BSEIPO.BSE_IDX,01/07/2025,10:41:54,15492.52,0,0,0,0,0,0
BSEIPO.BSE_IDX,01/07/2025,10:42:02,15493.92,0,0,0,0,0,0
BSEIPO.BSE_IDX,01/07/2025,10:42:10,15496.2,0,0,0,0,0,0
BSEIPO.BSE_IDX,01/07/2025,10:42:18,15497.5,0,0,0,0,0,0
BSEIPO.BSE_IDX,01/07/2025,10:42:26,15498.5,0,0,0,0,0,0
BSEIPO.BSE_IDX,01/07/2025,10:42:34,15501.1,0,0,0,0,0,0
BSEIPO.BSE_IDX,01/07/2025,10:42:42,15501.61,0,0,0,0,0,0
BSEIPO.BSE_IDX,01/07/2025,10:42:50,15501.81,0,0,0,0,0,0
BSEIPO.BSE_IDX,01/07/2025,10:42:58,15499.05,0,0,0,0,0,0
BSEIPO.BSE_IDX,01/07/2025,10:43:06,15496.99,0,0,0,0,0,0
BSEIPO.BSE_IDX,01/07/2025,10:43:14,15495.76,0,0,0,0,0,0
BSEIPO.BSE_IDX,01/07/2025,10:43:22,15495.22,0,0,0,0,0,0
BSEIPO.BSE_IDX,01/07/2025,10:43:30,15495.43,0,0,0,0,0,0
BSEIPO.BSE_IDX,01/07/2025,10:43:38,15496.77,0,0,0,0,0,0
BSEIPO.BSE_IDX,01/07/2025,10:43:46,15495.84,0,0,0,0,0,0
BSEIPO.BSE_IDX,01/07/2025,10:43:54,15495.14,0,0,0,0,0,0
BSEIPO.BSE_IDX,01/07/2025,10:44:02,15495.52,0,0,0,0,0,0
BSEIPO.BSE_IDX,01/07/2025,10:44:10,15495.43,0,0,0,0,0,0
BSEIPO.BSE_IDX,01/07/2025,10:44:18,15495.32,0,0,0,0,0,0
BSEIPO.BSE_IDX,01/07/2025,10:44:26,15496.01,0,0,0,0,0,0
BSEIPO.BSE_IDX,01/07/2025,10:44:34,15496.01,0,0,0,0,0,0
BSEIPO.BSE_IDX,01/07/2025,10:44:42,15496.56,0,0,0,0,0,0
BSEIPO.BSE_IDX,01/07/2025,10:44:50,15496.65,0,0,0,0,0,0
BSEIPO.BSE_IDX,01/07/2025,10:44:58,15495.98,0,0,0,0,0,0
BSEIPO.BSE_IDX,01/07/2025,10:45:07,15495.07,0,0,0,0,0,0
BSEIPO.BSE_IDX,01/07/2025,10:45:14,15494.91,0,0,0,0,0,0
BSEIPO.BSE_IDX,01/07/2025,10:45:22,15496.63,0,0,0,0,0,0
BSEIPO.BSE_IDX,01/07/2025,10:45:30,15498.46,0,0,0,0,0,0
BSEIPO.BSE_IDX,01/07/2025,10:45:38,15498.93,0,0,0,0,0,0
BSEIPO.BSE_IDX,01/07/2025,10:45:46,15497.05,0,0,0,0,0,0
BSEIPO.BSE_IDX,01/07/2025,10:45:54,15497.03,0,0,0,0,0,0
BSEIPO.BSE_IDX,01/07/2025,10:46:02,15495.18,0,0,0,0,0,0
BSEIPO.BSE_IDX,01/07/2025,10:46:10,15491.95,0,0,0,0,0,0
BSEIPO.BSE_IDX,01/07/2025,10:46:18,15488.55,0,0,0,0,0,0
BSEIPO.BSE_IDX,01/07/2025,10:46:26,15490.3,0,0,0,0,0,0
BSEIPO.BSE_IDX,01/07/2025,10:46:34,15490.05,0,0,0,0,0,0
BSEIPO.BSE_IDX,01/07/2025,10:46:42,15489.93,0,0,0,0,0,0
BSEIPO.BSE_IDX,01/07/2025,10:46:50,15490.14,0,0,0,0,0,0
BSEIPO.BSE_IDX,01/07/2025,10:46:58,15489.03,0,0,0,0,0,0
BSEIPO.BSE_IDX,01/07/2025,10:47:06,15485.24,0,0,0,0,0,0
BSEIPO.BSE_IDX,01/07/2025,10:47:14,15487.48,0,0,0,0,0,0
BSEIPO.BSE_IDX,01/07/2025,10:47:22,15487.09,0,0,0,0,0,0
BSEIPO.BSE_IDX,01/07/2025,10:47:30,15487.35,0,0,0,0,0,0
BSEIPO.BSE_IDX,01/07/2025,10:47:38,15487.85,0,0,0,0,0,0
BSEIPO.BSE_IDX,01/07/2025,10:47:46,15488.2,0,0,0,0,0,0
BSEIPO.BSE_IDX,01/07/2025,10:47:54,15490.61,0,0,0,0,0,0
BSEIPO.BSE_IDX,01/07/2025,10:48:02,15491.87,0,0,0,0,0,0
BSEIPO.BSE_IDX,01/07/2025,10:48:10,15490.65,0,0,0,0,0,0
BSEIPO.BSE_IDX,01/07/2025,10:48:18,15491.81,0,0,0,0,0,0
BSEIPO.BSE_IDX,01/07/2025,10:48:26,15490.26,0,0,0,0,0,0
BSEIPO.BSE_IDX,01/07/2025,10:48:34,15489.57,0,0,0,0,0,0
BSEIPO.BSE_IDX,01/07/2025,10:48:42,15484.44,0,0,0,0,0,0
BSEIPO.BSE_IDX,01/07/2025,10:48:50,15482.83,0,0,0,0,0,0
BSEIPO.BSE_IDX,01/07/2025,10:48:58,15482.91,0,0,0,0,0,0
BSEIPO.BSE_IDX,01/07/2025,10:49:06,15482.83,0,0,0,0,0,0
BSEIPO.BSE_IDX,01/07/2025,10:49:14,15482.04,0,0,0,0,0,0
BSEIPO.BSE_IDX,01/07/2025,10:49:22,15477.25,0,0,0,0,0,0
BSEIPO.BSE_IDX,01/07/2025,10:49:30,15476.31,0,0,0,0,0,0
BSEIPO.BSE_IDX,01/07/2025,10:49:38,15472.89,0,0,0,0,0,0
BSEIPO.BSE_IDX,01/07/2025,10:49:46,15474.44,0,0,0,0,0,0
BSEIPO.BSE_IDX,01/07/2025,10:49:54,15473.79,0,0,0,0,0,0
BSEIPO.BSE_IDX,01/07/2025,10:50:02,15476.66,0,0,0,0,0,0
BSEIPO.BSE_IDX,01/07/2025,10:50:10,15473.33,0,0,0,0,0,0
BSEIPO.BSE_IDX,01/07/2025,10:50:18,15473.38,0,0,0,0,0,0
BSEIPO.BSE_IDX,01/07/2025,10:50:26,15471.83,0,0,0,0,0,0
BSEIPO.BSE_IDX,01/07/2025,10:50:34,15471.36,0,0,0,0,0,0
BSEIPO.BSE_IDX,01/07/2025,10:50:42,15470.31,0,0,0,0,0,0
BSEIPO.BSE_IDX,01/07/2025,10:50:50,15470.04,0,0,0,0,0,0
BSEIPO.BSE_IDX,01/07/2025,10:50:58,15470.25,0,0,0,0,0,0
BSEIPO.BSE_IDX,01/07/2025,10:51:06,15470.64,0,0,0,0,0,0
BSEIPO.BSE_IDX,01/07/2025,10:51:14,15473.3,0,0,0,0,0,0
BSEIPO.BSE_IDX,01/07/2025,10:51:22,15473.15,0,0,0,0,0,0
BSEIPO.BSE_IDX,01/07/2025,10:51:30,15474.24,0,0,0,0,0,0
BSEIPO.BSE_IDX,01/07/2025,10:51:38,15475.15,0,0,0,0,0,0
BSEIPO.BSE_IDX,01/07/2025,10:51:46,15479.15,0,0,0,0,0,0
BSEIPO.BSE_IDX,01/07/2025,10:51:54,15476.81,0,0,0,0,0,0
BSEIPO.BSE_IDX,01/07/2025,10:52:02,15472.12,0,0,0,0,0,0
BSEIPO.BSE_IDX,01/07/2025,10:52:10,15475.8,0,0,0,0,0,0
BSEIPO.BSE_IDX,01/07/2025,10:52:18,15475.47,0,0,0,0,0,0
BSEIPO.BSE_IDX,01/07/2025,10:52:26,15474.92,0,0,0,0,0,0
BSEIPO.BSE_IDX,01/07/2025,10:52:34,15477.61,0,0,0,0,0,0
BSEIPO.BSE_IDX,01/07/2025,10:52:43,15475.41,0,0,0,0,0,0
BSEIPO.BSE_IDX,01/07/2025,10:52:50,15472.65,0,0,0,0,0,0
BSEIPO.BSE_IDX,01/07/2025,10:52:58,15469.44,0,0,0,0,0,0
BSEIPO.BSE_IDX,01/07/2025,10:53:06,15470.04,0,0,0,0,0,0
BSEIPO.BSE_IDX,01/07/2025,10:53:14,15470.03,0,0,0,0,0,0
BSEIPO.BSE_IDX,01/07/2025,10:53:22,15472.93,0,0,0,0,0,0
BSEIPO.BSE_IDX,01/07/2025,10:53:30,15472.31,0,0,0,0,0,0
BSEIPO.BSE_IDX,01/07/2025,10:53:38,15472.42,0,0,0,0,0,0
BSEIPO.BSE_IDX,01/07/2025,10:53:46,15471.63,0,0,0,0,0,0
BSEIPO.BSE_IDX,01/07/2025,10:53:54,15470.8,0,0,0,0,0,0
BSEIPO.BSE_IDX,01/07/2025,10:54:02,15470.43,0,0,0,0,0,0
BSEIPO.BSE_IDX,01/07/2025,10:54:10,15470.11,0,0,0,0,0,0
BSEIPO.BSE_IDX,01/07/2025,10:54:18,15470.33,0,0,0,0,0,0
BSEIPO.BSE_IDX,01/07/2025,10:54:26,15470.53,0,0,0,0,0,0
BSEIPO.BSE_IDX,01/07/2025,10:54:34,15470.36,0,0,0,0,0,0
BSEIPO.BSE_IDX,01/07/2025,10:54:42,15469.25,0,0,0,0,0,0
BSEIPO.BSE_IDX,01/07/2025,10:54:51,15469.67,0,0,0,0,0,0
BSEIPO.BSE_IDX,01/07/2025,10:54:58,15469.57,0,0,0,0,0,0
BSEIPO.BSE_IDX,01/07/2025,10:55:06,15469.04,0,0,0,0,0,0
BSEIPO.BSE_IDX,01/07/2025,10:55:14,15469.01,0,0,0,0,0,0
BSEIPO.BSE_IDX,01/07/2025,10:55:22,15466.37,0,0,0,0,0,0
BSEIPO.BSE_IDX,01/07/2025,10:55:30,15467.92,0,0,0,0,0,0
BSEIPO.BSE_IDX,01/07/2025,10:55:38,15468.51,0,0,0,0,0,0
BSEIPO.BSE_IDX,01/07/2025,10:55:46,15468.53,0,0,0,0,0,0
BSEIPO.BSE_IDX,01/07/2025,10:55:54,15468.34,0,0,0,0,0,0
BSEIPO.BSE_IDX,01/07/2025,10:56:02,15473.32,0,0,0,0,0,0
BSEIPO.BSE_IDX,01/07/2025,10:56:10,15473.18,0,0,0,0,0,0
BSEIPO.BSE_IDX,01/07/2025,10:56:18,15473.69,0,0,0,0,0,0
BSEIPO.BSE_IDX,01/07/2025,10:56:26,15472.23,0,0,0,0,0,0
BSEIPO.BSE_IDX,01/07/2025,10:56:34,15476.37,0,0,0,0,0,0
BSEIPO.BSE_IDX,01/07/2025,10:56:42,15475.22,0,0,0,0,0,0
BSEIPO.BSE_IDX,01/07/2025,10:56:50,15476.39,0,0,0,0,0,0
BSEIPO.BSE_IDX,01/07/2025,10:56:58,15474.36,0,0,0,0,0,0
BSEIPO.BSE_IDX,01/07/2025,10:57:06,15474.5,0,0,0,0,0,0
BSEIPO.BSE_IDX,01/07/2025,10:57:14,15470.35,0,0,0,0,0,0
BSEIPO.BSE_IDX,01/07/2025,10:57:22,15471.49,0,0,0,0,0,0
BSEIPO.BSE_IDX,01/07/2025,10:57:30,15470.55,0,0,0,0,0,0
BSEIPO.BSE_IDX,01/07/2025,10:57:39,15471.74,0,0,0,0,0,0
BSEIPO.BSE_IDX,01/07/2025,10:57:46,15469.69,0,0,0,0,0,0
BSEIPO.BSE_IDX,01/07/2025,10:57:54,15470.44,0,0,0,0,0,0
BSEIPO.BSE_IDX,01/07/2025,10:58:02,15469.62,0,0,0,0,0,0
BSEIPO.BSE_IDX,01/07/2025,10:58:10,15468.55,0,0,0,0,0,0
BSEIPO.BSE_IDX,01/07/2025,10:58:18,15468.51,0,0,0,0,0,0
BSEIPO.BSE_IDX,01/07/2025,10:58:26,15467.73,0,0,0,0,0,0
BSEIPO.BSE_IDX,01/07/2025,10:58:34,15466.32,0,0,0,0,0,0
BSEIPO.BSE_IDX,01/07/2025,10:58:42,15467.07,0,0,0,0,0,0
BSEIPO.BSE_IDX,01/07/2025,10:58:50,15466.46,0,0,0,0,0,0
BSEIPO.BSE_IDX,01/07/2025,10:58:58,15468.06,0,0,0,0,0,0
BSEIPO.BSE_IDX,01/07/2025,10:59:06,15468.25,0,0,0,0,0,0
BSEIPO.BSE_IDX,01/07/2025,10:59:14,15473.08,0,0,0,0,0,0
BSEIPO.BSE_IDX,01/07/2025,10:59:22,15472.85,0,0,0,0,0,0
BSEIPO.BSE_IDX,01/07/2025,10:59:30,15471.84,0,0,0,0,0,0
BSEIPO.BSE_IDX,01/07/2025,10:59:38,15472.21,0,0,0,0,0,0
BSEIPO.BSE_IDX,01/07/2025,10:59:47,15471.79,0,0,0,0,0,0
BSEIPO.BSE_IDX,01/07/2025,10:59:55,15471.26,0,0,0,0,0,0
BSEIPO.BSE_IDX,01/07/2025,11:00:03,15472.73,0,0,0,0,0,0
BSEIPO.BSE_IDX,01/07/2025,11:00:11,15472.69,0,0,0,0,0,0
BSEIPO.BSE_IDX,01/07/2025,11:00:18,15472.74,0,0,0,0,0,0
BSEIPO.BSE_IDX,01/07/2025,11:00:26,15473.23,0,0,0,0,0,0
BSEIPO.BSE_IDX,01/07/2025,11:00:34,15474.43,0,0,0,0,0,0
BSEIPO.BSE_IDX,01/07/2025,11:00:42,15475.05,0,0,0,0,0,0
BSEIPO.BSE_IDX,01/07/2025,11:00:50,15475.16,0,0,0,0,0,0
BSEIPO.BSE_IDX,01/07/2025,11:00:58,15474.08,0,0,0,0,0,0
BSEIPO.BSE_IDX,01/07/2025,11:01:06,15472.91,0,0,0,0,0,0
BSEIPO.BSE_IDX,01/07/2025,11:01:15,15472.46,0,0,0,0,0,0
BSEIPO.BSE_IDX,01/07/2025,11:01:22,15474.55,0,0,0,0,0,0
BSEIPO.BSE_IDX,01/07/2025,11:01:30,15475.22,0,0,0,0,0,0
BSEIPO.BSE_IDX,01/07/2025,11:01:38,15474.87,0,0,0,0,0,0
BSEIPO.BSE_IDX,01/07/2025,11:01:46,15480.4,0,0,0,0,0,0
BSEIPO.BSE_IDX,01/07/2025,11:01:54,15476.88,0,0,0,0,0,0
BSEIPO.BSE_IDX,01/07/2025,11:02:02,15474.26,0,0,0,0,0,0
BSEIPO.BSE_IDX,01/07/2025,11:02:10,15470.59,0,0,0,0,0,0
BSEIPO.BSE_IDX,01/07/2025,11:02:18,15469.24,0,0,0,0,0,0
BSEIPO.BSE_IDX,01/07/2025,11:02:27,15468.39,0,0,0,0,0,0
BSEIPO.BSE_IDX,01/07/2025,11:02:34,15469.78,0,0,0,0,0,0
BSEIPO.BSE_IDX,01/07/2025,11:02:42,15469.63,0,0,0,0,0,0
BSEIPO.BSE_IDX,01/07/2025,11:02:51,15470.58,0,0,0,0,0,0
BSEIPO.BSE_IDX,01/07/2025,11:02:58,15470.79,0,0,0,0,0,0
BSEIPO.BSE_IDX,01/07/2025,11:03:06,15470.35,0,0,0,0,0,0
BSEIPO.BSE_IDX,01/07/2025,11:03:14,15471.19,0,0,0,0,0,0
BSEIPO.BSE_IDX,01/07/2025,11:03:22,15469.73,0,0,0,0,0,0
BSEIPO.BSE_IDX,01/07/2025,11:03:31,15468.94,0,0,0,0,0,0
BSEIPO.BSE_IDX,01/07/2025,11:03:38,15468.99,0,0,0,0,0,0
BSEIPO.BSE_IDX,01/07/2025,11:03:46,15468.79,0,0,0,0,0,0
BSEIPO.BSE_IDX,01/07/2025,11:03:54,15468.86,0,0,0,0,0,0
BSEIPO.BSE_IDX,01/07/2025,11:04:02,15468.99,0,0,0,0,0,0
BSEIPO.BSE_IDX,01/07/2025,11:04:10,15469.66,0,0,0,0,0,0
BSEIPO.BSE_IDX,01/07/2025,11:04:18,15471.57,0,0,0,0,0,0
BSEIPO.BSE_IDX,01/07/2025,11:04:27,15470.72,0,0,0,0,0,0
BSEIPO.BSE_IDX,01/07/2025,11:04:34,15471.11,0,0,0,0,0,0
BSEIPO.BSE_IDX,01/07/2025,11:04:42,15471.88,0,0,0,0,0,0
BSEIPO.BSE_IDX,01/07/2025,11:04:51,15473.07,0,0,0,0,0,0
BSEIPO.BSE_IDX,01/07/2025,11:04:58,15472.43,0,0,0,0,0,0
BSEIPO.BSE_IDX,01/07/2025,11:05:06,15472.81,0,0,0,0,0,0
BSEIPO.BSE_IDX,01/07/2025,11:05:14,15473.75,0,0,0,0,0,0
BSEIPO.BSE_IDX,01/07/2025,11:05:22,15475.46,0,0,0,0,0,0
BSEIPO.BSE_IDX,01/07/2025,11:05:30,15476.66,0,0,0,0,0,0
BSEIPO.BSE_IDX,01/07/2025,11:05:38,15477.15,0,0,0,0,0,0
BSEIPO.BSE_IDX,01/07/2025,11:05:46,15478.3,0,0,0,0,0,0
BSEIPO.BSE_IDX,01/07/2025,11:05:54,15479.37,0,0,0,0,0,0
BSEIPO.BSE_IDX,01/07/2025,11:06:02,15479.71,0,0,0,0,0,0
BSEIPO.BSE_IDX,01/07/2025,11:06:11,15480.23,0,0,0,0,0,0
BSEIPO.BSE_IDX,01/07/2025,11:06:19,15478.8,0,0,0,0,0,0
BSEIPO.BSE_IDX,01/07/2025,11:06:26,15480.98,0,0,0,0,0,0
BSEIPO.BSE_IDX,01/07/2025,11:06:34,15480.78,0,0,0,0,0,0
BSEIPO.BSE_IDX,01/07/2025,11:06:42,15481.85,0,0,0,0,0,0
BSEIPO.BSE_IDX,01/07/2025,11:06:50,15482.26,0,0,0,0,0,0
BSEIPO.BSE_IDX,01/07/2025,11:06:58,15482.66,0,0,0,0,0,0
BSEIPO.BSE_IDX,01/07/2025,11:07:06,15483.55,0,0,0,0,0,0
BSEIPO.BSE_IDX,01/07/2025,11:07:15,15483.53,0,0,0,0,0,0
BSEIPO.BSE_IDX,01/07/2025,11:07:22,15483.64,0,0,0,0,0,0
BSEIPO.BSE_IDX,01/07/2025,11:07:30,15484.5,0,0,0,0,0,0
BSEIPO.BSE_IDX,01/07/2025,11:07:38,15483.53,0,0,0,0,0,0
BSEIPO.BSE_IDX,01/07/2025,11:07:46,15482.56,0,0,0,0,0,0
BSEIPO.BSE_IDX,01/07/2025,11:07:54,15481.38,0,0,0,0,0,0
BSEIPO.BSE_IDX,01/07/2025,11:08:02,15482.16,0,0,0,0,0,0
BSEIPO.BSE_IDX,01/07/2025,11:08:11,15482.36,0,0,0,0,0,0
BSEIPO.BSE_IDX,01/07/2025,11:08:18,15483.06,0,0,0,0,0,0
BSEIPO.BSE_IDX,01/07/2025,11:08:26,15484.37,0,0,0,0,0,0
BSEIPO.BSE_IDX,01/07/2025,11:08:35,15484.28,0,0,0,0,0,0
BSEIPO.BSE_IDX,01/07/2025,11:08:43,15485.65,0,0,0,0,0,0
BSEIPO.BSE_IDX,01/07/2025,11:08:51,15486.89,0,0,0,0,0,0
BSEIPO.BSE_IDX,01/07/2025,11:08:58,15488.76,0,0,0,0,0,0
BSEIPO.BSE_IDX,01/07/2025,11:09:07,15488.27,0,0,0,0,0,0
BSEIPO.BSE_IDX,01/07/2025,11:09:15,15489.06,0,0,0,0,0,0
BSEIPO.BSE_IDX,01/07/2025,11:09:23,15488.61,0,0,0,0,0,0
BSEIPO.BSE_IDX,01/07/2025,11:09:31,15489.32,0,0,0,0,0,0
BSEIPO.BSE_IDX,01/07/2025,11:09:39,15489.62,0,0,0,0,0,0
BSEIPO.BSE_IDX,01/07/2025,11:09:46,15488.36,0,0,0,0,0,0
BSEIPO.BSE_IDX,01/07/2025,11:09:55,15488.1,0,0,0,0,0,0
BSEIPO.BSE_IDX,01/07/2025,11:10:03,15488.39,0,0,0,0,0,0
BSEIPO.BSE_IDX,01/07/2025,11:10:11,15487.9,0,0,0,0,0,0
BSEIPO.BSE_IDX,01/07/2025,11:10:19,15488.56,0,0,0,0,0,0
BSEIPO.BSE_IDX,01/07/2025,11:10:27,15489.6,0,0,0,0,0,0
BSEIPO.BSE_IDX,01/07/2025,11:10:35,15489.53,0,0,0,0,0,0
BSEIPO.BSE_IDX,01/07/2025,11:10:43,15488.85,0,0,0,0,0,0
BSEIPO.BSE_IDX,01/07/2025,11:10:51,15486.27,0,0,0,0,0,0
BSEIPO.BSE_IDX,01/07/2025,11:10:59,15488.87,0,0,0,0,0,0
BSEIPO.BSE_IDX,01/07/2025,11:11:07,15488.01,0,0,0,0,0,0
BSEIPO.BSE_IDX,01/07/2025,11:11:15,15487.82,0,0,0,0,0,0
BSEIPO.BSE_IDX,01/07/2025,11:11:23,15488.57,0,0,0,0,0,0
BSEIPO.BSE_IDX,01/07/2025,11:11:31,15489.72,0,0,0,0,0,0
BSEIPO.BSE_IDX,01/07/2025,11:11:39,15489.1,0,0,0,0,0,0
BSEIPO.BSE_IDX,01/07/2025,11:11:47,15491.24,0,0,0,0,0,0
BSEIPO.BSE_IDX,01/07/2025,11:11:55,15492.26,0,0,0,0,0,0
BSEIPO.BSE_IDX,01/07/2025,11:12:03,15491.52,0,0,0,0,0,0
BSEIPO.BSE_IDX,01/07/2025,11:12:11,15491.56,0,0,0,0,0,0
BSEIPO.BSE_IDX,01/07/2025,11:12:19,15491.11,0,0,0,0,0,0
BSEIPO.BSE_IDX,01/07/2025,11:12:27,15490.29,0,0,0,0,0,0
BSEIPO.BSE_IDX,01/07/2025,11:12:35,15489.91,0,0,0,0,0,0
BSEIPO.BSE_IDX,01/07/2025,11:12:43,15489.34,0,0,0,0,0,0
BSEIPO.BSE_IDX,01/07/2025,11:12:51,15490.12,0,0,0,0,0,0
BSEIPO.BSE_IDX,01/07/2025,11:12:59,15491.46,0,0,0,0,0,0
BSEIPO.BSE_IDX,01/07/2025,11:13:07,15493.33,0,0,0,0,0,0
BSEIPO.BSE_IDX,01/07/2025,11:13:16,15492.72,0,0,0,0,0,0
BSEIPO.BSE_IDX,01/07/2025,11:13:23,15493.82,0,0,0,0,0,0
BSEIPO.BSE_IDX,01/07/2025,11:13:31,15494.96,0,0,0,0,0,0
BSEIPO.BSE_IDX,01/07/2025,11:13:39,15495.52,0,0,0,0,0,0
BSEIPO.BSE_IDX,01/07/2025,11:13:47,15495.93,0,0,0,0,0,0
BSEIPO.BSE_IDX,01/07/2025,11:13:55,15493.75,0,0,0,0,0,0
BSEIPO.BSE_IDX,01/07/2025,11:14:03,15491.47,0,0,0,0,0,0
BSEIPO.BSE_IDX,01/07/2025,11:14:11,15491.9,0,0,0,0,0,0
BSEIPO.BSE_IDX,01/07/2025,11:14:19,15491.99,0,0,0,0,0,0
BSEIPO.BSE_IDX,01/07/2025,11:14:27,15491.98,0,0,0,0,0,0
BSEIPO.BSE_IDX,01/07/2025,11:14:35,15491.95,0,0,0,0,0,0
BSEIPO.BSE_IDX,01/07/2025,11:14:43,15493.15,0,0,0,0,0,0
BSEIPO.BSE_IDX,01/07/2025,11:14:51,15494.33,0,0,0,0,0,0
BSEIPO.BSE_IDX,01/07/2025,11:14:59,15496.14,0,0,0,0,0,0
BSEIPO.BSE_IDX,01/07/2025,11:15:07,15497.16,0,0,0,0,0,0
BSEIPO.BSE_IDX,01/07/2025,11:15:15,15497.7,0,0,0,0,0,0
BSEIPO.BSE_IDX,01/07/2025,11:15:23,15498.14,0,0,0,0,0,0
BSEIPO.BSE_IDX,01/07/2025,11:15:31,15497.82,0,0,0,0,0,0
BSEIPO.BSE_IDX,01/07/2025,11:15:39,15499.02,0,0,0,0,0,0
BSEIPO.BSE_IDX,01/07/2025,11:15:47,15498.79,0,0,0,0,0,0
BSEIPO.BSE_IDX,01/07/2025,11:15:56,15498.24,0,0,0,0,0,0
BSEIPO.BSE_IDX,01/07/2025,11:16:03,15496.95,0,0,0,0,0,0
BSEIPO.BSE_IDX,01/07/2025,11:16:11,15496.26,0,0,0,0,0,0
BSEIPO.BSE_IDX,01/07/2025,11:16:19,15495.33,0,0,0,0,0,0
BSEIPO.BSE_IDX,01/07/2025,11:16:27,15495.08,0,0,0,0,0,0
BSEIPO.BSE_IDX,01/07/2025,11:16:35,15496.98,0,0,0,0,0,0
BSEIPO.BSE_IDX,01/07/2025,11:16:43,15495.04,0,0,0,0,0,0
BSEIPO.BSE_IDX,01/07/2025,11:16:51,15495.75,0,0,0,0,0,0
BSEIPO.BSE_IDX,01/07/2025,11:16:59,15493.36,0,0,0,0,0,0
BSEIPO.BSE_IDX,01/07/2025,11:17:07,15493.5,0,0,0,0,0,0
BSEIPO.BSE_IDX,01/07/2025,11:17:15,15493.77,0,0,0,0,0,0
BSEIPO.BSE_IDX,01/07/2025,11:17:23,15494.28,0,0,0,0,0,0
BSEIPO.BSE_IDX,01/07/2025,11:17:31,15495.88,0,0,0,0,0,0
BSEIPO.BSE_IDX,01/07/2025,11:17:39,15496.01,0,0,0,0,0,0
BSEIPO.BSE_IDX,01/07/2025,11:17:47,15494.86,0,0,0,0,0,0
BSEIPO.BSE_IDX,01/07/2025,11:17:57,15494.5,0,0,0,0,0,0
BSEIPO.BSE_IDX,01/07/2025,11:18:03,15493.17,0,0,0,0,0,0
BSEIPO.BSE_IDX,01/07/2025,11:18:11,15493.9,0,0,0,0,0,0
BSEIPO.BSE_IDX,01/07/2025,11:18:19,15494.4,0,0,0,0,0,0
BSEIPO.BSE_IDX,01/07/2025,11:18:27,15494.27,0,0,0,0,0,0
BSEIPO.BSE_IDX,01/07/2025,11:18:35,15494.78,0,0,0,0,0,0
BSEIPO.BSE_IDX,01/07/2025,11:18:44,15494.88,0,0,0,0,0,0
BSEIPO.BSE_IDX,01/07/2025,11:18:51,15495.55,0,0,0,0,0,0
BSEIPO.BSE_IDX,01/07/2025,11:18:59,15495.82,0,0,0,0,0,0
BSEIPO.BSE_IDX,01/07/2025,11:19:08,15497.44,0,0,0,0,0,0
BSEIPO.BSE_IDX,01/07/2025,11:19:15,15495.42,0,0,0,0,0,0
BSEIPO.BSE_IDX,01/07/2025,11:19:23,15497.17,0,0,0,0,0,0
BSEIPO.BSE_IDX,01/07/2025,11:19:31,15495.55,0,0,0,0,0,0
BSEIPO.BSE_IDX,01/07/2025,11:19:39,15497.69,0,0,0,0,0,0
BSEIPO.BSE_IDX,01/07/2025,11:19:47,15495.94,0,0,0,0,0,0
BSEIPO.BSE_IDX,01/07/2025,11:19:55,15493.52,0,0,0,0,0,0
BSEIPO.BSE_IDX,01/07/2025,11:20:03,15494.02,0,0,0,0,0,0
BSEIPO.BSE_IDX,01/07/2025,11:20:11,15493.79,0,0,0,0,0,0
BSEIPO.BSE_IDX,01/07/2025,11:20:19,15494.88,0,0,0,0,0,0
BSEIPO.BSE_IDX,01/07/2025,11:20:27,15494.04,0,0,0,0,0,0
BSEIPO.BSE_IDX,01/07/2025,11:20:35,15493.44,0,0,0,0,0,0
BSEIPO.BSE_IDX,01/07/2025,11:20:43,15493.31,0,0,0,0,0,0
BSEIPO.BSE_IDX,01/07/2025,11:20:51,15494.34,0,0,0,0,0,0
BSEIPO.BSE_IDX,01/07/2025,11:20:59,15493.57,0,0,0,0,0,0
BSEIPO.BSE_IDX,01/07/2025,11:21:07,15496.4,0,0,0,0,0,0
BSEIPO.BSE_IDX,01/07/2025,11:21:15,15496.75,0,0,0,0,0,0
BSEIPO.BSE_IDX,01/07/2025,11:21:24,15497.19,0,0,0,0,0,0
BSEIPO.BSE_IDX,01/07/2025,11:21:31,15498.47,0,0,0,0,0,0
BSEIPO.BSE_IDX,01/07/2025,11:21:39,15498.23,0,0,0,0,0,0
BSEIPO.BSE_IDX,01/07/2025,11:21:47,15496.63,0,0,0,0,0,0
BSEIPO.BSE_IDX,01/07/2025,11:21:56,15496.28,0,0,0,0,0,0
BSEIPO.BSE_IDX,01/07/2025,11:22:03,15498.32,0,0,0,0,0,0
BSEIPO.BSE_IDX,01/07/2025,11:22:11,15498.07,0,0,0,0,0,0
BSEIPO.BSE_IDX,01/07/2025,11:22:19,15500.41,0,0,0,0,0,0
BSEIPO.BSE_IDX,01/07/2025,11:22:28,15498.81,0,0,0,0,0,0
BSEIPO.BSE_IDX,01/07/2025,11:22:35,15498.08,0,0,0,0,0,0
BSEIPO.BSE_IDX,01/07/2025,11:22:43,15495.07,0,0,0,0,0,0
BSEIPO.BSE_IDX,01/07/2025,11:22:51,15496.91,0,0,0,0,0,0
BSEIPO.BSE_IDX,01/07/2025,11:22:59,15496.23,0,0,0,0,0,0
BSEIPO.BSE_IDX,01/07/2025,11:23:07,15495.78,0,0,0,0,0,0
BSEIPO.BSE_IDX,01/07/2025,11:23:15,15494.99,0,0,0,0,0,0
BSEIPO.BSE_IDX,01/07/2025,11:23:23,15495.78,0,0,0,0,0,0
BSEIPO.BSE_IDX,01/07/2025,11:23:31,15495.9,0,0,0,0,0,0
BSEIPO.BSE_IDX,01/07/2025,11:23:39,15494.9,0,0,0,0,0,0
BSEIPO.BSE_IDX,01/07/2025,11:23:47,15493.6,0,0,0,0,0,0
BSEIPO.BSE_IDX,01/07/2025,11:23:55,15495.5,0,0,0,0,0,0
BSEIPO.BSE_IDX,01/07/2025,11:24:04,15495.45,0,0,0,0,0,0
BSEIPO.BSE_IDX,01/07/2025,11:24:11,15496.06,0,0,0,0,0,0
BSEIPO.BSE_IDX,01/07/2025,11:24:19,15496.63,0,0,0,0,0,0
BSEIPO.BSE_IDX,01/07/2025,11:24:27,15496,0,0,0,0,0,0
BSEIPO.BSE_IDX,01/07/2025,11:24:35,15496.57,0,0,0,0,0,0
BSEIPO.BSE_IDX,01/07/2025,11:24:43,15495.7,0,0,0,0,0,0
BSEIPO.BSE_IDX,01/07/2025,11:24:52,15494.41,0,0,0,0,0,0
BSEIPO.BSE_IDX,01/07/2025,11:25:00,15494.48,0,0,0,0,0,0
BSEIPO.BSE_IDX,01/07/2025,11:25:07,15495.48,0,0,0,0,0,0
BSEIPO.BSE_IDX,01/07/2025,11:25:15,15494.94,0,0,0,0,0,0
BSEIPO.BSE_IDX,01/07/2025,11:25:23,15497.41,0,0,0,0,0,0
BSEIPO.BSE_IDX,01/07/2025,11:25:31,15499.23,0,0,0,0,0,0
BSEIPO.BSE_IDX,01/07/2025,11:25:41,15499.5,0,0,0,0,0,0
BSEIPO.BSE_IDX,01/07/2025,11:25:47,15499.97,0,0,0,0,0,0
BSEIPO.BSE_IDX,01/07/2025,11:25:55,15498.77,0,0,0,0,0,0
BSEIPO.BSE_IDX,01/07/2025,11:26:03,15502.54,0,0,0,0,0,0
BSEIPO.BSE_IDX,01/07/2025,11:26:11,15505.19,0,0,0,0,0,0
BSEIPO.BSE_IDX,01/07/2025,11:26:19,15505.1,0,0,0,0,0,0
BSEIPO.BSE_IDX,01/07/2025,11:26:27,15505.04,0,0,0,0,0,0
BSEIPO.BSE_IDX,01/07/2025,11:26:35,15506.34,0,0,0,0,0,0
BSEIPO.BSE_IDX,01/07/2025,11:26:43,15505.84,0,0,0,0,0,0
BSEIPO.BSE_IDX,01/07/2025,11:26:51,15504.55,0,0,0,0,0,0
BSEIPO.BSE_IDX,01/07/2025,11:26:59,15508.27,0,0,0,0,0,0
BSEIPO.BSE_IDX,01/07/2025,11:27:07,15507.03,0,0,0,0,0,0
BSEIPO.BSE_IDX,01/07/2025,11:27:15,15504.75,0,0,0,0,0,0
BSEIPO.BSE_IDX,01/07/2025,11:27:23,15503.77,0,0,0,0,0,0
BSEIPO.BSE_IDX,01/07/2025,11:27:31,15503.69,0,0,0,0,0,0
BSEIPO.BSE_IDX,01/07/2025,11:27:39,15503.71,0,0,0,0,0,0
BSEIPO.BSE_IDX,01/07/2025,11:27:47,15502.12,0,0,0,0,0,0
BSEIPO.BSE_IDX,01/07/2025,11:27:55,15503.15,0,0,0,0,0,0
BSEIPO.BSE_IDX,01/07/2025,11:28:03,15504.22,0,0,0,0,0,0
BSEIPO.BSE_IDX,01/07/2025,11:28:11,15504.76,0,0,0,0,0,0
BSEIPO.BSE_IDX,01/07/2025,11:28:19,15505.71,0,0,0,0,0,0
BSEIPO.BSE_IDX,01/07/2025,11:28:27,15503.83,0,0,0,0,0,0
BSEIPO.BSE_IDX,01/07/2025,11:28:36,15503.85,0,0,0,0,0,0
BSEIPO.BSE_IDX,01/07/2025,11:28:43,15504.86,0,0,0,0,0,0
BSEIPO.BSE_IDX,01/07/2025,11:28:51,15504.98,0,0,0,0,0,0
BSEIPO.BSE_IDX,01/07/2025,11:28:59,15505.18,0,0,0,0,0,0
BSEIPO.BSE_IDX,01/07/2025,11:29:07,15507.65,0,0,0,0,0,0
BSEIPO.BSE_IDX,01/07/2025,11:29:16,15507.79,0,0,0,0,0,0
BSEIPO.BSE_IDX,01/07/2025,11:29:24,15506.77,0,0,0,0,0,0
BSEIPO.BSE_IDX,01/07/2025,11:29:31,15507.1,0,0,0,0,0,0
BSEIPO.BSE_IDX,01/07/2025,11:29:39,15510.23,0,0,0,0,0,0
BSEIPO.BSE_IDX,01/07/2025,11:29:47,15508.46,0,0,0,0,0,0
BSEIPO.BSE_IDX,01/07/2025,11:29:55,15508.7,0,0,0,0,0,0
BSEIPO.BSE_IDX,01/07/2025,11:30:03,15508.03,0,0,0,0,0,0
BSEIPO.BSE_IDX,01/07/2025,11:30:11,15508.26,0,0,0,0,0,0
BSEIPO.BSE_IDX,01/07/2025,11:30:19,15507.53,0,0,0,0,0,0
BSEIPO.BSE_IDX,01/07/2025,11:30:27,15509.62,0,0,0,0,0,0
BSEIPO.BSE_IDX,01/07/2025,11:30:35,15508.44,0,0,0,0,0,0
BSEIPO.BSE_IDX,01/07/2025,11:30:43,15505.6,0,0,0,0,0,0
BSEIPO.BSE_IDX,01/07/2025,11:30:51,15506.37,0,0,0,0,0,0
BSEIPO.BSE_IDX,01/07/2025,11:30:59,15507.59,0,0,0,0,0,0
BSEIPO.BSE_IDX,01/07/2025,11:31:07,15507.01,0,0,0,0,0,0
BSEIPO.BSE_IDX,01/07/2025,11:31:15,15507.47,0,0,0,0,0,0
BSEIPO.BSE_IDX,01/07/2025,11:31:23,15507.62,0,0,0,0,0,0
BSEIPO.BSE_IDX,01/07/2025,11:31:31,15507.44,0,0,0,0,0,0
BSEIPO.BSE_IDX,01/07/2025,11:31:39,15508.5,0,0,0,0,0,0
BSEIPO.BSE_IDX,01/07/2025,11:31:47,15506.53,0,0,0,0,0,0
BSEIPO.BSE_IDX,01/07/2025,11:31:55,15506.97,0,0,0,0,0,0
BSEIPO.BSE_IDX,01/07/2025,11:32:04,15507.86,0,0,0,0,0,0
BSEIPO.BSE_IDX,01/07/2025,11:32:11,15506.96,0,0,0,0,0,0
BSEIPO.BSE_IDX,01/07/2025,11:32:19,15509.37,0,0,0,0,0,0
BSEIPO.BSE_IDX,01/07/2025,11:32:27,15508.51,0,0,0,0,0,0
BSEIPO.BSE_IDX,01/07/2025,11:32:35,15509.59,0,0,0,0,0,0
BSEIPO.BSE_IDX,01/07/2025,11:32:43,15507.9,0,0,0,0,0,0
BSEIPO.BSE_IDX,01/07/2025,11:32:51,15507.68,0,0,0,0,0,0
BSEIPO.BSE_IDX,01/07/2025,11:32:59,15507.37,0,0,0,0,0,0
BSEIPO.BSE_IDX,01/07/2025,11:33:07,15507.11,0,0,0,0,0,0
BSEIPO.BSE_IDX,01/07/2025,11:33:15,15507.51,0,0,0,0,0,0
BSEIPO.BSE_IDX,01/07/2025,11:33:23,15507.17,0,0,0,0,0,0
BSEIPO.BSE_IDX,01/07/2025,11:33:31,15507,0,0,0,0,0,0
BSEIPO.BSE_IDX,01/07/2025,11:33:39,15504.8,0,0,0,0,0,0
BSEIPO.BSE_IDX,01/07/2025,11:33:47,15504.79,0,0,0,0,0,0
BSEIPO.BSE_IDX,01/07/2025,11:33:55,15505.21,0,0,0,0,0,0
BSEIPO.BSE_IDX,01/07/2025,11:34:03,15505.19,0,0,0,0,0,0
BSEIPO.BSE_IDX,01/07/2025,11:34:12,15506.03,0,0,0,0,0,0
BSEIPO.BSE_IDX,01/07/2025,11:34:19,15506.42,0,0,0,0,0,0
BSEIPO.BSE_IDX,01/07/2025,11:34:27,15507.34,0,0,0,0,0,0
BSEIPO.BSE_IDX,01/07/2025,11:34:35,15507.32,0,0,0,0,0,0
BSEIPO.BSE_IDX,01/07/2025,11:34:43,15507.36,0,0,0,0,0,0
BSEIPO.BSE_IDX,01/07/2025,11:34:51,15506.59,0,0,0,0,0,0
BSEIPO.BSE_IDX,01/07/2025,11:34:59,15506.31,0,0,0,0,0,0
BSEIPO.BSE_IDX,01/07/2025,11:35:07,15506.63,0,0,0,0,0,0
BSEIPO.BSE_IDX,01/07/2025,11:35:16,15504.11,0,0,0,0,0,0
BSEIPO.BSE_IDX,01/07/2025,11:35:23,15500.05,0,0,0,0,0,0
BSEIPO.BSE_IDX,01/07/2025,11:35:32,15501.05,0,0,0,0,0,0
BSEIPO.BSE_IDX,01/07/2025,11:35:39,15500.75,0,0,0,0,0,0
BSEIPO.BSE_IDX,01/07/2025,11:35:47,15502.57,0,0,0,0,0,0
BSEIPO.BSE_IDX,01/07/2025,11:35:55,15502.7,0,0,0,0,0,0
BSEIPO.BSE_IDX,01/07/2025,11:36:04,15501.79,0,0,0,0,0,0
BSEIPO.BSE_IDX,01/07/2025,11:36:11,15502.06,0,0,0,0,0,0
BSEIPO.BSE_IDX,01/07/2025,11:36:19,15501.86,0,0,0,0,0,0
BSEIPO.BSE_IDX,01/07/2025,11:36:28,15499.87,0,0,0,0,0,0
BSEIPO.BSE_IDX,01/07/2025,11:36:35,15498.62,0,0,0,0,0,0
BSEIPO.BSE_IDX,01/07/2025,11:36:43,15499.1,0,0,0,0,0,0
BSEIPO.BSE_IDX,01/07/2025,11:36:54,15498.71,0,0,0,0,0,0
BSEIPO.BSE_IDX,01/07/2025,11:36:59,15498.39,0,0,0,0,0,0
BSEIPO.BSE_IDX,01/07/2025,11:37:07,15499.25,0,0,0,0,0,0
BSEIPO.BSE_IDX,01/07/2025,11:37:15,15498.24,0,0,0,0,0,0
BSEIPO.BSE_IDX,01/07/2025,11:37:23,15497.38,0,0,0,0,0,0
BSEIPO.BSE_IDX,01/07/2025,11:37:31,15497.24,0,0,0,0,0,0
BSEIPO.BSE_IDX,01/07/2025,11:37:41,15498.09,0,0,0,0,0,0
BSEIPO.BSE_IDX,01/07/2025,11:37:47,15500.74,0,0,0,0,0,0
BSEIPO.BSE_IDX,01/07/2025,11:37:55,15499.42,0,0,0,0,0,0
BSEIPO.BSE_IDX,01/07/2025,11:38:03,15501.03,0,0,0,0,0,0
BSEIPO.BSE_IDX,01/07/2025,11:38:11,15502.98,0,0,0,0,0,0
BSEIPO.BSE_IDX,01/07/2025,11:38:20,15502.84,0,0,0,0,0,0
BSEIPO.BSE_IDX,01/07/2025,11:38:27,15503.08,0,0,0,0,0,0
BSEIPO.BSE_IDX,01/07/2025,11:38:35,15502.7,0,0,0,0,0,0
BSEIPO.BSE_IDX,01/07/2025,11:38:43,15503.61,0,0,0,0,0,0
BSEIPO.BSE_IDX,01/07/2025,11:38:51,15502.83,0,0,0,0,0,0
BSEIPO.BSE_IDX,01/07/2025,11:38:59,15500.16,0,0,0,0,0,0
BSEIPO.BSE_IDX,01/07/2025,11:39:07,15501.7,0,0,0,0,0,0
BSEIPO.BSE_IDX,01/07/2025,11:39:16,15505.81,0,0,0,0,0,0
BSEIPO.BSE_IDX,01/07/2025,11:39:23,15505.49,0,0,0,0,0,0
BSEIPO.BSE_IDX,01/07/2025,11:39:31,15503.06,0,0,0,0,0,0
BSEIPO.BSE_IDX,01/07/2025,11:39:39,15505,0,0,0,0,0,0
BSEIPO.BSE_IDX,01/07/2025,11:39:47,15504.45,0,0,0,0,0,0
BSEIPO.BSE_IDX,01/07/2025,11:39:55,15504.35,0,0,0,0,0,0
BSEIPO.BSE_IDX,01/07/2025,11:40:03,15504.1,0,0,0,0,0,0
BSEIPO.BSE_IDX,01/07/2025,11:40:11,15505.68,0,0,0,0,0,0
BSEIPO.BSE_IDX,01/07/2025,11:40:19,15504.53,0,0,0,0,0,0
BSEIPO.BSE_IDX,01/07/2025,11:40:27,15504.48,0,0,0,0,0,0
BSEIPO.BSE_IDX,01/07/2025,11:40:35,15504.85,0,0,0,0,0,0
BSEIPO.BSE_IDX,01/07/2025,11:40:43,15506.22,0,0,0,0,0,0
BSEIPO.BSE_IDX,01/07/2025,11:40:51,15506.74,0,0,0,0,0,0
BSEIPO.BSE_IDX,01/07/2025,11:41:00,15505.22,0,0,0,0,0,0
BSEIPO.BSE_IDX,01/07/2025,11:41:07,15505.71,0,0,0,0,0,0
BSEIPO.BSE_IDX,01/07/2025,11:41:15,15504.46,0,0,0,0,0,0
BSEIPO.BSE_IDX,01/07/2025,11:41:24,15504.75,0,0,0,0,0,0
BSEIPO.BSE_IDX,01/07/2025,11:41:32,15505.28,0,0,0,0,0,0
BSEIPO.BSE_IDX,01/07/2025,11:41:39,15504.61,0,0,0,0,0,0
BSEIPO.BSE_IDX,01/07/2025,11:41:48,15504.04,0,0,0,0,0,0
BSEIPO.BSE_IDX,01/07/2025,11:41:56,15503.33,0,0,0,0,0,0
BSEIPO.BSE_IDX,01/07/2025,11:42:04,15504.58,0,0,0,0,0,0
BSEIPO.BSE_IDX,01/07/2025,11:42:12,15503.78,0,0,0,0,0,0
BSEIPO.BSE_IDX,01/07/2025,11:42:20,15503.71,0,0,0,0,0,0
BSEIPO.BSE_IDX,01/07/2025,11:42:28,15504.1,0,0,0,0,0,0
BSEIPO.BSE_IDX,01/07/2025,11:42:36,15502.38,0,0,0,0,0,0
BSEIPO.BSE_IDX,01/07/2025,11:42:44,15502.27,0,0,0,0,0,0
BSEIPO.BSE_IDX,01/07/2025,11:42:52,15502.04,0,0,0,0,0,0
BSEIPO.BSE_IDX,01/07/2025,11:43:00,15502.09,0,0,0,0,0,0
BSEIPO.BSE_IDX,01/07/2025,11:43:08,15501.28,0,0,0,0,0,0
BSEIPO.BSE_IDX,01/07/2025,11:43:16,15500.91,0,0,0,0,0,0
BSEIPO.BSE_IDX,01/07/2025,11:43:24,15501.72,0,0,0,0,0,0
BSEIPO.BSE_IDX,01/07/2025,11:43:32,15502.54,0,0,0,0,0,0
BSEIPO.BSE_IDX,01/07/2025,11:43:40,15502.24,0,0,0,0,0,0
BSEIPO.BSE_IDX,01/07/2025,11:43:48,15502.59,0,0,0,0,0,0
BSEIPO.BSE_IDX,01/07/2025,11:43:56,15502.7,0,0,0,0,0,0
BSEIPO.BSE_IDX,01/07/2025,11:44:04,15502.88,0,0,0,0,0,0
BSEIPO.BSE_IDX,01/07/2025,11:44:12,15503.77,0,0,0,0,0,0
BSEIPO.BSE_IDX,01/07/2025,11:44:20,15502.31,0,0,0,0,0,0
BSEIPO.BSE_IDX,01/07/2025,11:44:28,15502.08,0,0,0,0,0,0
BSEIPO.BSE_IDX,01/07/2025,11:44:36,15501.87,0,0,0,0,0,0
BSEIPO.BSE_IDX,01/07/2025,11:44:44,15502.99,0,0,0,0,0,0
BSEIPO.BSE_IDX,01/07/2025,11:44:52,15503.07,0,0,0,0,0,0
BSEIPO.BSE_IDX,01/07/2025,11:45:00,15503.07,0,0,0,0,0,0
BSEIPO.BSE_IDX,01/07/2025,11:45:08,15502.71,0,0,0,0,0,0
BSEIPO.BSE_IDX,01/07/2025,11:45:16,15501.61,0,0,0,0,0,0
BSEIPO.BSE_IDX,01/07/2025,11:45:24,15500.85,0,0,0,0,0,0
BSEIPO.BSE_IDX,01/07/2025,11:45:32,15501.64,0,0,0,0,0,0
BSEIPO.BSE_IDX,01/07/2025,11:45:40,15501.92,0,0,0,0,0,0
BSEIPO.BSE_IDX,01/07/2025,11:45:48,15500.03,0,0,0,0,0,0
BSEIPO.BSE_IDX,01/07/2025,11:45:56,15501.13,0,0,0,0,0,0
BSEIPO.BSE_IDX,01/07/2025,11:46:04,15503.23,0,0,0,0,0,0
BSEIPO.BSE_IDX,01/07/2025,11:46:12,15503.47,0,0,0,0,0,0
BSEIPO.BSE_IDX,01/07/2025,11:46:20,15504.52,0,0,0,0,0,0
BSEIPO.BSE_IDX,01/07/2025,11:46:28,15505.2,0,0,0,0,0,0
BSEIPO.BSE_IDX,01/07/2025,11:46:36,15507.11,0,0,0,0,0,0
BSEIPO.BSE_IDX,01/07/2025,11:46:44,15508.34,0,0,0,0,0,0
BSEIPO.BSE_IDX,01/07/2025,11:46:52,15508.45,0,0,0,0,0,0
BSEIPO.BSE_IDX,01/07/2025,11:47:00,15507.76,0,0,0,0,0,0
BSEIPO.BSE_IDX,01/07/2025,11:47:08,15507.68,0,0,0,0,0,0
BSEIPO.BSE_IDX,01/07/2025,11:47:16,15507.12,0,0,0,0,0,0
BSEIPO.BSE_IDX,01/07/2025,11:47:24,15505.31,0,0,0,0,0,0
BSEIPO.BSE_IDX,01/07/2025,11:47:32,15504.87,0,0,0,0,0,0
BSEIPO.BSE_IDX,01/07/2025,11:47:40,15504.51,0,0,0,0,0,0
BSEIPO.BSE_IDX,01/07/2025,11:47:48,15504.04,0,0,0,0,0,0
BSEIPO.BSE_IDX,01/07/2025,11:47:56,15503.9,0,0,0,0,0,0
BSEIPO.BSE_IDX,01/07/2025,11:48:04,15502.95,0,0,0,0,0,0
BSEIPO.BSE_IDX,01/07/2025,11:48:12,15503.45,0,0,0,0,0,0
BSEIPO.BSE_IDX,01/07/2025,11:48:20,15503.41,0,0,0,0,0,0
BSEIPO.BSE_IDX,01/07/2025,11:48:28,15503.9,0,0,0,0,0,0
BSEIPO.BSE_IDX,01/07/2025,11:48:36,15502.38,0,0,0,0,0,0
BSEIPO.BSE_IDX,01/07/2025,11:48:44,15501.74,0,0,0,0,0,0
BSEIPO.BSE_IDX,01/07/2025,11:48:52,15502.84,0,0,0,0,0,0
BSEIPO.BSE_IDX,01/07/2025,11:49:01,15501.47,0,0,0,0,0,0
BSEIPO.BSE_IDX,01/07/2025,11:49:09,15501.66,0,0,0,0,0,0
BSEIPO.BSE_IDX,01/07/2025,11:49:16,15501.64,0,0,0,0,0,0
BSEIPO.BSE_IDX,01/07/2025,11:49:24,15501.75,0,0,0,0,0,0
BSEIPO.BSE_IDX,01/07/2025,11:49:32,15502.28,0,0,0,0,0,0
BSEIPO.BSE_IDX,01/07/2025,11:49:40,15502.5,0,0,0,0,0,0
BSEIPO.BSE_IDX,01/07/2025,11:49:49,15502.54,0,0,0,0,0,0
BSEIPO.BSE_IDX,01/07/2025,11:49:56,15501.31,0,0,0,0,0,0
BSEIPO.BSE_IDX,01/07/2025,11:50:04,15502,0,0,0,0,0,0
BSEIPO.BSE_IDX,01/07/2025,11:50:12,15501.53,0,0,0,0,0,0
BSEIPO.BSE_IDX,01/07/2025,11:50:20,15500.13,0,0,0,0,0,0
BSEIPO.BSE_IDX,01/07/2025,11:50:28,15501.47,0,0,0,0,0,0
BSEIPO.BSE_IDX,01/07/2025,11:50:36,15501.21,0,0,0,0,0,0
BSEIPO.BSE_IDX,01/07/2025,11:50:44,15501.55,0,0,0,0,0,0
BSEIPO.BSE_IDX,01/07/2025,11:50:52,15501.44,0,0,0,0,0,0
BSEIPO.BSE_IDX,01/07/2025,11:51:00,15502.1,0,0,0,0,0,0
BSEIPO.BSE_IDX,01/07/2025,11:51:08,15501.96,0,0,0,0,0,0
BSEIPO.BSE_IDX,01/07/2025,11:51:16,15501.85,0,0,0,0,0,0
BSEIPO.BSE_IDX,01/07/2025,11:51:24,15501.46,0,0,0,0,0,0
BSEIPO.BSE_IDX,01/07/2025,11:51:32,15499.48,0,0,0,0,0,0
BSEIPO.BSE_IDX,01/07/2025,11:51:40,15501.04,0,0,0,0,0,0
BSEIPO.BSE_IDX,01/07/2025,11:51:48,15502.28,0,0,0,0,0,0
BSEIPO.BSE_IDX,01/07/2025,11:51:56,15501.76,0,0,0,0,0,0
BSEIPO.BSE_IDX,01/07/2025,11:52:04,15503.83,0,0,0,0,0,0
BSEIPO.BSE_IDX,01/07/2025,11:52:12,15506.34,0,0,0,0,0,0
BSEIPO.BSE_IDX,01/07/2025,11:52:20,15506.55,0,0,0,0,0,0
BSEIPO.BSE_IDX,01/07/2025,11:52:28,15506.5,0,0,0,0,0,0
BSEIPO.BSE_IDX,01/07/2025,11:52:36,15506.11,0,0,0,0,0,0
BSEIPO.BSE_IDX,01/07/2025,11:52:44,15505.24,0,0,0,0,0,0
BSEIPO.BSE_IDX,01/07/2025,11:52:52,15503.14,0,0,0,0,0,0
BSEIPO.BSE_IDX,01/07/2025,11:53:00,15502.06,0,0,0,0,0,0
BSEIPO.BSE_IDX,01/07/2025,11:53:08,15503.2,0,0,0,0,0,0
BSEIPO.BSE_IDX,01/07/2025,11:53:16,15502.82,0,0,0,0,0,0
BSEIPO.BSE_IDX,01/07/2025,11:53:24,15503.24,0,0,0,0,0,0
BSEIPO.BSE_IDX,01/07/2025,11:53:32,15502.85,0,0,0,0,0,0
BSEIPO.BSE_IDX,01/07/2025,11:53:40,15503.82,0,0,0,0,0,0
BSEIPO.BSE_IDX,01/07/2025,11:53:48,15501.19,0,0,0,0,0,0
BSEIPO.BSE_IDX,01/07/2025,11:53:56,15499.6,0,0,0,0,0,0
BSEIPO.BSE_IDX,01/07/2025,11:54:04,15498.04,0,0,0,0,0,0
BSEIPO.BSE_IDX,01/07/2025,11:54:12,15495.3,0,0,0,0,0,0
BSEIPO.BSE_IDX,01/07/2025,11:54:20,15496.58,0,0,0,0,0,0
BSEIPO.BSE_IDX,01/07/2025,11:54:28,15496.87,0,0,0,0,0,0
BSEIPO.BSE_IDX,01/07/2025,11:54:36,15496.69,0,0,0,0,0,0
BSEIPO.BSE_IDX,01/07/2025,11:54:44,15493.66,0,0,0,0,0,0
BSEIPO.BSE_IDX,01/07/2025,11:54:52,15493.32,0,0,0,0,0,0
BSEIPO.BSE_IDX,01/07/2025,11:55:00,15493.66,0,0,0,0,0,0
BSEIPO.BSE_IDX,01/07/2025,11:55:08,15493.98,0,0,0,0,0,0
BSEIPO.BSE_IDX,01/07/2025,11:55:17,15492.86,0,0,0,0,0,0
BSEIPO.BSE_IDX,01/07/2025,11:55:24,15493.39,0,0,0,0,0,0
BSEIPO.BSE_IDX,01/07/2025,11:55:32,15493.94,0,0,0,0,0,0
BSEIPO.BSE_IDX,01/07/2025,11:55:40,15493.94,0,0,0,0,0,0
BSEIPO.BSE_IDX,01/07/2025,11:55:48,15493.08,0,0,0,0,0,0
BSEIPO.BSE_IDX,01/07/2025,11:55:56,15493.34,0,0,0,0,0,0
BSEIPO.BSE_IDX,01/07/2025,11:56:05,15492.77,0,0,0,0,0,0
BSEIPO.BSE_IDX,01/07/2025,11:56:12,15492.82,0,0,0,0,0,0
BSEIPO.BSE_IDX,01/07/2025,11:56:20,15490.87,0,0,0,0,0,0
BSEIPO.BSE_IDX,01/07/2025,11:56:28,15490.75,0,0,0,0,0,0
BSEIPO.BSE_IDX,01/07/2025,11:56:36,15490.28,0,0,0,0,0,0
BSEIPO.BSE_IDX,01/07/2025,11:56:44,15490.09,0,0,0,0,0,0
BSEIPO.BSE_IDX,01/07/2025,11:56:52,15488.85,0,0,0,0,0,0
BSEIPO.BSE_IDX,01/07/2025,11:57:00,15489.47,0,0,0,0,0,0
BSEIPO.BSE_IDX,01/07/2025,11:57:08,15488.14,0,0,0,0,0,0
BSEIPO.BSE_IDX,01/07/2025,11:57:16,15488.24,0,0,0,0,0,0
BSEIPO.BSE_IDX,01/07/2025,11:57:24,15488.26,0,0,0,0,0,0
BSEIPO.BSE_IDX,01/07/2025,11:57:32,15487.8,0,0,0,0,0,0
BSEIPO.BSE_IDX,01/07/2025,11:57:40,15484.61,0,0,0,0,0,0
BSEIPO.BSE_IDX,01/07/2025,11:57:48,15484.85,0,0,0,0,0,0
BSEIPO.BSE_IDX,01/07/2025,11:57:56,15484.52,0,0,0,0,0,0
BSEIPO.BSE_IDX,01/07/2025,11:58:04,15486.05,0,0,0,0,0,0
BSEIPO.BSE_IDX,01/07/2025,11:58:12,15485.73,0,0,0,0,0,0
BSEIPO.BSE_IDX,01/07/2025,11:58:20,15485.22,0,0,0,0,0,0
BSEIPO.BSE_IDX,01/07/2025,11:58:28,15485.36,0,0,0,0,0,0
BSEIPO.BSE_IDX,01/07/2025,11:58:36,15485.07,0,0,0,0,0,0
BSEIPO.BSE_IDX,01/07/2025,11:58:44,15484.93,0,0,0,0,0,0
BSEIPO.BSE_IDX,01/07/2025,11:58:52,15484.61,0,0,0,0,0,0
BSEIPO.BSE_IDX,01/07/2025,11:59:00,15484.98,0,0,0,0,0,0
BSEIPO.BSE_IDX,01/07/2025,11:59:08,15485.29,0,0,0,0,0,0
BSEIPO.BSE_IDX,01/07/2025,11:59:16,15484.54,0,0,0,0,0,0
BSEIPO.BSE_IDX,01/07/2025,11:59:24,15483.14,0,0,0,0,0,0
BSEIPO.BSE_IDX,01/07/2025,11:59:32,15484.42,0,0,0,0,0,0
BSEIPO.BSE_IDX,01/07/2025,11:59:40,15484.97,0,0,0,0,0,0
BSEIPO.BSE_IDX,01/07/2025,11:59:48,15485.18,0,0,0,0,0,0
BSEIPO.BSE_IDX,01/07/2025,11:59:56,15485.17,0,0,0,0,0,0
BSEIPO.BSE_IDX,01/07/2025,12:00:05,15484.73,0,0,0,0,0,0
BSEIPO.BSE_IDX,01/07/2025,12:00:12,15486,0,0,0,0,0,0
BSEIPO.BSE_IDX,01/07/2025,12:00:20,15489.09,0,0,0,0,0,0
BSEIPO.BSE_IDX,01/07/2025,12:00:28,15489.18,0,0,0,0,0,0
BSEIPO.BSE_IDX,01/07/2025,12:00:37,15489.47,0,0,0,0,0,0
BSEIPO.BSE_IDX,01/07/2025,12:00:44,15489.46,0,0,0,0,0,0
BSEIPO.BSE_IDX,01/07/2025,12:00:52,15489.31,0,0,0,0,0,0
BSEIPO.BSE_IDX,01/07/2025,12:01:00,15490.8,0,0,0,0,0,0
BSEIPO.BSE_IDX,01/07/2025,12:01:08,15487.98,0,0,0,0,0,0
BSEIPO.BSE_IDX,01/07/2025,12:01:16,15487.57,0,0,0,0,0,0
BSEIPO.BSE_IDX,01/07/2025,12:01:24,15488.9,0,0,0,0,0,0
BSEIPO.BSE_IDX,01/07/2025,12:01:32,15489.14,0,0,0,0,0,0
BSEIPO.BSE_IDX,01/07/2025,12:01:40,15488.16,0,0,0,0,0,0
BSEIPO.BSE_IDX,01/07/2025,12:01:48,15488.7,0,0,0,0,0,0
BSEIPO.BSE_IDX,01/07/2025,12:01:57,15489.07,0,0,0,0,0,0
BSEIPO.BSE_IDX,01/07/2025,12:02:04,15489.82,0,0,0,0,0,0
BSEIPO.BSE_IDX,01/07/2025,12:02:12,15489.52,0,0,0,0,0,0
BSEIPO.BSE_IDX,01/07/2025,12:02:20,15490.9,0,0,0,0,0,0
BSEIPO.BSE_IDX,01/07/2025,12:02:28,15491.53,0,0,0,0,0,0
BSEIPO.BSE_IDX,01/07/2025,12:02:36,15491.41,0,0,0,0,0,0
BSEIPO.BSE_IDX,01/07/2025,12:02:44,15491.24,0,0,0,0,0,0
BSEIPO.BSE_IDX,01/07/2025,12:02:52,15491.21,0,0,0,0,0,0
BSEIPO.BSE_IDX,01/07/2025,12:03:00,15490.63,0,0,0,0,0,0
BSEIPO.BSE_IDX,01/07/2025,12:03:08,15490.56,0,0,0,0,0,0
BSEIPO.BSE_IDX,01/07/2025,12:03:17,15490.48,0,0,0,0,0,0
BSEIPO.BSE_IDX,01/07/2025,12:03:24,15490.34,0,0,0,0,0,0
BSEIPO.BSE_IDX,01/07/2025,12:03:32,15490.09,0,0,0,0,0,0
BSEIPO.BSE_IDX,01/07/2025,12:03:40,15489.28,0,0,0,0,0,0
BSEIPO.BSE_IDX,01/07/2025,12:03:48,15490.73,0,0,0,0,0,0
BSEIPO.BSE_IDX,01/07/2025,12:03:56,15489.95,0,0,0,0,0,0
BSEIPO.BSE_IDX,01/07/2025,12:04:04,15490.01,0,0,0,0,0,0
BSEIPO.BSE_IDX,01/07/2025,12:04:12,15489.95,0,0,0,0,0,0
BSEIPO.BSE_IDX,01/07/2025,12:04:20,15490.74,0,0,0,0,0,0
BSEIPO.BSE_IDX,01/07/2025,12:04:28,15490.05,0,0,0,0,0,0
BSEIPO.BSE_IDX,01/07/2025,12:04:36,15491.58,0,0,0,0,0,0
BSEIPO.BSE_IDX,01/07/2025,12:04:44,15492.2,0,0,0,0,0,0
BSEIPO.BSE_IDX,01/07/2025,12:04:52,15488.71,0,0,0,0,0,0
BSEIPO.BSE_IDX,01/07/2025,12:05:01,15489.65,0,0,0,0,0,0
BSEIPO.BSE_IDX,01/07/2025,12:05:08,15489.55,0,0,0,0,0,0
BSEIPO.BSE_IDX,01/07/2025,12:05:16,15489.62,0,0,0,0,0,0
BSEIPO.BSE_IDX,01/07/2025,12:05:24,15490.95,0,0,0,0,0,0
BSEIPO.BSE_IDX,01/07/2025,12:05:32,15491.83,0,0,0,0,0,0
BSEIPO.BSE_IDX,01/07/2025,12:05:40,15491.87,0,0,0,0,0,0
BSEIPO.BSE_IDX,01/07/2025,12:05:48,15491.88,0,0,0,0,0,0
BSEIPO.BSE_IDX,01/07/2025,12:05:56,15491.66,0,0,0,0,0,0
BSEIPO.BSE_IDX,01/07/2025,12:06:04,15490.63,0,0,0,0,0,0
BSEIPO.BSE_IDX,01/07/2025,12:06:12,15490.54,0,0,0,0,0,0
BSEIPO.BSE_IDX,01/07/2025,12:06:20,15491.03,0,0,0,0,0,0
BSEIPO.BSE_IDX,01/07/2025,12:06:28,15491.64,0,0,0,0,0,0
BSEIPO.BSE_IDX,01/07/2025,12:06:36,15490.31,0,0,0,0,0,0
BSEIPO.BSE_IDX,01/07/2025,12:06:44,15490.61,0,0,0,0,0,0
BSEIPO.BSE_IDX,01/07/2025,12:06:53,15490.72,0,0,0,0,0,0
BSEIPO.BSE_IDX,01/07/2025,12:07:00,15490.61,0,0,0,0,0,0
BSEIPO.BSE_IDX,01/07/2025,12:07:08,15490.29,0,0,0,0,0,0
BSEIPO.BSE_IDX,01/07/2025,12:07:16,15490.3,0,0,0,0,0,0
BSEIPO.BSE_IDX,01/07/2025,12:07:24,15490.93,0,0,0,0,0,0
BSEIPO.BSE_IDX,01/07/2025,12:07:32,15489.35,0,0,0,0,0,0
BSEIPO.BSE_IDX,01/07/2025,12:07:40,15487.22,0,0,0,0,0,0
BSEIPO.BSE_IDX,01/07/2025,12:07:48,15489.6,0,0,0,0,0,0
BSEIPO.BSE_IDX,01/07/2025,12:07:56,15489.97,0,0,0,0,0,0
BSEIPO.BSE_IDX,01/07/2025,12:08:04,15490.33,0,0,0,0,0,0
BSEIPO.BSE_IDX,01/07/2025,12:08:12,15490.45,0,0,0,0,0,0
BSEIPO.BSE_IDX,01/07/2025,12:08:20,15492.21,0,0,0,0,0,0
BSEIPO.BSE_IDX,01/07/2025,12:08:28,15492.32,0,0,0,0,0,0
BSEIPO.BSE_IDX,01/07/2025,12:08:36,15491.4,0,0,0,0,0,0
BSEIPO.BSE_IDX,01/07/2025,12:08:44,15491.06,0,0,0,0,0,0
BSEIPO.BSE_IDX,01/07/2025,12:08:52,15492,0,0,0,0,0,0
BSEIPO.BSE_IDX,01/07/2025,12:09:00,15493.34,0,0,0,0,0,0
BSEIPO.BSE_IDX,01/07/2025,12:09:08,15493.22,0,0,0,0,0,0
BSEIPO.BSE_IDX,01/07/2025,12:09:16,15492.18,0,0,0,0,0,0
BSEIPO.BSE_IDX,01/07/2025,12:09:25,15491.95,0,0,0,0,0,0
BSEIPO.BSE_IDX,01/07/2025,12:09:32,15492.27,0,0,0,0,0,0
BSEIPO.BSE_IDX,01/07/2025,12:09:40,15492.45,0,0,0,0,0,0
BSEIPO.BSE_IDX,01/07/2025,12:09:48,15492.45,0,0,0,0,0,0
BSEIPO.BSE_IDX,01/07/2025,12:09:57,15491.03,0,0,0,0,0,0
BSEIPO.BSE_IDX,01/07/2025,12:10:05,15488.38,0,0,0,0,0,0
BSEIPO.BSE_IDX,01/07/2025,12:10:13,15492.11,0,0,0,0,0,0
BSEIPO.BSE_IDX,01/07/2025,12:10:22,15488.97,0,0,0,0,0,0
BSEIPO.BSE_IDX,01/07/2025,12:10:28,15489.43,0,0,0,0,0,0
BSEIPO.BSE_IDX,01/07/2025,12:10:36,15491.81,0,0,0,0,0,0
BSEIPO.BSE_IDX,01/07/2025,12:10:45,15492.93,0,0,0,0,0,0
BSEIPO.BSE_IDX,01/07/2025,12:10:52,15492.97,0,0,0,0,0,0
BSEIPO.BSE_IDX,01/07/2025,12:11:00,15491.49,0,0,0,0,0,0
BSEIPO.BSE_IDX,01/07/2025,12:11:08,15488.11,0,0,0,0,0,0
BSEIPO.BSE_IDX,01/07/2025,12:11:17,15488.88,0,0,0,0,0,0
BSEIPO.BSE_IDX,01/07/2025,12:11:24,15490.35,0,0,0,0,0,0
BSEIPO.BSE_IDX,01/07/2025,12:11:32,15491.69,0,0,0,0,0,0
BSEIPO.BSE_IDX,01/07/2025,12:11:40,15492.07,0,0,0,0,0,0
BSEIPO.BSE_IDX,01/07/2025,12:11:49,15493.05,0,0,0,0,0,0
BSEIPO.BSE_IDX,01/07/2025,12:11:57,15492.14,0,0,0,0,0,0
BSEIPO.BSE_IDX,01/07/2025,12:12:05,15492.06,0,0,0,0,0,0
BSEIPO.BSE_IDX,01/07/2025,12:12:13,15491.56,0,0,0,0,0,0
BSEIPO.BSE_IDX,01/07/2025,12:12:21,15492.91,0,0,0,0,0,0
BSEIPO.BSE_IDX,01/07/2025,12:12:29,15491.89,0,0,0,0,0,0
BSEIPO.BSE_IDX,01/07/2025,12:12:37,15491.29,0,0,0,0,0,0
BSEIPO.BSE_IDX,01/07/2025,12:12:45,15497.92,0,0,0,0,0,0
BSEIPO.BSE_IDX,01/07/2025,12:12:53,15496.82,0,0,0,0,0,0
BSEIPO.BSE_IDX,01/07/2025,12:13:01,15496.91,0,0,0,0,0,0
BSEIPO.BSE_IDX,01/07/2025,12:13:09,15497.23,0,0,0,0,0,0
BSEIPO.BSE_IDX,01/07/2025,12:13:17,15497.12,0,0,0,0,0,0
BSEIPO.BSE_IDX,01/07/2025,12:13:25,15497.18,0,0,0,0,0,0
BSEIPO.BSE_IDX,01/07/2025,12:13:33,15497.24,0,0,0,0,0,0
BSEIPO.BSE_IDX,01/07/2025,12:13:41,15497.45,0,0,0,0,0,0
BSEIPO.BSE_IDX,01/07/2025,12:13:49,15498.14,0,0,0,0,0,0
BSEIPO.BSE_IDX,01/07/2025,12:13:57,15498.49,0,0,0,0,0,0
BSEIPO.BSE_IDX,01/07/2025,12:14:05,15497.67,0,0,0,0,0,0
BSEIPO.BSE_IDX,01/07/2025,12:14:13,15498.08,0,0,0,0,0,0
BSEIPO.BSE_IDX,01/07/2025,12:14:21,15498.78,0,0,0,0,0,0
BSEIPO.BSE_IDX,01/07/2025,12:14:29,15497.13,0,0,0,0,0,0
BSEIPO.BSE_IDX,01/07/2025,12:14:37,15497.06,0,0,0,0,0,0
BSEIPO.BSE_IDX,01/07/2025,12:14:46,15496.63,0,0,0,0,0,0
BSEIPO.BSE_IDX,01/07/2025,12:14:54,15497.37,0,0,0,0,0,0
BSEIPO.BSE_IDX,01/07/2025,12:15:01,15497.43,0,0,0,0,0,0
BSEIPO.BSE_IDX,01/07/2025,12:15:09,15495.95,0,0,0,0,0,0
BSEIPO.BSE_IDX,01/07/2025,12:15:17,15495.86,0,0,0,0,0,0
BSEIPO.BSE_IDX,01/07/2025,12:15:25,15496.32,0,0,0,0,0,0
BSEIPO.BSE_IDX,01/07/2025,12:15:33,15497.42,0,0,0,0,0,0
BSEIPO.BSE_IDX,01/07/2025,12:15:41,15496.8,0,0,0,0,0,0
BSEIPO.BSE_IDX,01/07/2025,12:15:49,15497.17,0,0,0,0,0,0
BSEIPO.BSE_IDX,01/07/2025,12:15:57,15498.17,0,0,0,0,0,0
BSEIPO.BSE_IDX,01/07/2025,12:16:05,15498.84,0,0,0,0,0,0
BSEIPO.BSE_IDX,01/07/2025,12:16:13,15500.2,0,0,0,0,0,0
BSEIPO.BSE_IDX,01/07/2025,12:16:21,15499.91,0,0,0,0,0,0
BSEIPO.BSE_IDX,01/07/2025,12:16:29,15498.55,0,0,0,0,0,0
BSEIPO.BSE_IDX,01/07/2025,12:16:37,15499.17,0,0,0,0,0,0
BSEIPO.BSE_IDX,01/07/2025,12:16:45,15499.88,0,0,0,0,0,0
BSEIPO.BSE_IDX,01/07/2025,12:16:53,15500.9,0,0,0,0,0,0
BSEIPO.BSE_IDX,01/07/2025,12:17:01,15500.94,0,0,0,0,0,0
BSEIPO.BSE_IDX,01/07/2025,12:17:09,15502.84,0,0,0,0,0,0
BSEIPO.BSE_IDX,01/07/2025,12:17:17,15503.39,0,0,0,0,0,0
BSEIPO.BSE_IDX,01/07/2025,12:17:25,15504.09,0,0,0,0,0,0
BSEIPO.BSE_IDX,01/07/2025,12:17:33,15504.11,0,0,0,0,0,0
BSEIPO.BSE_IDX,01/07/2025,12:17:41,15504.29,0,0,0,0,0,0
BSEIPO.BSE_IDX,01/07/2025,12:17:49,15504.22,0,0,0,0,0,0
BSEIPO.BSE_IDX,01/07/2025,12:17:57,15504.89,0,0,0,0,0,0
BSEIPO.BSE_IDX,01/07/2025,12:18:05,15504.56,0,0,0,0,0,0
BSEIPO.BSE_IDX,01/07/2025,12:18:13,15504.46,0,0,0,0,0,0
BSEIPO.BSE_IDX,01/07/2025,12:18:21,15502.53,0,0,0,0,0,0
BSEIPO.BSE_IDX,01/07/2025,12:18:29,15502.33,0,0,0,0,0,0
BSEIPO.BSE_IDX,01/07/2025,12:18:37,15502.67,0,0,0,0,0,0
BSEIPO.BSE_IDX,01/07/2025,12:18:45,15504.41,0,0,0,0,0,0
BSEIPO.BSE_IDX,01/07/2025,12:18:53,15504.21,0,0,0,0,0,0
BSEIPO.BSE_IDX,01/07/2025,12:19:01,15503.63,0,0,0,0,0,0
BSEIPO.BSE_IDX,01/07/2025,12:19:09,15503.04,0,0,0,0,0,0
BSEIPO.BSE_IDX,01/07/2025,12:19:17,15502.07,0,0,0,0,0,0
BSEIPO.BSE_IDX,01/07/2025,12:19:25,15502.4,0,0,0,0,0,0
BSEIPO.BSE_IDX,01/07/2025,12:19:33,15502.53,0,0,0,0,0,0
BSEIPO.BSE_IDX,01/07/2025,12:19:41,15503.52,0,0,0,0,0,0
BSEIPO.BSE_IDX,01/07/2025,12:19:49,15503.46,0,0,0,0,0,0
BSEIPO.BSE_IDX,01/07/2025,12:19:57,15503.9,0,0,0,0,0,0
BSEIPO.BSE_IDX,01/07/2025,12:20:05,15503.05,0,0,0,0,0,0
BSEIPO.BSE_IDX,01/07/2025,12:20:13,15503.1,0,0,0,0,0,0
BSEIPO.BSE_IDX,01/07/2025,12:20:21,15502.05,0,0,0,0,0,0
BSEIPO.BSE_IDX,01/07/2025,12:20:29,15501.78,0,0,0,0,0,0
BSEIPO.BSE_IDX,01/07/2025,12:20:37,15502.82,0,0,0,0,0,0
BSEIPO.BSE_IDX,01/07/2025,12:20:45,15503.7,0,0,0,0,0,0
BSEIPO.BSE_IDX,01/07/2025,12:20:53,15503.45,0,0,0,0,0,0
BSEIPO.BSE_IDX,01/07/2025,12:21:01,15503.9,0,0,0,0,0,0
BSEIPO.BSE_IDX,01/07/2025,12:21:09,15503.44,0,0,0,0,0,0
BSEIPO.BSE_IDX,01/07/2025,12:21:17,15503.27,0,0,0,0,0,0
BSEIPO.BSE_IDX,01/07/2025,12:21:25,15503.58,0,0,0,0,0,0
BSEIPO.BSE_IDX,01/07/2025,12:21:33,15503.9,0,0,0,0,0,0
BSEIPO.BSE_IDX,01/07/2025,12:21:41,15505.66,0,0,0,0,0,0
BSEIPO.BSE_IDX,01/07/2025,12:21:49,15506.38,0,0,0,0,0,0
BSEIPO.BSE_IDX,01/07/2025,12:21:57,15506.97,0,0,0,0,0,0
BSEIPO.BSE_IDX,01/07/2025,12:22:05,15506.44,0,0,0,0,0,0
BSEIPO.BSE_IDX,01/07/2025,12:22:13,15505.26,0,0,0,0,0,0
BSEIPO.BSE_IDX,01/07/2025,12:22:21,15504.63,0,0,0,0,0,0
BSEIPO.BSE_IDX,01/07/2025,12:22:29,15503.24,0,0,0,0,0,0
BSEIPO.BSE_IDX,01/07/2025,12:22:37,15503.86,0,0,0,0,0,0
BSEIPO.BSE_IDX,01/07/2025,12:22:45,15503.58,0,0,0,0,0,0
BSEIPO.BSE_IDX,01/07/2025,12:22:53,15503.19,0,0,0,0,0,0
BSEIPO.BSE_IDX,01/07/2025,12:23:02,15502.54,0,0,0,0,0,0
BSEIPO.BSE_IDX,01/07/2025,12:23:09,15500.68,0,0,0,0,0,0
BSEIPO.BSE_IDX,01/07/2025,12:23:17,15501.34,0,0,0,0,0,0
BSEIPO.BSE_IDX,01/07/2025,12:23:25,15502.19,0,0,0,0,0,0
BSEIPO.BSE_IDX,01/07/2025,12:23:33,15502.44,0,0,0,0,0,0
BSEIPO.BSE_IDX,01/07/2025,12:23:41,15502.72,0,0,0,0,0,0
BSEIPO.BSE_IDX,01/07/2025,12:23:49,15503.81,0,0,0,0,0,0
BSEIPO.BSE_IDX,01/07/2025,12:23:57,15504.2,0,0,0,0,0,0
BSEIPO.BSE_IDX,01/07/2025,12:24:05,15502.47,0,0,0,0,0,0
BSEIPO.BSE_IDX,01/07/2025,12:24:13,15502.12,0,0,0,0,0,0
BSEIPO.BSE_IDX,01/07/2025,12:24:21,15501.99,0,0,0,0,0,0
BSEIPO.BSE_IDX,01/07/2025,12:24:29,15501.97,0,0,0,0,0,0
BSEIPO.BSE_IDX,01/07/2025,12:24:37,15501.16,0,0,0,0,0,0
BSEIPO.BSE_IDX,01/07/2025,12:24:45,15501.72,0,0,0,0,0,0
BSEIPO.BSE_IDX,01/07/2025,12:24:53,15501.04,0,0,0,0,0,0
BSEIPO.BSE_IDX,01/07/2025,12:25:01,15501.82,0,0,0,0,0,0
BSEIPO.BSE_IDX,01/07/2025,12:25:09,15500.16,0,0,0,0,0,0
BSEIPO.BSE_IDX,01/07/2025,12:25:17,15500.62,0,0,0,0,0,0
BSEIPO.BSE_IDX,01/07/2025,12:25:25,15501.23,0,0,0,0,0,0
BSEIPO.BSE_IDX,01/07/2025,12:25:33,15501.39,0,0,0,0,0,0
BSEIPO.BSE_IDX,01/07/2025,12:25:41,15501.65,0,0,0,0,0,0
BSEIPO.BSE_IDX,01/07/2025,12:25:49,15501.37,0,0,0,0,0,0
BSEIPO.BSE_IDX,01/07/2025,12:25:57,15501.27,0,0,0,0,0,0
BSEIPO.BSE_IDX,01/07/2025,12:26:05,15502.56,0,0,0,0,0,0
BSEIPO.BSE_IDX,01/07/2025,12:26:13,15502.49,0,0,0,0,0,0
BSEIPO.BSE_IDX,01/07/2025,12:26:21,15502.08,0,0,0,0,0,0
BSEIPO.BSE_IDX,01/07/2025,12:26:31,15502.38,0,0,0,0,0,0
BSEIPO.BSE_IDX,01/07/2025,12:26:37,15501.3,0,0,0,0,0,0
BSEIPO.BSE_IDX,01/07/2025,12:26:45,15499.81,0,0,0,0,0,0
BSEIPO.BSE_IDX,01/07/2025,12:26:53,15499.82,0,0,0,0,0,0
BSEIPO.BSE_IDX,01/07/2025,12:27:01,15497.79,0,0,0,0,0,0
BSEIPO.BSE_IDX,01/07/2025,12:27:09,15497.8,0,0,0,0,0,0
BSEIPO.BSE_IDX,01/07/2025,12:27:17,15495.41,0,0,0,0,0,0
BSEIPO.BSE_IDX,01/07/2025,12:27:25,15495.84,0,0,0,0,0,0
BSEIPO.BSE_IDX,01/07/2025,12:27:33,15495.45,0,0,0,0,0,0
BSEIPO.BSE_IDX,01/07/2025,12:27:41,15496.64,0,0,0,0,0,0
BSEIPO.BSE_IDX,01/07/2025,12:27:49,15496.87,0,0,0,0,0,0
BSEIPO.BSE_IDX,01/07/2025,12:27:57,15499.01,0,0,0,0,0,0
BSEIPO.BSE_IDX,01/07/2025,12:28:05,15500.14,0,0,0,0,0,0
BSEIPO.BSE_IDX,01/07/2025,12:28:13,15499.64,0,0,0,0,0,0
BSEIPO.BSE_IDX,01/07/2025,12:28:21,15498.85,0,0,0,0,0,0
BSEIPO.BSE_IDX,01/07/2025,12:28:29,15497.79,0,0,0,0,0,0
BSEIPO.BSE_IDX,01/07/2025,12:28:37,15497.62,0,0,0,0,0,0
BSEIPO.BSE_IDX,01/07/2025,12:28:45,15498.02,0,0,0,0,0,0
BSEIPO.BSE_IDX,01/07/2025,12:28:53,15497.49,0,0,0,0,0,0
BSEIPO.BSE_IDX,01/07/2025,12:29:01,15497.3,0,0,0,0,0,0
BSEIPO.BSE_IDX,01/07/2025,12:29:10,15497.11,0,0,0,0,0,0
BSEIPO.BSE_IDX,01/07/2025,12:29:18,15496.19,0,0,0,0,0,0
BSEIPO.BSE_IDX,01/07/2025,12:29:25,15495.92,0,0,0,0,0,0
BSEIPO.BSE_IDX,01/07/2025,12:29:33,15496.12,0,0,0,0,0,0
BSEIPO.BSE_IDX,01/07/2025,12:29:41,15497.8,0,0,0,0,0,0
BSEIPO.BSE_IDX,01/07/2025,12:29:49,15496.91,0,0,0,0,0,0
BSEIPO.BSE_IDX,01/07/2025,12:29:57,15495.32,0,0,0,0,0,0
BSEIPO.BSE_IDX,01/07/2025,12:30:05,15496.09,0,0,0,0,0,0
BSEIPO.BSE_IDX,01/07/2025,12:30:13,15496.67,0,0,0,0,0,0
BSEIPO.BSE_IDX,01/07/2025,12:30:22,15498.86,0,0,0,0,0,0
BSEIPO.BSE_IDX,01/07/2025,12:30:29,15500.5,0,0,0,0,0,0
BSEIPO.BSE_IDX,01/07/2025,12:30:37,15499.35,0,0,0,0,0,0
BSEIPO.BSE_IDX,01/07/2025,12:30:45,15498.82,0,0,0,0,0,0
BSEIPO.BSE_IDX,01/07/2025,12:30:53,15498.61,0,0,0,0,0,0
BSEIPO.BSE_IDX,01/07/2025,12:31:01,15497.52,0,0,0,0,0,0
BSEIPO.BSE_IDX,01/07/2025,12:31:09,15497.51,0,0,0,0,0,0
BSEIPO.BSE_IDX,01/07/2025,12:31:17,15497.39,0,0,0,0,0,0
BSEIPO.BSE_IDX,01/07/2025,12:31:25,15497.35,0,0,0,0,0,0
BSEIPO.BSE_IDX,01/07/2025,12:31:34,15497.75,0,0,0,0,0,0
BSEIPO.BSE_IDX,01/07/2025,12:31:41,15496.56,0,0,0,0,0,0
BSEIPO.BSE_IDX,01/07/2025,12:31:49,15496.94,0,0,0,0,0,0
BSEIPO.BSE_IDX,01/07/2025,12:31:57,15496.38,0,0,0,0,0,0
BSEIPO.BSE_IDX,01/07/2025,12:32:05,15496.43,0,0,0,0,0,0
BSEIPO.BSE_IDX,01/07/2025,12:32:13,15496.35,0,0,0,0,0,0
BSEIPO.BSE_IDX,01/07/2025,12:32:21,15496.09,0,0,0,0,0,0
BSEIPO.BSE_IDX,01/07/2025,12:32:29,15496.02,0,0,0,0,0,0
BSEIPO.BSE_IDX,01/07/2025,12:32:37,15496,0,0,0,0,0,0
BSEIPO.BSE_IDX,01/07/2025,12:32:45,15493.65,0,0,0,0,0,0
BSEIPO.BSE_IDX,01/07/2025,12:32:53,15492.97,0,0,0,0,0,0
BSEIPO.BSE_IDX,01/07/2025,12:33:01,15492.75,0,0,0,0,0,0
BSEIPO.BSE_IDX,01/07/2025,12:33:09,15492.34,0,0,0,0,0,0
BSEIPO.BSE_IDX,01/07/2025,12:33:17,15494,0,0,0,0,0,0
BSEIPO.BSE_IDX,01/07/2025,12:33:26,15493.9,0,0,0,0,0,0
BSEIPO.BSE_IDX,01/07/2025,12:33:33,15494.7,0,0,0,0,0,0
BSEIPO.BSE_IDX,01/07/2025,12:33:41,15494.16,0,0,0,0,0,0
BSEIPO.BSE_IDX,01/07/2025,12:33:49,15493.04,0,0,0,0,0,0
BSEIPO.BSE_IDX,01/07/2025,12:33:57,15494.77,0,0,0,0,0,0
BSEIPO.BSE_IDX,01/07/2025,12:34:05,15495.73,0,0,0,0,0,0
BSEIPO.BSE_IDX,01/07/2025,12:34:13,15496.38,0,0,0,0,0,0
BSEIPO.BSE_IDX,01/07/2025,12:34:21,15496.39,0,0,0,0,0,0
BSEIPO.BSE_IDX,01/07/2025,12:34:29,15496.42,0,0,0,0,0,0
BSEIPO.BSE_IDX,01/07/2025,12:34:37,15497.23,0,0,0,0,0,0
BSEIPO.BSE_IDX,01/07/2025,12:34:45,15496.87,0,0,0,0,0,0
BSEIPO.BSE_IDX,01/07/2025,12:34:53,15497.39,0,0,0,0,0,0
BSEIPO.BSE_IDX,01/07/2025,12:35:01,15497.08,0,0,0,0,0,0
BSEIPO.BSE_IDX,01/07/2025,12:35:09,15496.32,0,0,0,0,0,0
BSEIPO.BSE_IDX,01/07/2025,12:35:17,15496.01,0,0,0,0,0,0
BSEIPO.BSE_IDX,01/07/2025,12:35:25,15496.79,0,0,0,0,0,0
BSEIPO.BSE_IDX,01/07/2025,12:35:33,15496.46,0,0,0,0,0,0
BSEIPO.BSE_IDX,01/07/2025,12:35:41,15496.76,0,0,0,0,0,0
BSEIPO.BSE_IDX,01/07/2025,12:35:49,15496.65,0,0,0,0,0,0
BSEIPO.BSE_IDX,01/07/2025,12:35:57,15497.87,0,0,0,0,0,0
BSEIPO.BSE_IDX,01/07/2025,12:36:05,15496.88,0,0,0,0,0,0
BSEIPO.BSE_IDX,01/07/2025,12:36:13,15496.78,0,0,0,0,0,0
BSEIPO.BSE_IDX,01/07/2025,12:36:21,15498.27,0,0,0,0,0,0
BSEIPO.BSE_IDX,01/07/2025,12:36:29,15498.15,0,0,0,0,0,0
BSEIPO.BSE_IDX,01/07/2025,12:36:37,15497.11,0,0,0,0,0,0
BSEIPO.BSE_IDX,01/07/2025,12:36:45,15496.65,0,0,0,0,0,0
BSEIPO.BSE_IDX,01/07/2025,12:36:53,15497.36,0,0,0,0,0,0
BSEIPO.BSE_IDX,01/07/2025,12:37:01,15496.71,0,0,0,0,0,0
BSEIPO.BSE_IDX,01/07/2025,12:37:09,15497.35,0,0,0,0,0,0
BSEIPO.BSE_IDX,01/07/2025,12:37:17,15497.63,0,0,0,0,0,0
BSEIPO.BSE_IDX,01/07/2025,12:37:25,15499.17,0,0,0,0,0,0
BSEIPO.BSE_IDX,01/07/2025,12:37:33,15498.87,0,0,0,0,0,0
BSEIPO.BSE_IDX,01/07/2025,12:37:41,15497.76,0,0,0,0,0,0
BSEIPO.BSE_IDX,01/07/2025,12:37:49,15497.49,0,0,0,0,0,0
BSEIPO.BSE_IDX,01/07/2025,12:37:57,15497.55,0,0,0,0,0,0
BSEIPO.BSE_IDX,01/07/2025,12:38:05,15495.84,0,0,0,0,0,0
BSEIPO.BSE_IDX,01/07/2025,12:38:13,15496.72,0,0,0,0,0,0
BSEIPO.BSE_IDX,01/07/2025,12:38:22,15496.56,0,0,0,0,0,0
BSEIPO.BSE_IDX,01/07/2025,12:38:29,15496.63,0,0,0,0,0,0
BSEIPO.BSE_IDX,01/07/2025,12:38:39,15494.51,0,0,0,0,0,0
BSEIPO.BSE_IDX,01/07/2025,12:38:45,15496.25,0,0,0,0,0,0
BSEIPO.BSE_IDX,01/07/2025,12:38:53,15497.23,0,0,0,0,0,0
BSEIPO.BSE_IDX,01/07/2025,12:39:01,15498.09,0,0,0,0,0,0
BSEIPO.BSE_IDX,01/07/2025,12:39:10,15499.17,0,0,0,0,0,0
BSEIPO.BSE_IDX,01/07/2025,12:39:17,15503.77,0,0,0,0,0,0
BSEIPO.BSE_IDX,01/07/2025,12:39:25,15504.27,0,0,0,0,0,0
BSEIPO.BSE_IDX,01/07/2025,12:39:34,15504.17,0,0,0,0,0,0
BSEIPO.BSE_IDX,01/07/2025,12:39:42,15503.78,0,0,0,0,0,0
BSEIPO.BSE_IDX,01/07/2025,12:39:49,15503.56,0,0,0,0,0,0
BSEIPO.BSE_IDX,01/07/2025,12:39:57,15504.61,0,0,0,0,0,0
BSEIPO.BSE_IDX,01/07/2025,12:40:05,15504.5,0,0,0,0,0,0
BSEIPO.BSE_IDX,01/07/2025,12:40:14,15504.16,0,0,0,0,0,0
BSEIPO.BSE_IDX,01/07/2025,12:40:21,15503.33,0,0,0,0,0,0
BSEIPO.BSE_IDX,01/07/2025,12:40:29,15502.93,0,0,0,0,0,0
BSEIPO.BSE_IDX,01/07/2025,12:40:37,15503.04,0,0,0,0,0,0
BSEIPO.BSE_IDX,01/07/2025,12:40:45,15504.12,0,0,0,0,0,0
BSEIPO.BSE_IDX,01/07/2025,12:40:54,15501.54,0,0,0,0,0,0
BSEIPO.BSE_IDX,01/07/2025,12:41:01,15500.06,0,0,0,0,0,0
BSEIPO.BSE_IDX,01/07/2025,12:41:09,15498.43,0,0,0,0,0,0
BSEIPO.BSE_IDX,01/07/2025,12:41:17,15499.12,0,0,0,0,0,0
BSEIPO.BSE_IDX,01/07/2025,12:41:25,15499.44,0,0,0,0,0,0
BSEIPO.BSE_IDX,01/07/2025,12:41:33,15501.61,0,0,0,0,0,0
BSEIPO.BSE_IDX,01/07/2025,12:41:41,15503.08,0,0,0,0,0,0
BSEIPO.BSE_IDX,01/07/2025,12:41:49,15503.47,0,0,0,0,0,0
BSEIPO.BSE_IDX,01/07/2025,12:41:57,15506.08,0,0,0,0,0,0
BSEIPO.BSE_IDX,01/07/2025,12:42:05,15503.81,0,0,0,0,0,0
BSEIPO.BSE_IDX,01/07/2025,12:42:13,15503.89,0,0,0,0,0,0
BSEIPO.BSE_IDX,01/07/2025,12:42:21,15503.14,0,0,0,0,0,0
BSEIPO.BSE_IDX,01/07/2025,12:42:29,15504.24,0,0,0,0,0,0
BSEIPO.BSE_IDX,01/07/2025,12:42:37,15502.64,0,0,0,0,0,0
BSEIPO.BSE_IDX,01/07/2025,12:42:45,15503.32,0,0,0,0,0,0
BSEIPO.BSE_IDX,01/07/2025,12:42:53,15502.72,0,0,0,0,0,0
BSEIPO.BSE_IDX,01/07/2025,12:43:01,15502.14,0,0,0,0,0,0
BSEIPO.BSE_IDX,01/07/2025,12:43:10,15503.29,0,0,0,0,0,0
BSEIPO.BSE_IDX,01/07/2025,12:43:17,15502.71,0,0,0,0,0,0
BSEIPO.BSE_IDX,01/07/2025,12:43:26,15507.27,0,0,0,0,0,0
BSEIPO.BSE_IDX,01/07/2025,12:43:33,15509.56,0,0,0,0,0,0
BSEIPO.BSE_IDX,01/07/2025,12:43:41,15508.09,0,0,0,0,0,0
BSEIPO.BSE_IDX,01/07/2025,12:43:49,15507.95,0,0,0,0,0,0
BSEIPO.BSE_IDX,01/07/2025,12:43:58,15508.3,0,0,0,0,0,0
BSEIPO.BSE_IDX,01/07/2025,12:44:05,15510.19,0,0,0,0,0,0
BSEIPO.BSE_IDX,01/07/2025,12:44:14,15509.86,0,0,0,0,0,0
BSEIPO.BSE_IDX,01/07/2025,12:44:21,15509.25,0,0,0,0,0,0
BSEIPO.BSE_IDX,01/07/2025,12:44:29,15501.28,0,0,0,0,0,0
BSEIPO.BSE_IDX,01/07/2025,12:44:38,15494.5,0,0,0,0,0,0
BSEIPO.BSE_IDX,01/07/2025,12:44:45,15496.05,0,0,0,0,0,0
BSEIPO.BSE_IDX,01/07/2025,12:44:53,15498.84,0,0,0,0,0,0
BSEIPO.BSE_IDX,01/07/2025,12:45:01,15496.77,0,0,0,0,0,0
BSEIPO.BSE_IDX,01/07/2025,12:45:11,15491.65,0,0,0,0,0,0
BSEIPO.BSE_IDX,01/07/2025,12:45:17,15491.97,0,0,0,0,0,0
BSEIPO.BSE_IDX,01/07/2025,12:45:25,15489.92,0,0,0,0,0,0
BSEIPO.BSE_IDX,01/07/2025,12:45:34,15488.98,0,0,0,0,0,0
BSEIPO.BSE_IDX,01/07/2025,12:45:42,15487.37,0,0,0,0,0,0
BSEIPO.BSE_IDX,01/07/2025,12:45:50,15486.59,0,0,0,0,0,0
BSEIPO.BSE_IDX,01/07/2025,12:45:58,15486.3,0,0,0,0,0,0
BSEIPO.BSE_IDX,01/07/2025,12:46:06,15486.45,0,0,0,0,0,0
BSEIPO.BSE_IDX,01/07/2025,12:46:14,15485.03,0,0,0,0,0,0
BSEIPO.BSE_IDX,01/07/2025,12:46:22,15486.58,0,0,0,0,0,0
BSEIPO.BSE_IDX,01/07/2025,12:46:30,15486.87,0,0,0,0,0,0
BSEIPO.BSE_IDX,01/07/2025,12:46:38,15487.19,0,0,0,0,0,0
BSEIPO.BSE_IDX,01/07/2025,12:46:46,15486.66,0,0,0,0,0,0
BSEIPO.BSE_IDX,01/07/2025,12:46:54,15485.71,0,0,0,0,0,0
BSEIPO.BSE_IDX,01/07/2025,12:47:02,15486.9,0,0,0,0,0,0
BSEIPO.BSE_IDX,01/07/2025,12:47:10,15485.9,0,0,0,0,0,0
BSEIPO.BSE_IDX,01/07/2025,12:47:18,15486.08,0,0,0,0,0,0
BSEIPO.BSE_IDX,01/07/2025,12:47:26,15485.7,0,0,0,0,0,0
BSEIPO.BSE_IDX,01/07/2025,12:47:34,15485.3,0,0,0,0,0,0
BSEIPO.BSE_IDX,01/07/2025,12:47:42,15487.86,0,0,0,0,0,0
BSEIPO.BSE_IDX,01/07/2025,12:47:50,15484.34,0,0,0,0,0,0
BSEIPO.BSE_IDX,01/07/2025,12:47:58,15484.77,0,0,0,0,0,0
BSEIPO.BSE_IDX,01/07/2025,12:48:06,15484.36,0,0,0,0,0,0
BSEIPO.BSE_IDX,01/07/2025,12:48:14,15484.93,0,0,0,0,0,0
BSEIPO.BSE_IDX,01/07/2025,12:48:22,15484.59,0,0,0,0,0,0
BSEIPO.BSE_IDX,01/07/2025,12:48:30,15484.66,0,0,0,0,0,0
BSEIPO.BSE_IDX,01/07/2025,12:48:38,15487.04,0,0,0,0,0,0
BSEIPO.BSE_IDX,01/07/2025,12:48:46,15487.95,0,0,0,0,0,0
BSEIPO.BSE_IDX,01/07/2025,12:48:54,15487.63,0,0,0,0,0,0
BSEIPO.BSE_IDX,01/07/2025,12:49:02,15487.22,0,0,0,0,0,0
BSEIPO.BSE_IDX,01/07/2025,12:49:10,15489.14,0,0,0,0,0,0
BSEIPO.BSE_IDX,01/07/2025,12:49:18,15489.55,0,0,0,0,0,0
BSEIPO.BSE_IDX,01/07/2025,12:49:26,15485.2,0,0,0,0,0,0
BSEIPO.BSE_IDX,01/07/2025,12:49:34,15484.95,0,0,0,0,0,0
BSEIPO.BSE_IDX,01/07/2025,12:49:42,15485.48,0,0,0,0,0,0
BSEIPO.BSE_IDX,01/07/2025,12:49:50,15488.39,0,0,0,0,0,0
BSEIPO.BSE_IDX,01/07/2025,12:49:58,15490.24,0,0,0,0,0,0
BSEIPO.BSE_IDX,01/07/2025,12:50:06,15490.76,0,0,0,0,0,0
BSEIPO.BSE_IDX,01/07/2025,12:50:14,15490.85,0,0,0,0,0,0
BSEIPO.BSE_IDX,01/07/2025,12:50:22,15491.85,0,0,0,0,0,0
BSEIPO.BSE_IDX,01/07/2025,12:50:30,15495.11,0,0,0,0,0,0
BSEIPO.BSE_IDX,01/07/2025,12:50:38,15495.22,0,0,0,0,0,0
BSEIPO.BSE_IDX,01/07/2025,12:50:47,15495.79,0,0,0,0,0,0
BSEIPO.BSE_IDX,01/07/2025,12:50:54,15496.14,0,0,0,0,0,0
BSEIPO.BSE_IDX,01/07/2025,12:51:02,15497.03,0,0,0,0,0,0
BSEIPO.BSE_IDX,01/07/2025,12:51:10,15494.48,0,0,0,0,0,0
BSEIPO.BSE_IDX,01/07/2025,12:51:19,15495.17,0,0,0,0,0,0
BSEIPO.BSE_IDX,01/07/2025,12:51:26,15495.48,0,0,0,0,0,0
BSEIPO.BSE_IDX,01/07/2025,12:51:34,15494.24,0,0,0,0,0,0
BSEIPO.BSE_IDX,01/07/2025,12:51:42,15492.57,0,0,0,0,0,0
BSEIPO.BSE_IDX,01/07/2025,12:51:50,15491.65,0,0,0,0,0,0
BSEIPO.BSE_IDX,01/07/2025,12:51:58,15491.31,0,0,0,0,0,0
BSEIPO.BSE_IDX,01/07/2025,12:52:06,15490.54,0,0,0,0,0,0
BSEIPO.BSE_IDX,01/07/2025,12:52:14,15493.01,0,0,0,0,0,0
BSEIPO.BSE_IDX,01/07/2025,12:52:22,15491.89,0,0,0,0,0,0
BSEIPO.BSE_IDX,01/07/2025,12:52:30,15494.19,0,0,0,0,0,0
BSEIPO.BSE_IDX,01/07/2025,12:52:38,15491.46,0,0,0,0,0,0
BSEIPO.BSE_IDX,01/07/2025,12:52:46,15493.42,0,0,0,0,0,0
BSEIPO.BSE_IDX,01/07/2025,12:52:54,15494.41,0,0,0,0,0,0
BSEIPO.BSE_IDX,01/07/2025,12:53:02,15496.73,0,0,0,0,0,0
BSEIPO.BSE_IDX,01/07/2025,12:53:10,15497.55,0,0,0,0,0,0
BSEIPO.BSE_IDX,01/07/2025,12:53:18,15499,0,0,0,0,0,0
BSEIPO.BSE_IDX,01/07/2025,12:53:26,15498.72,0,0,0,0,0,0
BSEIPO.BSE_IDX,01/07/2025,12:53:34,15498.39,0,0,0,0,0,0
BSEIPO.BSE_IDX,01/07/2025,12:53:42,15501.12,0,0,0,0,0,0
BSEIPO.BSE_IDX,01/07/2025,12:53:50,15503.58,0,0,0,0,0,0
BSEIPO.BSE_IDX,01/07/2025,12:53:58,15496.45,0,0,0,0,0,0
BSEIPO.BSE_IDX,01/07/2025,12:54:06,15491.27,0,0,0,0,0,0
BSEIPO.BSE_IDX,01/07/2025,12:54:14,15495.7,0,0,0,0,0,0
