Ticker,Date,Time,LTP,BuyPrice,BuyQty,SellPrice,SellQty,LTQ,OpenInterest
BSEMOI.BSE_IDX,01/07/2025,09:00:07,2272.47,0,0,0,0,0,0
BSEMOI.BSE_IDX,01/07/2025,09:00:15,2261.26,0,0,0,0,0,0
BSEMOI.BSE_IDX,01/07/2025,09:00:23,2258.85,0,0,0,0,0,0
BSEMOI.BSE_IDX,01/07/2025,09:00:31,2257.21,0,0,0,0,0,0
BSEMOI.BSE_IDX,01/07/2025,09:00:39,2246.32,0,0,0,0,0,0
BSEMOI.BSE_IDX,01/07/2025,09:00:47,2242.4,0,0,0,0,0,0
BSEMOI.BSE_IDX,01/07/2025,09:00:55,2241.26,0,0,0,0,0,0
BSEMOI.BSE_IDX,01/07/2025,09:01:03,2241.2,0,0,0,0,0,0
BSEMOI.BSE_IDX,01/07/2025,09:01:11,2243.51,0,0,0,0,0,0
BSEMOI.BSE_IDX,01/07/2025,09:01:19,2251.07,0,0,0,0,0,0
BSEMOI.BSE_IDX,01/07/2025,09:01:27,2251.2,0,0,0,0,0,0
BSEMOI.BSE_IDX,01/07/2025,09:01:35,2248.36,0,0,0,0,0,0
BSEMOI.BSE_IDX,01/07/2025,09:01:43,2246.67,0,0,0,0,0,0
BSEMOI.BSE_IDX,01/07/2025,09:01:51,2246.84,0,0,0,0,0,0
BSEMOI.BSE_IDX,01/07/2025,09:01:59,2246.62,0,0,0,0,0,0
BSEMOI.BSE_IDX,01/07/2025,09:02:07,2246.62,0,0,0,0,0,0
BSEMOI.BSE_IDX,01/07/2025,09:02:15,2246.08,0,0,0,0,0,0
BSEMOI.BSE_IDX,01/07/2025,09:02:23,2246.79,0,0,0,0,0,0
BSEMOI.BSE_IDX,01/07/2025,09:02:31,2246.25,0,0,0,0,0,0
BSEMOI.BSE_IDX,01/07/2025,09:02:39,2246.25,0,0,0,0,0,0
BSEMOI.BSE_IDX,01/07/2025,09:02:47,2239.07,0,0,0,0,0,0
BSEMOI.BSE_IDX,01/07/2025,09:02:55,2239.06,0,0,0,0,0,0
BSEMOI.BSE_IDX,01/07/2025,09:03:03,2247.87,0,0,0,0,0,0
BSEMOI.BSE_IDX,01/07/2025,09:03:11,2247.89,0,0,0,0,0,0
BSEMOI.BSE_IDX,01/07/2025,09:03:19,2250,0,0,0,0,0,0
BSEMOI.BSE_IDX,01/07/2025,09:03:27,2248.26,0,0,0,0,0,0
BSEMOI.BSE_IDX,01/07/2025,09:03:35,2248.3,0,0,0,0,0,0
BSEMOI.BSE_IDX,01/07/2025,09:03:43,2248.77,0,0,0,0,0,0
BSEMOI.BSE_IDX,01/07/2025,09:03:51,2246.04,0,0,0,0,0,0
BSEMOI.BSE_IDX,01/07/2025,09:03:59,2247.31,0,0,0,0,0,0
BSEMOI.BSE_IDX,01/07/2025,09:04:07,2247.73,0,0,0,0,0,0
BSEMOI.BSE_IDX,01/07/2025,09:04:15,2247.54,0,0,0,0,0,0
BSEMOI.BSE_IDX,01/07/2025,09:04:23,2248.51,0,0,0,0,0,0
BSEMOI.BSE_IDX,01/07/2025,09:04:31,2247.73,0,0,0,0,0,0
BSEMOI.BSE_IDX,01/07/2025,09:04:39,2247.6,0,0,0,0,0,0
BSEMOI.BSE_IDX,01/07/2025,09:04:47,2247.78,0,0,0,0,0,0
BSEMOI.BSE_IDX,01/07/2025,09:04:55,2247.44,0,0,0,0,0,0
BSEMOI.BSE_IDX,01/07/2025,09:05:03,2247.69,0,0,0,0,0,0
BSEMOI.BSE_IDX,01/07/2025,09:05:11,2246.55,0,0,0,0,0,0
BSEMOI.BSE_IDX,01/07/2025,09:05:19,2249.93,0,0,0,0,0,0
BSEMOI.BSE_IDX,01/07/2025,09:05:27,2248.09,0,0,0,0,0,0
BSEMOI.BSE_IDX,01/07/2025,09:05:35,2248.53,0,0,0,0,0,0
BSEMOI.BSE_IDX,01/07/2025,09:05:43,2247.96,0,0,0,0,0,0
BSEMOI.BSE_IDX,01/07/2025,09:05:51,2247.91,0,0,0,0,0,0
BSEMOI.BSE_IDX,01/07/2025,09:05:59,2248.28,0,0,0,0,0,0
BSEMOI.BSE_IDX,01/07/2025,09:06:07,2247.93,0,0,0,0,0,0
BSEMOI.BSE_IDX,01/07/2025,09:06:15,2247.32,0,0,0,0,0,0
BSEMOI.BSE_IDX,01/07/2025,09:06:23,2248.27,0,0,0,0,0,0
BSEMOI.BSE_IDX,01/07/2025,09:06:31,2248.46,0,0,0,0,0,0
BSEMOI.BSE_IDX,01/07/2025,09:06:39,2249.85,0,0,0,0,0,0
BSEMOI.BSE_IDX,01/07/2025,09:06:47,2248,0,0,0,0,0,0
BSEMOI.BSE_IDX,01/07/2025,09:06:55,2250.71,0,0,0,0,0,0
BSEMOI.BSE_IDX,01/07/2025,09:07:04,2248.54,0,0,0,0,0,0
BSEMOI.BSE_IDX,01/07/2025,09:07:11,2248.54,0,0,0,0,0,0
BSEMOI.BSE_IDX,01/07/2025,09:07:19,2248.54,0,0,0,0,0,0
BSEMOI.BSE_IDX,01/07/2025,09:07:27,2248.54,0,0,0,0,0,0
BSEMOI.BSE_IDX,01/07/2025,09:07:35,2248.54,0,0,0,0,0,0
BSEMOI.BSE_IDX,01/07/2025,09:07:43,2248.54,0,0,0,0,0,0
BSEMOI.BSE_IDX,01/07/2025,09:07:51,2248.54,0,0,0,0,0,0
BSEMOI.BSE_IDX,01/07/2025,09:07:59,2248.54,0,0,0,0,0,0
BSEMOI.BSE_IDX,01/07/2025,09:08:07,2248.54,0,0,0,0,0,0
BSEMOI.BSE_IDX,01/07/2025,09:08:15,2248.54,0,0,0,0,0,0
BSEMOI.BSE_IDX,01/07/2025,09:08:23,2248.54,0,0,0,0,0,0
BSEMOI.BSE_IDX,01/07/2025,09:08:31,2248.54,0,0,0,0,0,0
BSEMOI.BSE_IDX,01/07/2025,09:08:39,2248.54,0,0,0,0,0,0
BSEMOI.BSE_IDX,01/07/2025,09:08:47,2248.54,0,0,0,0,0,0
BSEMOI.BSE_IDX,01/07/2025,09:08:55,2248.54,0,0,0,0,0,0
BSEMOI.BSE_IDX,01/07/2025,09:09:03,2248.52,0,0,0,0,0,0
BSEMOI.BSE_IDX,01/07/2025,09:09:11,2248.52,0,0,0,0,0,0
BSEMOI.BSE_IDX,01/07/2025,09:09:19,2248.52,0,0,0,0,0,0
BSEMOI.BSE_IDX,01/07/2025,09:09:27,2248.52,0,0,0,0,0,0
BSEMOI.BSE_IDX,01/07/2025,09:09:35,2248.52,0,0,0,0,0,0
BSEMOI.BSE_IDX,01/07/2025,09:09:43,2248.52,0,0,0,0,0,0
BSEMOI.BSE_IDX,01/07/2025,09:09:51,2248.52,0,0,0,0,0,0
BSEMOI.BSE_IDX,01/07/2025,09:09:59,2248.52,0,0,0,0,0,0
BSEMOI.BSE_IDX,01/07/2025,09:10:07,2248.52,0,0,0,0,0,0
BSEMOI.BSE_IDX,01/07/2025,09:10:15,2248.52,0,0,0,0,0,0
BSEMOI.BSE_IDX,01/07/2025,09:10:23,2248.52,0,0,0,0,0,0
BSEMOI.BSE_IDX,01/07/2025,09:10:31,2248.52,0,0,0,0,0,0
BSEMOI.BSE_IDX,01/07/2025,09:10:39,2248.52,0,0,0,0,0,0
BSEMOI.BSE_IDX,01/07/2025,09:10:47,2248.52,0,0,0,0,0,0
BSEMOI.BSE_IDX,01/07/2025,09:10:55,2248.52,0,0,0,0,0,0
BSEMOI.BSE_IDX,01/07/2025,09:11:03,2248.52,0,0,0,0,0,0
BSEMOI.BSE_IDX,01/07/2025,09:11:11,2248.52,0,0,0,0,0,0
BSEMOI.BSE_IDX,01/07/2025,09:11:19,2248.52,0,0,0,0,0,0
BSEMOI.BSE_IDX,01/07/2025,09:11:27,2248.52,0,0,0,0,0,0
BSEMOI.BSE_IDX,01/07/2025,09:11:35,2248.52,0,0,0,0,0,0
BSEMOI.BSE_IDX,01/07/2025,09:11:43,2248.52,0,0,0,0,0,0
BSEMOI.BSE_IDX,01/07/2025,09:11:51,2248.52,0,0,0,0,0,0
BSEMOI.BSE_IDX,01/07/2025,09:11:59,2248.52,0,0,0,0,0,0
BSEMOI.BSE_IDX,01/07/2025,09:12:07,2248.52,0,0,0,0,0,0
BSEMOI.BSE_IDX,01/07/2025,09:12:16,2248.52,0,0,0,0,0,0
BSEMOI.BSE_IDX,01/07/2025,09:12:23,2248.52,0,0,0,0,0,0
BSEMOI.BSE_IDX,01/07/2025,09:12:31,2248.52,0,0,0,0,0,0
BSEMOI.BSE_IDX,01/07/2025,09:12:39,2248.52,0,0,0,0,0,0
BSEMOI.BSE_IDX,01/07/2025,09:12:47,2248.52,0,0,0,0,0,0
BSEMOI.BSE_IDX,01/07/2025,09:12:55,2248.52,0,0,0,0,0,0
BSEMOI.BSE_IDX,01/07/2025,09:13:03,2248.52,0,0,0,0,0,0
BSEMOI.BSE_IDX,01/07/2025,09:13:11,2248.52,0,0,0,0,0,0
BSEMOI.BSE_IDX,01/07/2025,09:13:19,2248.52,0,0,0,0,0,0
BSEMOI.BSE_IDX,01/07/2025,09:13:27,2248.52,0,0,0,0,0,0
BSEMOI.BSE_IDX,01/07/2025,09:13:35,2248.52,0,0,0,0,0,0
BSEMOI.BSE_IDX,01/07/2025,09:13:43,2248.52,0,0,0,0,0,0
BSEMOI.BSE_IDX,01/07/2025,09:13:51,2248.52,0,0,0,0,0,0
BSEMOI.BSE_IDX,01/07/2025,09:13:59,2248.52,0,0,0,0,0,0
BSEMOI.BSE_IDX,01/07/2025,09:14:07,2248.52,0,0,0,0,0,0
BSEMOI.BSE_IDX,01/07/2025,09:14:15,2248.52,0,0,0,0,0,0
BSEMOI.BSE_IDX,01/07/2025,09:14:23,2248.52,0,0,0,0,0,0
BSEMOI.BSE_IDX,01/07/2025,09:14:31,2248.52,0,0,0,0,0,0
BSEMOI.BSE_IDX,01/07/2025,09:14:39,2248.52,0,0,0,0,0,0
BSEMOI.BSE_IDX,01/07/2025,09:14:47,2248.52,0,0,0,0,0,0
BSEMOI.BSE_IDX,01/07/2025,09:14:55,2248.52,0,0,0,0,0,0
BSEMOI.BSE_IDX,01/07/2025,09:15:04,2250.85,0,0,0,0,0,0
BSEMOI.BSE_IDX,01/07/2025,09:15:11,2250.36,0,0,0,0,0,0
BSEMOI.BSE_IDX,01/07/2025,09:15:19,2249.52,0,0,0,0,0,0
BSEMOI.BSE_IDX,01/07/2025,09:15:27,2248.42,0,0,0,0,0,0
BSEMOI.BSE_IDX,01/07/2025,09:15:35,2248.78,0,0,0,0,0,0
BSEMOI.BSE_IDX,01/07/2025,09:15:43,2248.19,0,0,0,0,0,0
BSEMOI.BSE_IDX,01/07/2025,09:15:51,2247.42,0,0,0,0,0,0
BSEMOI.BSE_IDX,01/07/2025,09:15:59,2246.85,0,0,0,0,0,0
BSEMOI.BSE_IDX,01/07/2025,09:16:07,2246.76,0,0,0,0,0,0
BSEMOI.BSE_IDX,01/07/2025,09:16:15,2246.79,0,0,0,0,0,0
BSEMOI.BSE_IDX,01/07/2025,09:16:24,2247.14,0,0,0,0,0,0
BSEMOI.BSE_IDX,01/07/2025,09:16:31,2246.82,0,0,0,0,0,0
BSEMOI.BSE_IDX,01/07/2025,09:16:39,2246.97,0,0,0,0,0,0
BSEMOI.BSE_IDX,01/07/2025,09:16:48,2247.19,0,0,0,0,0,0
BSEMOI.BSE_IDX,01/07/2025,09:16:55,2247.15,0,0,0,0,0,0
BSEMOI.BSE_IDX,01/07/2025,09:17:03,2246.65,0,0,0,0,0,0
BSEMOI.BSE_IDX,01/07/2025,09:17:12,2246.28,0,0,0,0,0,0
BSEMOI.BSE_IDX,01/07/2025,09:17:19,2246.33,0,0,0,0,0,0
BSEMOI.BSE_IDX,01/07/2025,09:17:27,2246.65,0,0,0,0,0,0
BSEMOI.BSE_IDX,01/07/2025,09:17:35,2246.28,0,0,0,0,0,0
BSEMOI.BSE_IDX,01/07/2025,09:17:44,2246.75,0,0,0,0,0,0
BSEMOI.BSE_IDX,01/07/2025,09:17:51,2246.84,0,0,0,0,0,0
BSEMOI.BSE_IDX,01/07/2025,09:17:59,2246.53,0,0,0,0,0,0
BSEMOI.BSE_IDX,01/07/2025,09:18:07,2246.24,0,0,0,0,0,0
BSEMOI.BSE_IDX,01/07/2025,09:18:15,2246.08,0,0,0,0,0,0
BSEMOI.BSE_IDX,01/07/2025,09:18:23,2245.59,0,0,0,0,0,0
BSEMOI.BSE_IDX,01/07/2025,09:18:31,2245.38,0,0,0,0,0,0
BSEMOI.BSE_IDX,01/07/2025,09:18:39,2245.56,0,0,0,0,0,0
BSEMOI.BSE_IDX,01/07/2025,09:18:47,2245.88,0,0,0,0,0,0
BSEMOI.BSE_IDX,01/07/2025,09:18:56,2245.68,0,0,0,0,0,0
BSEMOI.BSE_IDX,01/07/2025,09:19:03,2245.33,0,0,0,0,0,0
BSEMOI.BSE_IDX,01/07/2025,09:19:11,2244.99,0,0,0,0,0,0
BSEMOI.BSE_IDX,01/07/2025,09:19:19,2245.08,0,0,0,0,0,0
BSEMOI.BSE_IDX,01/07/2025,09:19:28,2244.4,0,0,0,0,0,0
BSEMOI.BSE_IDX,01/07/2025,09:19:35,2244.53,0,0,0,0,0,0
BSEMOI.BSE_IDX,01/07/2025,09:19:43,2244.21,0,0,0,0,0,0
BSEMOI.BSE_IDX,01/07/2025,09:19:52,2244.09,0,0,0,0,0,0
BSEMOI.BSE_IDX,01/07/2025,09:19:59,2244.58,0,0,0,0,0,0
BSEMOI.BSE_IDX,01/07/2025,09:20:07,2244.43,0,0,0,0,0,0
BSEMOI.BSE_IDX,01/07/2025,09:20:15,2244.47,0,0,0,0,0,0
BSEMOI.BSE_IDX,01/07/2025,09:20:24,2244.14,0,0,0,0,0,0
BSEMOI.BSE_IDX,01/07/2025,09:20:31,2244.21,0,0,0,0,0,0
BSEMOI.BSE_IDX,01/07/2025,09:20:39,2243.38,0,0,0,0,0,0
BSEMOI.BSE_IDX,01/07/2025,09:20:47,2243.79,0,0,0,0,0,0
BSEMOI.BSE_IDX,01/07/2025,09:20:55,2243.23,0,0,0,0,0,0
BSEMOI.BSE_IDX,01/07/2025,09:21:03,2243.27,0,0,0,0,0,0
BSEMOI.BSE_IDX,01/07/2025,09:21:11,2243.72,0,0,0,0,0,0
BSEMOI.BSE_IDX,01/07/2025,09:21:19,2244.39,0,0,0,0,0,0
BSEMOI.BSE_IDX,01/07/2025,09:21:27,2244.24,0,0,0,0,0,0
BSEMOI.BSE_IDX,01/07/2025,09:21:36,2244.71,0,0,0,0,0,0
BSEMOI.BSE_IDX,01/07/2025,09:21:43,2244.87,0,0,0,0,0,0
BSEMOI.BSE_IDX,01/07/2025,09:21:51,2244.69,0,0,0,0,0,0
BSEMOI.BSE_IDX,01/07/2025,09:21:59,2244.99,0,0,0,0,0,0
BSEMOI.BSE_IDX,01/07/2025,09:22:07,2245.01,0,0,0,0,0,0
BSEMOI.BSE_IDX,01/07/2025,09:22:15,2244.88,0,0,0,0,0,0
BSEMOI.BSE_IDX,01/07/2025,09:22:23,2245.47,0,0,0,0,0,0
BSEMOI.BSE_IDX,01/07/2025,09:22:31,2245.84,0,0,0,0,0,0
BSEMOI.BSE_IDX,01/07/2025,09:22:39,2245.91,0,0,0,0,0,0
BSEMOI.BSE_IDX,01/07/2025,09:22:47,2246.06,0,0,0,0,0,0
BSEMOI.BSE_IDX,01/07/2025,09:22:55,2246.14,0,0,0,0,0,0
BSEMOI.BSE_IDX,01/07/2025,09:23:03,2246.3,0,0,0,0,0,0
BSEMOI.BSE_IDX,01/07/2025,09:23:11,2245.58,0,0,0,0,0,0
BSEMOI.BSE_IDX,01/07/2025,09:23:19,2245.45,0,0,0,0,0,0
BSEMOI.BSE_IDX,01/07/2025,09:23:27,2245.44,0,0,0,0,0,0
BSEMOI.BSE_IDX,01/07/2025,09:23:35,2245.56,0,0,0,0,0,0
BSEMOI.BSE_IDX,01/07/2025,09:23:44,2245.45,0,0,0,0,0,0
BSEMOI.BSE_IDX,01/07/2025,09:23:51,2245.59,0,0,0,0,0,0
BSEMOI.BSE_IDX,01/07/2025,09:23:59,2245.95,0,0,0,0,0,0
BSEMOI.BSE_IDX,01/07/2025,09:24:08,2246.32,0,0,0,0,0,0
BSEMOI.BSE_IDX,01/07/2025,09:24:15,2246.17,0,0,0,0,0,0
BSEMOI.BSE_IDX,01/07/2025,09:24:23,2245.98,0,0,0,0,0,0
BSEMOI.BSE_IDX,01/07/2025,09:24:32,2245.8,0,0,0,0,0,0
BSEMOI.BSE_IDX,01/07/2025,09:24:39,2246.07,0,0,0,0,0,0
BSEMOI.BSE_IDX,01/07/2025,09:24:48,2246.03,0,0,0,0,0,0
BSEMOI.BSE_IDX,01/07/2025,09:24:57,2246.03,0,0,0,0,0,0
BSEMOI.BSE_IDX,01/07/2025,09:25:03,2246.66,0,0,0,0,0,0
BSEMOI.BSE_IDX,01/07/2025,09:25:12,2246.66,0,0,0,0,0,0
BSEMOI.BSE_IDX,01/07/2025,09:25:19,2246.9,0,0,0,0,0,0
BSEMOI.BSE_IDX,01/07/2025,09:25:29,2246.67,0,0,0,0,0,0
BSEMOI.BSE_IDX,01/07/2025,09:25:35,2246.43,0,0,0,0,0,0
BSEMOI.BSE_IDX,01/07/2025,09:25:43,2246.45,0,0,0,0,0,0
BSEMOI.BSE_IDX,01/07/2025,09:25:51,2246.44,0,0,0,0,0,0
BSEMOI.BSE_IDX,01/07/2025,09:25:59,2246.45,0,0,0,0,0,0
BSEMOI.BSE_IDX,01/07/2025,09:26:08,2246.48,0,0,0,0,0,0
BSEMOI.BSE_IDX,01/07/2025,09:26:15,2246.37,0,0,0,0,0,0
BSEMOI.BSE_IDX,01/07/2025,09:26:24,2246.3,0,0,0,0,0,0
BSEMOI.BSE_IDX,01/07/2025,09:26:31,2246.51,0,0,0,0,0,0
BSEMOI.BSE_IDX,01/07/2025,09:26:39,2246.5,0,0,0,0,0,0
BSEMOI.BSE_IDX,01/07/2025,09:26:48,2246.72,0,0,0,0,0,0
BSEMOI.BSE_IDX,01/07/2025,09:26:55,2247,0,0,0,0,0,0
BSEMOI.BSE_IDX,01/07/2025,09:27:04,2247.07,0,0,0,0,0,0
BSEMOI.BSE_IDX,01/07/2025,09:27:12,2246.74,0,0,0,0,0,0
BSEMOI.BSE_IDX,01/07/2025,09:27:19,2246.65,0,0,0,0,0,0
BSEMOI.BSE_IDX,01/07/2025,09:27:28,2246.73,0,0,0,0,0,0
BSEMOI.BSE_IDX,01/07/2025,09:27:36,2246.27,0,0,0,0,0,0
BSEMOI.BSE_IDX,01/07/2025,09:27:44,2246.11,0,0,0,0,0,0
BSEMOI.BSE_IDX,01/07/2025,09:27:51,2245.85,0,0,0,0,0,0
BSEMOI.BSE_IDX,01/07/2025,09:28:00,2245.94,0,0,0,0,0,0
BSEMOI.BSE_IDX,01/07/2025,09:28:08,2245.11,0,0,0,0,0,0
BSEMOI.BSE_IDX,01/07/2025,09:28:16,2244.95,0,0,0,0,0,0
BSEMOI.BSE_IDX,01/07/2025,09:28:24,2244.88,0,0,0,0,0,0
BSEMOI.BSE_IDX,01/07/2025,09:28:32,2244.12,0,0,0,0,0,0
BSEMOI.BSE_IDX,01/07/2025,09:28:40,2244.22,0,0,0,0,0,0
BSEMOI.BSE_IDX,01/07/2025,09:28:48,2244.09,0,0,0,0,0,0
BSEMOI.BSE_IDX,01/07/2025,09:28:56,2243.87,0,0,0,0,0,0
BSEMOI.BSE_IDX,01/07/2025,09:29:04,2243.62,0,0,0,0,0,0
BSEMOI.BSE_IDX,01/07/2025,09:29:12,2243.65,0,0,0,0,0,0
BSEMOI.BSE_IDX,01/07/2025,09:29:20,2242.97,0,0,0,0,0,0
BSEMOI.BSE_IDX,01/07/2025,09:29:28,2243.14,0,0,0,0,0,0
BSEMOI.BSE_IDX,01/07/2025,09:29:36,2243.45,0,0,0,0,0,0
BSEMOI.BSE_IDX,01/07/2025,09:29:44,2243.8,0,0,0,0,0,0
BSEMOI.BSE_IDX,01/07/2025,09:29:52,2243.67,0,0,0,0,0,0
BSEMOI.BSE_IDX,01/07/2025,09:30:00,2243.96,0,0,0,0,0,0
BSEMOI.BSE_IDX,01/07/2025,09:30:08,2244.34,0,0,0,0,0,0
BSEMOI.BSE_IDX,01/07/2025,09:30:16,2244.44,0,0,0,0,0,0
BSEMOI.BSE_IDX,01/07/2025,09:30:24,2244.72,0,0,0,0,0,0
BSEMOI.BSE_IDX,01/07/2025,09:30:32,2244.9,0,0,0,0,0,0
BSEMOI.BSE_IDX,01/07/2025,09:30:40,2244.57,0,0,0,0,0,0
BSEMOI.BSE_IDX,01/07/2025,09:30:48,2244.68,0,0,0,0,0,0
BSEMOI.BSE_IDX,01/07/2025,09:30:56,2244.33,0,0,0,0,0,0
BSEMOI.BSE_IDX,01/07/2025,09:31:04,2244.29,0,0,0,0,0,0
BSEMOI.BSE_IDX,01/07/2025,09:31:12,2244.28,0,0,0,0,0,0
BSEMOI.BSE_IDX,01/07/2025,09:31:20,2244.29,0,0,0,0,0,0
BSEMOI.BSE_IDX,01/07/2025,09:31:28,2244.12,0,0,0,0,0,0
BSEMOI.BSE_IDX,01/07/2025,09:31:36,2244.23,0,0,0,0,0,0
BSEMOI.BSE_IDX,01/07/2025,09:31:44,2244.19,0,0,0,0,0,0
BSEMOI.BSE_IDX,01/07/2025,09:31:52,2244.44,0,0,0,0,0,0
BSEMOI.BSE_IDX,01/07/2025,09:32:00,2244.6,0,0,0,0,0,0
BSEMOI.BSE_IDX,01/07/2025,09:32:08,2244.64,0,0,0,0,0,0
BSEMOI.BSE_IDX,01/07/2025,09:32:16,2244.18,0,0,0,0,0,0
BSEMOI.BSE_IDX,01/07/2025,09:32:24,2244.44,0,0,0,0,0,0
BSEMOI.BSE_IDX,01/07/2025,09:32:32,2244.38,0,0,0,0,0,0
BSEMOI.BSE_IDX,01/07/2025,09:32:40,2244.5,0,0,0,0,0,0
BSEMOI.BSE_IDX,01/07/2025,09:32:48,2244.67,0,0,0,0,0,0
BSEMOI.BSE_IDX,01/07/2025,09:32:56,2245.02,0,0,0,0,0,0
BSEMOI.BSE_IDX,01/07/2025,09:33:04,2245.16,0,0,0,0,0,0
BSEMOI.BSE_IDX,01/07/2025,09:33:12,2245.68,0,0,0,0,0,0
BSEMOI.BSE_IDX,01/07/2025,09:33:20,2245.71,0,0,0,0,0,0
BSEMOI.BSE_IDX,01/07/2025,09:33:28,2245.94,0,0,0,0,0,0
BSEMOI.BSE_IDX,01/07/2025,09:33:36,2245.51,0,0,0,0,0,0
BSEMOI.BSE_IDX,01/07/2025,09:33:44,2245.49,0,0,0,0,0,0
BSEMOI.BSE_IDX,01/07/2025,09:33:52,2245.81,0,0,0,0,0,0
BSEMOI.BSE_IDX,01/07/2025,09:34:00,2245.68,0,0,0,0,0,0
BSEMOI.BSE_IDX,01/07/2025,09:34:08,2245.83,0,0,0,0,0,0
BSEMOI.BSE_IDX,01/07/2025,09:34:16,2245.66,0,0,0,0,0,0
BSEMOI.BSE_IDX,01/07/2025,09:34:24,2246.07,0,0,0,0,0,0
BSEMOI.BSE_IDX,01/07/2025,09:34:32,2246.26,0,0,0,0,0,0
BSEMOI.BSE_IDX,01/07/2025,09:34:40,2246.18,0,0,0,0,0,0
BSEMOI.BSE_IDX,01/07/2025,09:34:48,2246.38,0,0,0,0,0,0
BSEMOI.BSE_IDX,01/07/2025,09:34:56,2246.59,0,0,0,0,0,0
BSEMOI.BSE_IDX,01/07/2025,09:35:05,2246.04,0,0,0,0,0,0
BSEMOI.BSE_IDX,01/07/2025,09:35:12,2245.83,0,0,0,0,0,0
BSEMOI.BSE_IDX,01/07/2025,09:35:20,2245.93,0,0,0,0,0,0
BSEMOI.BSE_IDX,01/07/2025,09:35:28,2245.85,0,0,0,0,0,0
BSEMOI.BSE_IDX,01/07/2025,09:35:36,2245.92,0,0,0,0,0,0
BSEMOI.BSE_IDX,01/07/2025,09:35:44,2246.13,0,0,0,0,0,0
BSEMOI.BSE_IDX,01/07/2025,09:35:52,2246.17,0,0,0,0,0,0
BSEMOI.BSE_IDX,01/07/2025,09:36:00,2246.75,0,0,0,0,0,0
BSEMOI.BSE_IDX,01/07/2025,09:36:08,2246.53,0,0,0,0,0,0
BSEMOI.BSE_IDX,01/07/2025,09:36:16,2246.42,0,0,0,0,0,0
BSEMOI.BSE_IDX,01/07/2025,09:36:24,2246.23,0,0,0,0,0,0
BSEMOI.BSE_IDX,01/07/2025,09:36:33,2246.14,0,0,0,0,0,0
BSEMOI.BSE_IDX,01/07/2025,09:36:40,2246.65,0,0,0,0,0,0
BSEMOI.BSE_IDX,01/07/2025,09:36:48,2246.53,0,0,0,0,0,0
BSEMOI.BSE_IDX,01/07/2025,09:36:56,2246.87,0,0,0,0,0,0
BSEMOI.BSE_IDX,01/07/2025,09:37:04,2246.9,0,0,0,0,0,0
BSEMOI.BSE_IDX,01/07/2025,09:37:12,2246.97,0,0,0,0,0,0
BSEMOI.BSE_IDX,01/07/2025,09:37:20,2246.94,0,0,0,0,0,0
BSEMOI.BSE_IDX,01/07/2025,09:37:28,2247.09,0,0,0,0,0,0
BSEMOI.BSE_IDX,01/07/2025,09:37:36,2246.87,0,0,0,0,0,0
BSEMOI.BSE_IDX,01/07/2025,09:37:44,2246.74,0,0,0,0,0,0
BSEMOI.BSE_IDX,01/07/2025,09:37:52,2246.44,0,0,0,0,0,0
BSEMOI.BSE_IDX,01/07/2025,09:38:00,2246.65,0,0,0,0,0,0
BSEMOI.BSE_IDX,01/07/2025,09:38:08,2246.76,0,0,0,0,0,0
BSEMOI.BSE_IDX,01/07/2025,09:38:16,2246.83,0,0,0,0,0,0
BSEMOI.BSE_IDX,01/07/2025,09:38:24,2246.72,0,0,0,0,0,0
BSEMOI.BSE_IDX,01/07/2025,09:38:32,2246.53,0,0,0,0,0,0
BSEMOI.BSE_IDX,01/07/2025,09:38:40,2246.27,0,0,0,0,0,0
BSEMOI.BSE_IDX,01/07/2025,09:38:48,2246.35,0,0,0,0,0,0
BSEMOI.BSE_IDX,01/07/2025,09:38:56,2246.54,0,0,0,0,0,0
BSEMOI.BSE_IDX,01/07/2025,09:39:04,2246.08,0,0,0,0,0,0
BSEMOI.BSE_IDX,01/07/2025,09:39:12,2246.22,0,0,0,0,0,0
BSEMOI.BSE_IDX,01/07/2025,09:39:20,2246.42,0,0,0,0,0,0
BSEMOI.BSE_IDX,01/07/2025,09:39:28,2246.37,0,0,0,0,0,0
BSEMOI.BSE_IDX,01/07/2025,09:39:36,2246.42,0,0,0,0,0,0
BSEMOI.BSE_IDX,01/07/2025,09:39:44,2246.52,0,0,0,0,0,0
BSEMOI.BSE_IDX,01/07/2025,09:39:52,2246.76,0,0,0,0,0,0
BSEMOI.BSE_IDX,01/07/2025,09:40:00,2246.7,0,0,0,0,0,0
BSEMOI.BSE_IDX,01/07/2025,09:40:08,2247.15,0,0,0,0,0,0
BSEMOI.BSE_IDX,01/07/2025,09:40:16,2247.03,0,0,0,0,0,0
BSEMOI.BSE_IDX,01/07/2025,09:40:24,2247.16,0,0,0,0,0,0
BSEMOI.BSE_IDX,01/07/2025,09:40:32,2246.64,0,0,0,0,0,0
BSEMOI.BSE_IDX,01/07/2025,09:40:40,2246.69,0,0,0,0,0,0
BSEMOI.BSE_IDX,01/07/2025,09:40:48,2246.74,0,0,0,0,0,0
BSEMOI.BSE_IDX,01/07/2025,09:40:56,2246.62,0,0,0,0,0,0
BSEMOI.BSE_IDX,01/07/2025,09:41:04,2246.23,0,0,0,0,0,0
BSEMOI.BSE_IDX,01/07/2025,09:41:12,2246.44,0,0,0,0,0,0
BSEMOI.BSE_IDX,01/07/2025,09:41:20,2246.8,0,0,0,0,0,0
BSEMOI.BSE_IDX,01/07/2025,09:41:28,2247.08,0,0,0,0,0,0
BSEMOI.BSE_IDX,01/07/2025,09:41:36,2247.36,0,0,0,0,0,0
BSEMOI.BSE_IDX,01/07/2025,09:41:44,2247.13,0,0,0,0,0,0
BSEMOI.BSE_IDX,01/07/2025,09:41:52,2246.94,0,0,0,0,0,0
BSEMOI.BSE_IDX,01/07/2025,09:42:00,2247.26,0,0,0,0,0,0
BSEMOI.BSE_IDX,01/07/2025,09:42:08,2247.56,0,0,0,0,0,0
BSEMOI.BSE_IDX,01/07/2025,09:42:16,2247.49,0,0,0,0,0,0
BSEMOI.BSE_IDX,01/07/2025,09:42:24,2247.4,0,0,0,0,0,0
BSEMOI.BSE_IDX,01/07/2025,09:42:32,2247.41,0,0,0,0,0,0
BSEMOI.BSE_IDX,01/07/2025,09:42:40,2247.55,0,0,0,0,0,0
BSEMOI.BSE_IDX,01/07/2025,09:42:48,2248.11,0,0,0,0,0,0
BSEMOI.BSE_IDX,01/07/2025,09:42:56,2248.11,0,0,0,0,0,0
BSEMOI.BSE_IDX,01/07/2025,09:43:04,2247.94,0,0,0,0,0,0
BSEMOI.BSE_IDX,01/07/2025,09:43:12,2248.07,0,0,0,0,0,0
BSEMOI.BSE_IDX,01/07/2025,09:43:20,2248.2,0,0,0,0,0,0
BSEMOI.BSE_IDX,01/07/2025,09:43:28,2248.24,0,0,0,0,0,0
BSEMOI.BSE_IDX,01/07/2025,09:43:36,2248.37,0,0,0,0,0,0
BSEMOI.BSE_IDX,01/07/2025,09:43:44,2248.17,0,0,0,0,0,0
BSEMOI.BSE_IDX,01/07/2025,09:43:53,2248.47,0,0,0,0,0,0
BSEMOI.BSE_IDX,01/07/2025,09:44:00,2248.77,0,0,0,0,0,0
BSEMOI.BSE_IDX,01/07/2025,09:44:08,2248.58,0,0,0,0,0,0
BSEMOI.BSE_IDX,01/07/2025,09:44:16,2248.32,0,0,0,0,0,0
BSEMOI.BSE_IDX,01/07/2025,09:44:24,2248.29,0,0,0,0,0,0
BSEMOI.BSE_IDX,01/07/2025,09:44:32,2248.29,0,0,0,0,0,0
BSEMOI.BSE_IDX,01/07/2025,09:44:40,2247.98,0,0,0,0,0,0
BSEMOI.BSE_IDX,01/07/2025,09:44:48,2247.91,0,0,0,0,0,0
BSEMOI.BSE_IDX,01/07/2025,09:44:56,2247.9,0,0,0,0,0,0
BSEMOI.BSE_IDX,01/07/2025,09:45:05,2248.06,0,0,0,0,0,0
BSEMOI.BSE_IDX,01/07/2025,09:45:12,2247.54,0,0,0,0,0,0
BSEMOI.BSE_IDX,01/07/2025,09:45:20,2246.87,0,0,0,0,0,0
BSEMOI.BSE_IDX,01/07/2025,09:45:28,2246.88,0,0,0,0,0,0
BSEMOI.BSE_IDX,01/07/2025,09:45:36,2246.92,0,0,0,0,0,0
BSEMOI.BSE_IDX,01/07/2025,09:45:44,2246.66,0,0,0,0,0,0
BSEMOI.BSE_IDX,01/07/2025,09:45:52,2246.59,0,0,0,0,0,0
BSEMOI.BSE_IDX,01/07/2025,09:46:01,2246.69,0,0,0,0,0,0
BSEMOI.BSE_IDX,01/07/2025,09:46:08,2246.43,0,0,0,0,0,0
BSEMOI.BSE_IDX,01/07/2025,09:46:16,2246.52,0,0,0,0,0,0
BSEMOI.BSE_IDX,01/07/2025,09:46:24,2246.69,0,0,0,0,0,0
BSEMOI.BSE_IDX,01/07/2025,09:46:32,2246.69,0,0,0,0,0,0
BSEMOI.BSE_IDX,01/07/2025,09:46:40,2246.74,0,0,0,0,0,0
BSEMOI.BSE_IDX,01/07/2025,09:46:48,2246.7,0,0,0,0,0,0
BSEMOI.BSE_IDX,01/07/2025,09:46:56,2246.89,0,0,0,0,0,0
BSEMOI.BSE_IDX,01/07/2025,09:47:04,2246.84,0,0,0,0,0,0
BSEMOI.BSE_IDX,01/07/2025,09:47:12,2246.82,0,0,0,0,0,0
BSEMOI.BSE_IDX,01/07/2025,09:47:20,2246.86,0,0,0,0,0,0
BSEMOI.BSE_IDX,01/07/2025,09:47:28,2246.62,0,0,0,0,0,0
BSEMOI.BSE_IDX,01/07/2025,09:47:36,2246.23,0,0,0,0,0,0
BSEMOI.BSE_IDX,01/07/2025,09:47:44,2245.95,0,0,0,0,0,0
BSEMOI.BSE_IDX,01/07/2025,09:47:52,2246.04,0,0,0,0,0,0
BSEMOI.BSE_IDX,01/07/2025,09:48:00,2246.17,0,0,0,0,0,0
BSEMOI.BSE_IDX,01/07/2025,09:48:08,2246.13,0,0,0,0,0,0
BSEMOI.BSE_IDX,01/07/2025,09:48:16,2246.27,0,0,0,0,0,0
BSEMOI.BSE_IDX,01/07/2025,09:48:24,2246.15,0,0,0,0,0,0
BSEMOI.BSE_IDX,01/07/2025,09:48:32,2246.46,0,0,0,0,0,0
BSEMOI.BSE_IDX,01/07/2025,09:48:40,2246.38,0,0,0,0,0,0
BSEMOI.BSE_IDX,01/07/2025,09:48:48,2246.5,0,0,0,0,0,0
BSEMOI.BSE_IDX,01/07/2025,09:48:56,2246.97,0,0,0,0,0,0
BSEMOI.BSE_IDX,01/07/2025,09:49:04,2247.02,0,0,0,0,0,0
BSEMOI.BSE_IDX,01/07/2025,09:49:12,2246.91,0,0,0,0,0,0
BSEMOI.BSE_IDX,01/07/2025,09:49:20,2246.69,0,0,0,0,0,0
BSEMOI.BSE_IDX,01/07/2025,09:49:28,2246.75,0,0,0,0,0,0
BSEMOI.BSE_IDX,01/07/2025,09:49:36,2246.82,0,0,0,0,0,0
BSEMOI.BSE_IDX,01/07/2025,09:49:44,2247.15,0,0,0,0,0,0
BSEMOI.BSE_IDX,01/07/2025,09:49:52,2246.97,0,0,0,0,0,0
BSEMOI.BSE_IDX,01/07/2025,09:50:00,2246.99,0,0,0,0,0,0
BSEMOI.BSE_IDX,01/07/2025,09:50:08,2247.04,0,0,0,0,0,0
BSEMOI.BSE_IDX,01/07/2025,09:50:16,2247.32,0,0,0,0,0,0
BSEMOI.BSE_IDX,01/07/2025,09:50:24,2247.01,0,0,0,0,0,0
BSEMOI.BSE_IDX,01/07/2025,09:50:32,2246.94,0,0,0,0,0,0
BSEMOI.BSE_IDX,01/07/2025,09:50:40,2246.35,0,0,0,0,0,0
BSEMOI.BSE_IDX,01/07/2025,09:50:48,2246.16,0,0,0,0,0,0
BSEMOI.BSE_IDX,01/07/2025,09:50:57,2246.21,0,0,0,0,0,0
BSEMOI.BSE_IDX,01/07/2025,09:51:04,2246.01,0,0,0,0,0,0
BSEMOI.BSE_IDX,01/07/2025,09:51:12,2246.1,0,0,0,0,0,0
BSEMOI.BSE_IDX,01/07/2025,09:51:20,2245.89,0,0,0,0,0,0
BSEMOI.BSE_IDX,01/07/2025,09:51:28,2245.79,0,0,0,0,0,0
BSEMOI.BSE_IDX,01/07/2025,09:51:37,2245.5,0,0,0,0,0,0
BSEMOI.BSE_IDX,01/07/2025,09:51:44,2246.02,0,0,0,0,0,0
BSEMOI.BSE_IDX,01/07/2025,09:51:52,2245.83,0,0,0,0,0,0
BSEMOI.BSE_IDX,01/07/2025,09:52:01,2245.82,0,0,0,0,0,0
BSEMOI.BSE_IDX,01/07/2025,09:52:08,2245.64,0,0,0,0,0,0
BSEMOI.BSE_IDX,01/07/2025,09:52:17,2245.2,0,0,0,0,0,0
BSEMOI.BSE_IDX,01/07/2025,09:52:24,2245.14,0,0,0,0,0,0
BSEMOI.BSE_IDX,01/07/2025,09:52:32,2245.18,0,0,0,0,0,0
BSEMOI.BSE_IDX,01/07/2025,09:52:40,2245.05,0,0,0,0,0,0
BSEMOI.BSE_IDX,01/07/2025,09:52:48,2245.22,0,0,0,0,0,0
BSEMOI.BSE_IDX,01/07/2025,09:52:57,2245.05,0,0,0,0,0,0
BSEMOI.BSE_IDX,01/07/2025,09:53:04,2245.14,0,0,0,0,0,0
BSEMOI.BSE_IDX,01/07/2025,09:53:13,2245.19,0,0,0,0,0,0
BSEMOI.BSE_IDX,01/07/2025,09:53:20,2245.47,0,0,0,0,0,0
BSEMOI.BSE_IDX,01/07/2025,09:53:28,2245.71,0,0,0,0,0,0
BSEMOI.BSE_IDX,01/07/2025,09:53:36,2245.48,0,0,0,0,0,0
BSEMOI.BSE_IDX,01/07/2025,09:53:44,2245.67,0,0,0,0,0,0
BSEMOI.BSE_IDX,01/07/2025,09:53:52,2245.52,0,0,0,0,0,0
BSEMOI.BSE_IDX,01/07/2025,09:54:00,2245.47,0,0,0,0,0,0
BSEMOI.BSE_IDX,01/07/2025,09:54:08,2244.99,0,0,0,0,0,0
BSEMOI.BSE_IDX,01/07/2025,09:54:16,2244.83,0,0,0,0,0,0
BSEMOI.BSE_IDX,01/07/2025,09:54:24,2244.76,0,0,0,0,0,0
BSEMOI.BSE_IDX,01/07/2025,09:54:32,2244.64,0,0,0,0,0,0
BSEMOI.BSE_IDX,01/07/2025,09:54:40,2244.44,0,0,0,0,0,0
BSEMOI.BSE_IDX,01/07/2025,09:54:48,2244.34,0,0,0,0,0,0
BSEMOI.BSE_IDX,01/07/2025,09:54:56,2244.57,0,0,0,0,0,0
BSEMOI.BSE_IDX,01/07/2025,09:55:04,2244.47,0,0,0,0,0,0
BSEMOI.BSE_IDX,01/07/2025,09:55:12,2244.62,0,0,0,0,0,0
BSEMOI.BSE_IDX,01/07/2025,09:55:20,2244.49,0,0,0,0,0,0
BSEMOI.BSE_IDX,01/07/2025,09:55:28,2244.28,0,0,0,0,0,0
BSEMOI.BSE_IDX,01/07/2025,09:55:36,2244.23,0,0,0,0,0,0
BSEMOI.BSE_IDX,01/07/2025,09:55:44,2243.8,0,0,0,0,0,0
BSEMOI.BSE_IDX,01/07/2025,09:55:52,2243.67,0,0,0,0,0,0
BSEMOI.BSE_IDX,01/07/2025,09:56:00,2243.87,0,0,0,0,0,0
BSEMOI.BSE_IDX,01/07/2025,09:56:08,2243.91,0,0,0,0,0,0
BSEMOI.BSE_IDX,01/07/2025,09:56:16,2243.92,0,0,0,0,0,0
BSEMOI.BSE_IDX,01/07/2025,09:56:25,2243.9,0,0,0,0,0,0
BSEMOI.BSE_IDX,01/07/2025,09:56:32,2243.99,0,0,0,0,0,0
BSEMOI.BSE_IDX,01/07/2025,09:56:41,2244.16,0,0,0,0,0,0
BSEMOI.BSE_IDX,01/07/2025,09:56:48,2244.28,0,0,0,0,0,0
BSEMOI.BSE_IDX,01/07/2025,09:56:57,2244.33,0,0,0,0,0,0
BSEMOI.BSE_IDX,01/07/2025,09:57:04,2244.28,0,0,0,0,0,0
BSEMOI.BSE_IDX,01/07/2025,09:57:12,2244.65,0,0,0,0,0,0
BSEMOI.BSE_IDX,01/07/2025,09:57:20,2245.01,0,0,0,0,0,0
BSEMOI.BSE_IDX,01/07/2025,09:57:28,2245.11,0,0,0,0,0,0
BSEMOI.BSE_IDX,01/07/2025,09:57:36,2245.05,0,0,0,0,0,0
BSEMOI.BSE_IDX,01/07/2025,09:57:44,2244.97,0,0,0,0,0,0
BSEMOI.BSE_IDX,01/07/2025,09:57:52,2245.11,0,0,0,0,0,0
BSEMOI.BSE_IDX,01/07/2025,09:58:00,2244.98,0,0,0,0,0,0
BSEMOI.BSE_IDX,01/07/2025,09:58:08,2245.1,0,0,0,0,0,0
BSEMOI.BSE_IDX,01/07/2025,09:58:16,2245.1,0,0,0,0,0,0
BSEMOI.BSE_IDX,01/07/2025,09:58:24,2245.11,0,0,0,0,0,0
BSEMOI.BSE_IDX,01/07/2025,09:58:32,2245.27,0,0,0,0,0,0
BSEMOI.BSE_IDX,01/07/2025,09:58:40,2245.52,0,0,0,0,0,0
BSEMOI.BSE_IDX,01/07/2025,09:58:48,2245.74,0,0,0,0,0,0
BSEMOI.BSE_IDX,01/07/2025,09:58:56,2245.83,0,0,0,0,0,0
BSEMOI.BSE_IDX,01/07/2025,09:59:05,2246.15,0,0,0,0,0,0
BSEMOI.BSE_IDX,01/07/2025,09:59:12,2246.06,0,0,0,0,0,0
BSEMOI.BSE_IDX,01/07/2025,09:59:20,2246.1,0,0,0,0,0,0
BSEMOI.BSE_IDX,01/07/2025,09:59:28,2246.07,0,0,0,0,0,0
BSEMOI.BSE_IDX,01/07/2025,09:59:36,2246.29,0,0,0,0,0,0
BSEMOI.BSE_IDX,01/07/2025,09:59:45,2246.23,0,0,0,0,0,0
BSEMOI.BSE_IDX,01/07/2025,09:59:52,2246.16,0,0,0,0,0,0
BSEMOI.BSE_IDX,01/07/2025,10:00:00,2246.22,0,0,0,0,0,0
BSEMOI.BSE_IDX,01/07/2025,10:00:08,2246.63,0,0,0,0,0,0
BSEMOI.BSE_IDX,01/07/2025,10:00:16,2246.56,0,0,0,0,0,0
BSEMOI.BSE_IDX,01/07/2025,10:00:24,2246.41,0,0,0,0,0,0
BSEMOI.BSE_IDX,01/07/2025,10:00:32,2246.24,0,0,0,0,0,0
BSEMOI.BSE_IDX,01/07/2025,10:00:40,2246.05,0,0,0,0,0,0
BSEMOI.BSE_IDX,01/07/2025,10:00:48,2246.39,0,0,0,0,0,0
BSEMOI.BSE_IDX,01/07/2025,10:00:56,2246.31,0,0,0,0,0,0
BSEMOI.BSE_IDX,01/07/2025,10:01:04,2246,0,0,0,0,0,0
BSEMOI.BSE_IDX,01/07/2025,10:01:12,2245.94,0,0,0,0,0,0
BSEMOI.BSE_IDX,01/07/2025,10:01:21,2246.06,0,0,0,0,0,0
BSEMOI.BSE_IDX,01/07/2025,10:01:28,2245.99,0,0,0,0,0,0
BSEMOI.BSE_IDX,01/07/2025,10:01:36,2246.17,0,0,0,0,0,0
BSEMOI.BSE_IDX,01/07/2025,10:01:44,2246.23,0,0,0,0,0,0
BSEMOI.BSE_IDX,01/07/2025,10:01:52,2246.16,0,0,0,0,0,0
BSEMOI.BSE_IDX,01/07/2025,10:02:00,2246.12,0,0,0,0,0,0
BSEMOI.BSE_IDX,01/07/2025,10:02:08,2246.22,0,0,0,0,0,0
BSEMOI.BSE_IDX,01/07/2025,10:02:17,2246.25,0,0,0,0,0,0
BSEMOI.BSE_IDX,01/07/2025,10:02:24,2246.23,0,0,0,0,0,0
BSEMOI.BSE_IDX,01/07/2025,10:02:32,2245.88,0,0,0,0,0,0
BSEMOI.BSE_IDX,01/07/2025,10:02:41,2245.75,0,0,0,0,0,0
BSEMOI.BSE_IDX,01/07/2025,10:02:49,2245.9,0,0,0,0,0,0
BSEMOI.BSE_IDX,01/07/2025,10:02:56,2245.88,0,0,0,0,0,0
BSEMOI.BSE_IDX,01/07/2025,10:03:04,2245.43,0,0,0,0,0,0
BSEMOI.BSE_IDX,01/07/2025,10:03:13,2245.28,0,0,0,0,0,0
BSEMOI.BSE_IDX,01/07/2025,10:03:20,2245.05,0,0,0,0,0,0
BSEMOI.BSE_IDX,01/07/2025,10:03:29,2244.71,0,0,0,0,0,0
BSEMOI.BSE_IDX,01/07/2025,10:03:37,2244.39,0,0,0,0,0,0
BSEMOI.BSE_IDX,01/07/2025,10:03:53,2244.32,0,0,0,0,0,0
BSEMOI.BSE_IDX,01/07/2025,10:04:01,2244.69,0,0,0,0,0,0
BSEMOI.BSE_IDX,01/07/2025,10:04:09,2244.7,0,0,0,0,0,0
BSEMOI.BSE_IDX,01/07/2025,10:04:17,2244.63,0,0,0,0,0,0
BSEMOI.BSE_IDX,01/07/2025,10:04:25,2244.56,0,0,0,0,0,0
BSEMOI.BSE_IDX,01/07/2025,10:04:33,2244.84,0,0,0,0,0,0
BSEMOI.BSE_IDX,01/07/2025,10:04:41,2244.91,0,0,0,0,0,0
BSEMOI.BSE_IDX,01/07/2025,10:04:50,2245.01,0,0,0,0,0,0
BSEMOI.BSE_IDX,01/07/2025,10:04:57,2244.97,0,0,0,0,0,0
BSEMOI.BSE_IDX,01/07/2025,10:05:05,2244.83,0,0,0,0,0,0
BSEMOI.BSE_IDX,01/07/2025,10:05:14,2244.56,0,0,0,0,0,0
BSEMOI.BSE_IDX,01/07/2025,10:05:21,2244.58,0,0,0,0,0,0
BSEMOI.BSE_IDX,01/07/2025,10:05:29,2244.16,0,0,0,0,0,0
BSEMOI.BSE_IDX,01/07/2025,10:05:37,2244.25,0,0,0,0,0,0
BSEMOI.BSE_IDX,01/07/2025,10:05:45,2244.34,0,0,0,0,0,0
BSEMOI.BSE_IDX,01/07/2025,10:05:53,2244.65,0,0,0,0,0,0
BSEMOI.BSE_IDX,01/07/2025,10:06:01,2244.37,0,0,0,0,0,0
BSEMOI.BSE_IDX,01/07/2025,10:06:09,2244.57,0,0,0,0,0,0
BSEMOI.BSE_IDX,01/07/2025,10:06:17,2244.59,0,0,0,0,0,0
BSEMOI.BSE_IDX,01/07/2025,10:06:25,2244.94,0,0,0,0,0,0
BSEMOI.BSE_IDX,01/07/2025,10:06:33,2244.92,0,0,0,0,0,0
BSEMOI.BSE_IDX,01/07/2025,10:06:41,2245.07,0,0,0,0,0,0
BSEMOI.BSE_IDX,01/07/2025,10:06:49,2245.29,0,0,0,0,0,0
BSEMOI.BSE_IDX,01/07/2025,10:06:57,2245.35,0,0,0,0,0,0
BSEMOI.BSE_IDX,01/07/2025,10:07:05,2245.62,0,0,0,0,0,0
BSEMOI.BSE_IDX,01/07/2025,10:07:13,2245.63,0,0,0,0,0,0
BSEMOI.BSE_IDX,01/07/2025,10:07:21,2245.76,0,0,0,0,0,0
BSEMOI.BSE_IDX,01/07/2025,10:07:29,2245.59,0,0,0,0,0,0
BSEMOI.BSE_IDX,01/07/2025,10:07:37,2245.49,0,0,0,0,0,0
BSEMOI.BSE_IDX,01/07/2025,10:07:45,2245.75,0,0,0,0,0,0
BSEMOI.BSE_IDX,01/07/2025,10:07:53,2245.55,0,0,0,0,0,0
BSEMOI.BSE_IDX,01/07/2025,10:08:01,2245.62,0,0,0,0,0,0
BSEMOI.BSE_IDX,01/07/2025,10:08:09,2245.85,0,0,0,0,0,0
BSEMOI.BSE_IDX,01/07/2025,10:08:17,2245.88,0,0,0,0,0,0
BSEMOI.BSE_IDX,01/07/2025,10:08:25,2246.52,0,0,0,0,0,0
BSEMOI.BSE_IDX,01/07/2025,10:08:33,2246.23,0,0,0,0,0,0
BSEMOI.BSE_IDX,01/07/2025,10:08:41,2245.95,0,0,0,0,0,0
BSEMOI.BSE_IDX,01/07/2025,10:08:49,2245.47,0,0,0,0,0,0
BSEMOI.BSE_IDX,01/07/2025,10:08:57,2245.32,0,0,0,0,0,0
BSEMOI.BSE_IDX,01/07/2025,10:09:05,2244.81,0,0,0,0,0,0
BSEMOI.BSE_IDX,01/07/2025,10:09:13,2244.82,0,0,0,0,0,0
BSEMOI.BSE_IDX,01/07/2025,10:09:21,2244.69,0,0,0,0,0,0
BSEMOI.BSE_IDX,01/07/2025,10:09:29,2244.93,0,0,0,0,0,0
BSEMOI.BSE_IDX,01/07/2025,10:09:37,2244.84,0,0,0,0,0,0
BSEMOI.BSE_IDX,01/07/2025,10:09:45,2244.79,0,0,0,0,0,0
BSEMOI.BSE_IDX,01/07/2025,10:09:53,2244.85,0,0,0,0,0,0
BSEMOI.BSE_IDX,01/07/2025,10:10:01,2245.14,0,0,0,0,0,0
BSEMOI.BSE_IDX,01/07/2025,10:10:09,2244.87,0,0,0,0,0,0
BSEMOI.BSE_IDX,01/07/2025,10:10:17,2245.22,0,0,0,0,0,0
BSEMOI.BSE_IDX,01/07/2025,10:10:25,2245.24,0,0,0,0,0,0
BSEMOI.BSE_IDX,01/07/2025,10:10:33,2245.24,0,0,0,0,0,0
BSEMOI.BSE_IDX,01/07/2025,10:10:41,2245.25,0,0,0,0,0,0
BSEMOI.BSE_IDX,01/07/2025,10:10:49,2245.33,0,0,0,0,0,0
BSEMOI.BSE_IDX,01/07/2025,10:10:57,2245.34,0,0,0,0,0,0
BSEMOI.BSE_IDX,01/07/2025,10:11:05,2245.43,0,0,0,0,0,0
BSEMOI.BSE_IDX,01/07/2025,10:11:13,2245.29,0,0,0,0,0,0
BSEMOI.BSE_IDX,01/07/2025,10:11:22,2245.08,0,0,0,0,0,0
BSEMOI.BSE_IDX,01/07/2025,10:11:29,2244.72,0,0,0,0,0,0
BSEMOI.BSE_IDX,01/07/2025,10:11:37,2244.83,0,0,0,0,0,0
BSEMOI.BSE_IDX,01/07/2025,10:11:45,2244.81,0,0,0,0,0,0
BSEMOI.BSE_IDX,01/07/2025,10:11:53,2244.83,0,0,0,0,0,0
BSEMOI.BSE_IDX,01/07/2025,10:12:01,2245.02,0,0,0,0,0,0
BSEMOI.BSE_IDX,01/07/2025,10:12:09,2244.9,0,0,0,0,0,0
BSEMOI.BSE_IDX,01/07/2025,10:12:17,2244.62,0,0,0,0,0,0
BSEMOI.BSE_IDX,01/07/2025,10:12:25,2244.25,0,0,0,0,0,0
BSEMOI.BSE_IDX,01/07/2025,10:12:33,2244.21,0,0,0,0,0,0
BSEMOI.BSE_IDX,01/07/2025,10:12:41,2243.84,0,0,0,0,0,0
BSEMOI.BSE_IDX,01/07/2025,10:12:49,2243.81,0,0,0,0,0,0
BSEMOI.BSE_IDX,01/07/2025,10:12:57,2243.39,0,0,0,0,0,0
BSEMOI.BSE_IDX,01/07/2025,10:13:05,2243.3,0,0,0,0,0,0
BSEMOI.BSE_IDX,01/07/2025,10:13:13,2243.48,0,0,0,0,0,0
BSEMOI.BSE_IDX,01/07/2025,10:13:21,2243.84,0,0,0,0,0,0
BSEMOI.BSE_IDX,01/07/2025,10:13:29,2243.47,0,0,0,0,0,0
BSEMOI.BSE_IDX,01/07/2025,10:13:37,2243.46,0,0,0,0,0,0
BSEMOI.BSE_IDX,01/07/2025,10:13:45,2243.31,0,0,0,0,0,0
BSEMOI.BSE_IDX,01/07/2025,10:13:53,2242.91,0,0,0,0,0,0
BSEMOI.BSE_IDX,01/07/2025,10:14:01,2243.04,0,0,0,0,0,0
BSEMOI.BSE_IDX,01/07/2025,10:14:09,2243.06,0,0,0,0,0,0
BSEMOI.BSE_IDX,01/07/2025,10:14:17,2242.98,0,0,0,0,0,0
BSEMOI.BSE_IDX,01/07/2025,10:14:25,2242.69,0,0,0,0,0,0
BSEMOI.BSE_IDX,01/07/2025,10:14:33,2242.82,0,0,0,0,0,0
BSEMOI.BSE_IDX,01/07/2025,10:14:41,2242.98,0,0,0,0,0,0
BSEMOI.BSE_IDX,01/07/2025,10:14:49,2242.74,0,0,0,0,0,0
BSEMOI.BSE_IDX,01/07/2025,10:14:57,2242.6,0,0,0,0,0,0
BSEMOI.BSE_IDX,01/07/2025,10:15:05,2242.45,0,0,0,0,0,0
BSEMOI.BSE_IDX,01/07/2025,10:15:13,2242.41,0,0,0,0,0,0
BSEMOI.BSE_IDX,01/07/2025,10:15:21,2242.27,0,0,0,0,0,0
BSEMOI.BSE_IDX,01/07/2025,10:15:29,2242.38,0,0,0,0,0,0
BSEMOI.BSE_IDX,01/07/2025,10:15:37,2242.36,0,0,0,0,0,0
BSEMOI.BSE_IDX,01/07/2025,10:15:45,2242.37,0,0,0,0,0,0
BSEMOI.BSE_IDX,01/07/2025,10:15:53,2242.28,0,0,0,0,0,0
BSEMOI.BSE_IDX,01/07/2025,10:16:01,2242.28,0,0,0,0,0,0
BSEMOI.BSE_IDX,01/07/2025,10:16:09,2242.49,0,0,0,0,0,0
BSEMOI.BSE_IDX,01/07/2025,10:16:17,2242.53,0,0,0,0,0,0
BSEMOI.BSE_IDX,01/07/2025,10:16:25,2242.35,0,0,0,0,0,0
BSEMOI.BSE_IDX,01/07/2025,10:16:33,2242.6,0,0,0,0,0,0
BSEMOI.BSE_IDX,01/07/2025,10:16:41,2242.73,0,0,0,0,0,0
BSEMOI.BSE_IDX,01/07/2025,10:16:49,2242.74,0,0,0,0,0,0
BSEMOI.BSE_IDX,01/07/2025,10:16:57,2242.7,0,0,0,0,0,0
BSEMOI.BSE_IDX,01/07/2025,10:17:05,2242.93,0,0,0,0,0,0
BSEMOI.BSE_IDX,01/07/2025,10:17:13,2242.75,0,0,0,0,0,0
BSEMOI.BSE_IDX,01/07/2025,10:17:21,2242.91,0,0,0,0,0,0
BSEMOI.BSE_IDX,01/07/2025,10:17:29,2243.2,0,0,0,0,0,0
BSEMOI.BSE_IDX,01/07/2025,10:17:37,2243.3,0,0,0,0,0,0
BSEMOI.BSE_IDX,01/07/2025,10:17:45,2243.54,0,0,0,0,0,0
BSEMOI.BSE_IDX,01/07/2025,10:17:53,2243.8,0,0,0,0,0,0
BSEMOI.BSE_IDX,01/07/2025,10:18:01,2243.88,0,0,0,0,0,0
BSEMOI.BSE_IDX,01/07/2025,10:18:09,2244.17,0,0,0,0,0,0
BSEMOI.BSE_IDX,01/07/2025,10:18:17,2244.31,0,0,0,0,0,0
BSEMOI.BSE_IDX,01/07/2025,10:18:25,2244.31,0,0,0,0,0,0
BSEMOI.BSE_IDX,01/07/2025,10:18:33,2244.2,0,0,0,0,0,0
BSEMOI.BSE_IDX,01/07/2025,10:18:41,2244.06,0,0,0,0,0,0
BSEMOI.BSE_IDX,01/07/2025,10:18:49,2244.21,0,0,0,0,0,0
BSEMOI.BSE_IDX,01/07/2025,10:18:57,2244.12,0,0,0,0,0,0
BSEMOI.BSE_IDX,01/07/2025,10:19:05,2243.52,0,0,0,0,0,0
BSEMOI.BSE_IDX,01/07/2025,10:19:13,2243.68,0,0,0,0,0,0
BSEMOI.BSE_IDX,01/07/2025,10:19:21,2243.69,0,0,0,0,0,0
BSEMOI.BSE_IDX,01/07/2025,10:19:29,2243.62,0,0,0,0,0,0
BSEMOI.BSE_IDX,01/07/2025,10:19:37,2243.39,0,0,0,0,0,0
BSEMOI.BSE_IDX,01/07/2025,10:19:45,2243.29,0,0,0,0,0,0
BSEMOI.BSE_IDX,01/07/2025,10:19:53,2243.19,0,0,0,0,0,0
BSEMOI.BSE_IDX,01/07/2025,10:20:01,2243.14,0,0,0,0,0,0
BSEMOI.BSE_IDX,01/07/2025,10:20:09,2243.18,0,0,0,0,0,0
BSEMOI.BSE_IDX,01/07/2025,10:20:17,2243.39,0,0,0,0,0,0
BSEMOI.BSE_IDX,01/07/2025,10:20:25,2243.36,0,0,0,0,0,0
BSEMOI.BSE_IDX,01/07/2025,10:20:33,2243.28,0,0,0,0,0,0
BSEMOI.BSE_IDX,01/07/2025,10:20:41,2243.23,0,0,0,0,0,0
BSEMOI.BSE_IDX,01/07/2025,10:20:49,2243.08,0,0,0,0,0,0
BSEMOI.BSE_IDX,01/07/2025,10:20:57,2243.15,0,0,0,0,0,0
BSEMOI.BSE_IDX,01/07/2025,10:21:05,2242.82,0,0,0,0,0,0
BSEMOI.BSE_IDX,01/07/2025,10:21:13,2242.43,0,0,0,0,0,0
BSEMOI.BSE_IDX,01/07/2025,10:21:21,2242.13,0,0,0,0,0,0
BSEMOI.BSE_IDX,01/07/2025,10:21:29,2241.79,0,0,0,0,0,0
BSEMOI.BSE_IDX,01/07/2025,10:21:37,2241.93,0,0,0,0,0,0
BSEMOI.BSE_IDX,01/07/2025,10:21:45,2241.59,0,0,0,0,0,0
BSEMOI.BSE_IDX,01/07/2025,10:21:53,2241.4,0,0,0,0,0,0
BSEMOI.BSE_IDX,01/07/2025,10:22:01,2241.71,0,0,0,0,0,0
BSEMOI.BSE_IDX,01/07/2025,10:22:09,2241.63,0,0,0,0,0,0
BSEMOI.BSE_IDX,01/07/2025,10:22:17,2241.53,0,0,0,0,0,0
BSEMOI.BSE_IDX,01/07/2025,10:22:25,2241.71,0,0,0,0,0,0
BSEMOI.BSE_IDX,01/07/2025,10:22:33,2241.56,0,0,0,0,0,0
BSEMOI.BSE_IDX,01/07/2025,10:22:41,2241.57,0,0,0,0,0,0
BSEMOI.BSE_IDX,01/07/2025,10:22:49,2241.57,0,0,0,0,0,0
BSEMOI.BSE_IDX,01/07/2025,10:22:57,2241.61,0,0,0,0,0,0
BSEMOI.BSE_IDX,01/07/2025,10:23:05,2241.5,0,0,0,0,0,0
BSEMOI.BSE_IDX,01/07/2025,10:23:13,2241.69,0,0,0,0,0,0
BSEMOI.BSE_IDX,01/07/2025,10:23:21,2241.85,0,0,0,0,0,0
BSEMOI.BSE_IDX,01/07/2025,10:23:29,2241.83,0,0,0,0,0,0
BSEMOI.BSE_IDX,01/07/2025,10:23:37,2241.94,0,0,0,0,0,0
BSEMOI.BSE_IDX,01/07/2025,10:23:45,2242.07,0,0,0,0,0,0
BSEMOI.BSE_IDX,01/07/2025,10:23:53,2242.02,0,0,0,0,0,0
BSEMOI.BSE_IDX,01/07/2025,10:24:01,2241.91,0,0,0,0,0,0
BSEMOI.BSE_IDX,01/07/2025,10:24:09,2242.01,0,0,0,0,0,0
BSEMOI.BSE_IDX,01/07/2025,10:24:17,2241.87,0,0,0,0,0,0
BSEMOI.BSE_IDX,01/07/2025,10:24:25,2241.69,0,0,0,0,0,0
BSEMOI.BSE_IDX,01/07/2025,10:24:33,2241.54,0,0,0,0,0,0
BSEMOI.BSE_IDX,01/07/2025,10:24:41,2241.55,0,0,0,0,0,0
BSEMOI.BSE_IDX,01/07/2025,10:24:49,2241.48,0,0,0,0,0,0
BSEMOI.BSE_IDX,01/07/2025,10:24:57,2241.52,0,0,0,0,0,0
BSEMOI.BSE_IDX,01/07/2025,10:25:05,2241.64,0,0,0,0,0,0
BSEMOI.BSE_IDX,01/07/2025,10:25:13,2241.76,0,0,0,0,0,0
BSEMOI.BSE_IDX,01/07/2025,10:25:21,2241.75,0,0,0,0,0,0
BSEMOI.BSE_IDX,01/07/2025,10:25:29,2241.49,0,0,0,0,0,0
BSEMOI.BSE_IDX,01/07/2025,10:25:37,2241.6,0,0,0,0,0,0
BSEMOI.BSE_IDX,01/07/2025,10:25:45,2241.43,0,0,0,0,0,0
BSEMOI.BSE_IDX,01/07/2025,10:25:53,2241.41,0,0,0,0,0,0
BSEMOI.BSE_IDX,01/07/2025,10:26:01,2241.49,0,0,0,0,0,0
BSEMOI.BSE_IDX,01/07/2025,10:26:09,2241.49,0,0,0,0,0,0
BSEMOI.BSE_IDX,01/07/2025,10:26:17,2241.31,0,0,0,0,0,0
BSEMOI.BSE_IDX,01/07/2025,10:26:25,2241.22,0,0,0,0,0,0
BSEMOI.BSE_IDX,01/07/2025,10:26:33,2241.45,0,0,0,0,0,0
BSEMOI.BSE_IDX,01/07/2025,10:26:41,2241.44,0,0,0,0,0,0
BSEMOI.BSE_IDX,01/07/2025,10:26:49,2241.25,0,0,0,0,0,0
BSEMOI.BSE_IDX,01/07/2025,10:26:57,2241.36,0,0,0,0,0,0
BSEMOI.BSE_IDX,01/07/2025,10:27:05,2241.65,0,0,0,0,0,0
BSEMOI.BSE_IDX,01/07/2025,10:27:13,2241.62,0,0,0,0,0,0
BSEMOI.BSE_IDX,01/07/2025,10:27:21,2241.71,0,0,0,0,0,0
BSEMOI.BSE_IDX,01/07/2025,10:27:29,2241.92,0,0,0,0,0,0
BSEMOI.BSE_IDX,01/07/2025,10:27:37,2241.72,0,0,0,0,0,0
BSEMOI.BSE_IDX,01/07/2025,10:27:45,2241.55,0,0,0,0,0,0
BSEMOI.BSE_IDX,01/07/2025,10:27:53,2241.56,0,0,0,0,0,0
BSEMOI.BSE_IDX,01/07/2025,10:28:01,2241.6,0,0,0,0,0,0
BSEMOI.BSE_IDX,01/07/2025,10:28:09,2241.88,0,0,0,0,0,0
BSEMOI.BSE_IDX,01/07/2025,10:28:17,2241.67,0,0,0,0,0,0
BSEMOI.BSE_IDX,01/07/2025,10:28:25,2241.55,0,0,0,0,0,0
BSEMOI.BSE_IDX,01/07/2025,10:28:33,2241.56,0,0,0,0,0,0
BSEMOI.BSE_IDX,01/07/2025,10:28:41,2241.82,0,0,0,0,0,0
BSEMOI.BSE_IDX,01/07/2025,10:28:49,2241.81,0,0,0,0,0,0
BSEMOI.BSE_IDX,01/07/2025,10:28:57,2241.98,0,0,0,0,0,0
BSEMOI.BSE_IDX,01/07/2025,10:29:05,2241.63,0,0,0,0,0,0
BSEMOI.BSE_IDX,01/07/2025,10:29:13,2241.64,0,0,0,0,0,0
BSEMOI.BSE_IDX,01/07/2025,10:29:21,2241.6,0,0,0,0,0,0
BSEMOI.BSE_IDX,01/07/2025,10:29:29,2241.68,0,0,0,0,0,0
BSEMOI.BSE_IDX,01/07/2025,10:29:37,2241.47,0,0,0,0,0,0
BSEMOI.BSE_IDX,01/07/2025,10:29:46,2241.64,0,0,0,0,0,0
BSEMOI.BSE_IDX,01/07/2025,10:29:54,2241.72,0,0,0,0,0,0
BSEMOI.BSE_IDX,01/07/2025,10:30:01,2241.6,0,0,0,0,0,0
BSEMOI.BSE_IDX,01/07/2025,10:30:09,2241.55,0,0,0,0,0,0
BSEMOI.BSE_IDX,01/07/2025,10:30:17,2241.58,0,0,0,0,0,0
BSEMOI.BSE_IDX,01/07/2025,10:30:25,2241.7,0,0,0,0,0,0
BSEMOI.BSE_IDX,01/07/2025,10:30:33,2241.99,0,0,0,0,0,0
BSEMOI.BSE_IDX,01/07/2025,10:30:41,2242.11,0,0,0,0,0,0
BSEMOI.BSE_IDX,01/07/2025,10:30:49,2242.01,0,0,0,0,0,0
BSEMOI.BSE_IDX,01/07/2025,10:30:57,2242.16,0,0,0,0,0,0
BSEMOI.BSE_IDX,01/07/2025,10:31:05,2242.08,0,0,0,0,0,0
BSEMOI.BSE_IDX,01/07/2025,10:31:13,2242.21,0,0,0,0,0,0
BSEMOI.BSE_IDX,01/07/2025,10:31:21,2242.03,0,0,0,0,0,0
BSEMOI.BSE_IDX,01/07/2025,10:31:29,2241.87,0,0,0,0,0,0
BSEMOI.BSE_IDX,01/07/2025,10:31:37,2241.66,0,0,0,0,0,0
BSEMOI.BSE_IDX,01/07/2025,10:31:45,2241.26,0,0,0,0,0,0
BSEMOI.BSE_IDX,01/07/2025,10:31:53,2241.17,0,0,0,0,0,0
BSEMOI.BSE_IDX,01/07/2025,10:32:01,2241.37,0,0,0,0,0,0
BSEMOI.BSE_IDX,01/07/2025,10:32:09,2241.55,0,0,0,0,0,0
BSEMOI.BSE_IDX,01/07/2025,10:32:17,2241.62,0,0,0,0,0,0
BSEMOI.BSE_IDX,01/07/2025,10:32:25,2241.65,0,0,0,0,0,0
BSEMOI.BSE_IDX,01/07/2025,10:32:33,2241.67,0,0,0,0,0,0
BSEMOI.BSE_IDX,01/07/2025,10:32:41,2241.98,0,0,0,0,0,0
BSEMOI.BSE_IDX,01/07/2025,10:32:49,2242.09,0,0,0,0,0,0
BSEMOI.BSE_IDX,01/07/2025,10:32:57,2242.09,0,0,0,0,0,0
BSEMOI.BSE_IDX,01/07/2025,10:33:05,2242.13,0,0,0,0,0,0
BSEMOI.BSE_IDX,01/07/2025,10:33:13,2242.29,0,0,0,0,0,0
BSEMOI.BSE_IDX,01/07/2025,10:33:21,2242.27,0,0,0,0,0,0
BSEMOI.BSE_IDX,01/07/2025,10:33:29,2242.3,0,0,0,0,0,0
BSEMOI.BSE_IDX,01/07/2025,10:33:37,2242.3,0,0,0,0,0,0
BSEMOI.BSE_IDX,01/07/2025,10:33:45,2242.45,0,0,0,0,0,0
BSEMOI.BSE_IDX,01/07/2025,10:33:53,2242.23,0,0,0,0,0,0
BSEMOI.BSE_IDX,01/07/2025,10:34:01,2242.4,0,0,0,0,0,0
BSEMOI.BSE_IDX,01/07/2025,10:34:09,2242.24,0,0,0,0,0,0
BSEMOI.BSE_IDX,01/07/2025,10:34:17,2242.43,0,0,0,0,0,0
BSEMOI.BSE_IDX,01/07/2025,10:34:25,2242.59,0,0,0,0,0,0
BSEMOI.BSE_IDX,01/07/2025,10:34:33,2242.81,0,0,0,0,0,0
BSEMOI.BSE_IDX,01/07/2025,10:34:41,2242.84,0,0,0,0,0,0
BSEMOI.BSE_IDX,01/07/2025,10:34:49,2242.74,0,0,0,0,0,0
BSEMOI.BSE_IDX,01/07/2025,10:34:58,2242.38,0,0,0,0,0,0
BSEMOI.BSE_IDX,01/07/2025,10:35:06,2242.33,0,0,0,0,0,0
BSEMOI.BSE_IDX,01/07/2025,10:35:14,2242.34,0,0,0,0,0,0
BSEMOI.BSE_IDX,01/07/2025,10:35:21,2242.37,0,0,0,0,0,0
BSEMOI.BSE_IDX,01/07/2025,10:35:29,2242.35,0,0,0,0,0,0
BSEMOI.BSE_IDX,01/07/2025,10:35:37,2242.22,0,0,0,0,0,0
BSEMOI.BSE_IDX,01/07/2025,10:35:45,2242.12,0,0,0,0,0,0
BSEMOI.BSE_IDX,01/07/2025,10:35:54,2242.11,0,0,0,0,0,0
BSEMOI.BSE_IDX,01/07/2025,10:36:02,2241.85,0,0,0,0,0,0
BSEMOI.BSE_IDX,01/07/2025,10:36:10,2242,0,0,0,0,0,0
BSEMOI.BSE_IDX,01/07/2025,10:36:17,2242.09,0,0,0,0,0,0
BSEMOI.BSE_IDX,01/07/2025,10:36:25,2241.9,0,0,0,0,0,0
BSEMOI.BSE_IDX,01/07/2025,10:36:34,2242.04,0,0,0,0,0,0
BSEMOI.BSE_IDX,01/07/2025,10:36:42,2242.11,0,0,0,0,0,0
BSEMOI.BSE_IDX,01/07/2025,10:36:49,2242.22,0,0,0,0,0,0
BSEMOI.BSE_IDX,01/07/2025,10:36:58,2242.18,0,0,0,0,0,0
BSEMOI.BSE_IDX,01/07/2025,10:37:05,2242.2,0,0,0,0,0,0
BSEMOI.BSE_IDX,01/07/2025,10:37:14,2242.09,0,0,0,0,0,0
BSEMOI.BSE_IDX,01/07/2025,10:37:21,2242.1,0,0,0,0,0,0
BSEMOI.BSE_IDX,01/07/2025,10:37:30,2242.24,0,0,0,0,0,0
BSEMOI.BSE_IDX,01/07/2025,10:37:38,2242.05,0,0,0,0,0,0
BSEMOI.BSE_IDX,01/07/2025,10:37:46,2241.9,0,0,0,0,0,0
BSEMOI.BSE_IDX,01/07/2025,10:37:54,2241.89,0,0,0,0,0,0
BSEMOI.BSE_IDX,01/07/2025,10:38:02,2241.92,0,0,0,0,0,0
BSEMOI.BSE_IDX,01/07/2025,10:38:10,2241.88,0,0,0,0,0,0
BSEMOI.BSE_IDX,01/07/2025,10:38:18,2241.99,0,0,0,0,0,0
BSEMOI.BSE_IDX,01/07/2025,10:38:26,2242.03,0,0,0,0,0,0
BSEMOI.BSE_IDX,01/07/2025,10:38:34,2241.99,0,0,0,0,0,0
BSEMOI.BSE_IDX,01/07/2025,10:38:42,2242.17,0,0,0,0,0,0
BSEMOI.BSE_IDX,01/07/2025,10:38:50,2242.25,0,0,0,0,0,0
BSEMOI.BSE_IDX,01/07/2025,10:38:58,2242.26,0,0,0,0,0,0
BSEMOI.BSE_IDX,01/07/2025,10:39:06,2242.27,0,0,0,0,0,0
BSEMOI.BSE_IDX,01/07/2025,10:39:14,2242.49,0,0,0,0,0,0
BSEMOI.BSE_IDX,01/07/2025,10:39:22,2242.6,0,0,0,0,0,0
BSEMOI.BSE_IDX,01/07/2025,10:39:30,2242.48,0,0,0,0,0,0
BSEMOI.BSE_IDX,01/07/2025,10:39:38,2242.64,0,0,0,0,0,0
BSEMOI.BSE_IDX,01/07/2025,10:39:46,2242.71,0,0,0,0,0,0
BSEMOI.BSE_IDX,01/07/2025,10:39:54,2242.8,0,0,0,0,0,0
BSEMOI.BSE_IDX,01/07/2025,10:40:02,2242.75,0,0,0,0,0,0
BSEMOI.BSE_IDX,01/07/2025,10:40:10,2242.47,0,0,0,0,0,0
BSEMOI.BSE_IDX,01/07/2025,10:40:18,2242.63,0,0,0,0,0,0
BSEMOI.BSE_IDX,01/07/2025,10:40:26,2242.26,0,0,0,0,0,0
BSEMOI.BSE_IDX,01/07/2025,10:40:34,2242.18,0,0,0,0,0,0
BSEMOI.BSE_IDX,01/07/2025,10:40:42,2242.06,0,0,0,0,0,0
BSEMOI.BSE_IDX,01/07/2025,10:40:50,2242.14,0,0,0,0,0,0
BSEMOI.BSE_IDX,01/07/2025,10:40:58,2242.2,0,0,0,0,0,0
BSEMOI.BSE_IDX,01/07/2025,10:41:06,2242.1,0,0,0,0,0,0
BSEMOI.BSE_IDX,01/07/2025,10:41:14,2241.97,0,0,0,0,0,0
BSEMOI.BSE_IDX,01/07/2025,10:41:22,2242.19,0,0,0,0,0,0
BSEMOI.BSE_IDX,01/07/2025,10:41:30,2242.14,0,0,0,0,0,0
BSEMOI.BSE_IDX,01/07/2025,10:41:38,2242.33,0,0,0,0,0,0
BSEMOI.BSE_IDX,01/07/2025,10:41:46,2242.23,0,0,0,0,0,0
BSEMOI.BSE_IDX,01/07/2025,10:41:54,2242.5,0,0,0,0,0,0
BSEMOI.BSE_IDX,01/07/2025,10:42:02,2242.58,0,0,0,0,0,0
BSEMOI.BSE_IDX,01/07/2025,10:42:10,2242.51,0,0,0,0,0,0
BSEMOI.BSE_IDX,01/07/2025,10:42:18,2242.36,0,0,0,0,0,0
BSEMOI.BSE_IDX,01/07/2025,10:42:26,2242.28,0,0,0,0,0,0
BSEMOI.BSE_IDX,01/07/2025,10:42:34,2242.19,0,0,0,0,0,0
BSEMOI.BSE_IDX,01/07/2025,10:42:42,2242.1,0,0,0,0,0,0
BSEMOI.BSE_IDX,01/07/2025,10:42:50,2241.93,0,0,0,0,0,0
BSEMOI.BSE_IDX,01/07/2025,10:42:58,2241.79,0,0,0,0,0,0
BSEMOI.BSE_IDX,01/07/2025,10:43:06,2241.93,0,0,0,0,0,0
BSEMOI.BSE_IDX,01/07/2025,10:43:14,2242,0,0,0,0,0,0
BSEMOI.BSE_IDX,01/07/2025,10:43:22,2241.96,0,0,0,0,0,0
BSEMOI.BSE_IDX,01/07/2025,10:43:30,2242.14,0,0,0,0,0,0
BSEMOI.BSE_IDX,01/07/2025,10:43:38,2242.24,0,0,0,0,0,0
BSEMOI.BSE_IDX,01/07/2025,10:43:46,2242.08,0,0,0,0,0,0
BSEMOI.BSE_IDX,01/07/2025,10:43:54,2242.19,0,0,0,0,0,0
BSEMOI.BSE_IDX,01/07/2025,10:44:02,2242.32,0,0,0,0,0,0
BSEMOI.BSE_IDX,01/07/2025,10:44:10,2242.26,0,0,0,0,0,0
BSEMOI.BSE_IDX,01/07/2025,10:44:18,2242.28,0,0,0,0,0,0
BSEMOI.BSE_IDX,01/07/2025,10:44:26,2242.23,0,0,0,0,0,0
BSEMOI.BSE_IDX,01/07/2025,10:44:34,2242.05,0,0,0,0,0,0
BSEMOI.BSE_IDX,01/07/2025,10:44:42,2241.89,0,0,0,0,0,0
BSEMOI.BSE_IDX,01/07/2025,10:44:50,2241.78,0,0,0,0,0,0
BSEMOI.BSE_IDX,01/07/2025,10:44:58,2241.74,0,0,0,0,0,0
BSEMOI.BSE_IDX,01/07/2025,10:45:07,2241.53,0,0,0,0,0,0
BSEMOI.BSE_IDX,01/07/2025,10:45:14,2241.54,0,0,0,0,0,0
BSEMOI.BSE_IDX,01/07/2025,10:45:22,2241.52,0,0,0,0,0,0
BSEMOI.BSE_IDX,01/07/2025,10:45:30,2241.54,0,0,0,0,0,0
BSEMOI.BSE_IDX,01/07/2025,10:45:38,2241.53,0,0,0,0,0,0
BSEMOI.BSE_IDX,01/07/2025,10:45:46,2241.61,0,0,0,0,0,0
BSEMOI.BSE_IDX,01/07/2025,10:45:54,2241.51,0,0,0,0,0,0
BSEMOI.BSE_IDX,01/07/2025,10:46:02,2241.2,0,0,0,0,0,0
BSEMOI.BSE_IDX,01/07/2025,10:46:10,2241.11,0,0,0,0,0,0
BSEMOI.BSE_IDX,01/07/2025,10:46:18,2241.04,0,0,0,0,0,0
BSEMOI.BSE_IDX,01/07/2025,10:46:26,2241.13,0,0,0,0,0,0
BSEMOI.BSE_IDX,01/07/2025,10:46:34,2241.15,0,0,0,0,0,0
BSEMOI.BSE_IDX,01/07/2025,10:46:42,2241.24,0,0,0,0,0,0
BSEMOI.BSE_IDX,01/07/2025,10:46:50,2241.52,0,0,0,0,0,0
BSEMOI.BSE_IDX,01/07/2025,10:46:58,2241.54,0,0,0,0,0,0
BSEMOI.BSE_IDX,01/07/2025,10:47:06,2241.47,0,0,0,0,0,0
BSEMOI.BSE_IDX,01/07/2025,10:47:14,2241.36,0,0,0,0,0,0
BSEMOI.BSE_IDX,01/07/2025,10:47:22,2241.23,0,0,0,0,0,0
BSEMOI.BSE_IDX,01/07/2025,10:47:30,2241.23,0,0,0,0,0,0
BSEMOI.BSE_IDX,01/07/2025,10:47:38,2241.32,0,0,0,0,0,0
BSEMOI.BSE_IDX,01/07/2025,10:47:46,2241.44,0,0,0,0,0,0
BSEMOI.BSE_IDX,01/07/2025,10:47:54,2241.94,0,0,0,0,0,0
BSEMOI.BSE_IDX,01/07/2025,10:48:02,2241.85,0,0,0,0,0,0
BSEMOI.BSE_IDX,01/07/2025,10:48:10,2241.93,0,0,0,0,0,0
BSEMOI.BSE_IDX,01/07/2025,10:48:18,2241.99,0,0,0,0,0,0
BSEMOI.BSE_IDX,01/07/2025,10:48:26,2242.26,0,0,0,0,0,0
BSEMOI.BSE_IDX,01/07/2025,10:48:34,2242.31,0,0,0,0,0,0
BSEMOI.BSE_IDX,01/07/2025,10:48:42,2242.09,0,0,0,0,0,0
BSEMOI.BSE_IDX,01/07/2025,10:48:50,2242.05,0,0,0,0,0,0
BSEMOI.BSE_IDX,01/07/2025,10:48:58,2242.03,0,0,0,0,0,0
BSEMOI.BSE_IDX,01/07/2025,10:49:06,2241.83,0,0,0,0,0,0
BSEMOI.BSE_IDX,01/07/2025,10:49:14,2241.56,0,0,0,0,0,0
BSEMOI.BSE_IDX,01/07/2025,10:49:22,2241.65,0,0,0,0,0,0
BSEMOI.BSE_IDX,01/07/2025,10:49:30,2241.27,0,0,0,0,0,0
BSEMOI.BSE_IDX,01/07/2025,10:49:38,2241.35,0,0,0,0,0,0
BSEMOI.BSE_IDX,01/07/2025,10:49:46,2241.35,0,0,0,0,0,0
BSEMOI.BSE_IDX,01/07/2025,10:49:54,2241.1,0,0,0,0,0,0
BSEMOI.BSE_IDX,01/07/2025,10:50:02,2241.08,0,0,0,0,0,0
BSEMOI.BSE_IDX,01/07/2025,10:50:10,2240.87,0,0,0,0,0,0
BSEMOI.BSE_IDX,01/07/2025,10:50:18,2240.8,0,0,0,0,0,0
BSEMOI.BSE_IDX,01/07/2025,10:50:26,2240.97,0,0,0,0,0,0
BSEMOI.BSE_IDX,01/07/2025,10:50:34,2241.06,0,0,0,0,0,0
BSEMOI.BSE_IDX,01/07/2025,10:50:42,2241.09,0,0,0,0,0,0
BSEMOI.BSE_IDX,01/07/2025,10:50:50,2241.16,0,0,0,0,0,0
BSEMOI.BSE_IDX,01/07/2025,10:50:58,2241.05,0,0,0,0,0,0
BSEMOI.BSE_IDX,01/07/2025,10:51:06,2241.23,0,0,0,0,0,0
BSEMOI.BSE_IDX,01/07/2025,10:51:14,2240.96,0,0,0,0,0,0
BSEMOI.BSE_IDX,01/07/2025,10:51:22,2241.06,0,0,0,0,0,0
BSEMOI.BSE_IDX,01/07/2025,10:51:30,2241.18,0,0,0,0,0,0
BSEMOI.BSE_IDX,01/07/2025,10:51:38,2241.11,0,0,0,0,0,0
BSEMOI.BSE_IDX,01/07/2025,10:51:46,2241.09,0,0,0,0,0,0
BSEMOI.BSE_IDX,01/07/2025,10:51:54,2240.97,0,0,0,0,0,0
BSEMOI.BSE_IDX,01/07/2025,10:52:02,2240.9,0,0,0,0,0,0
BSEMOI.BSE_IDX,01/07/2025,10:52:10,2240.77,0,0,0,0,0,0
BSEMOI.BSE_IDX,01/07/2025,10:52:18,2240.78,0,0,0,0,0,0
BSEMOI.BSE_IDX,01/07/2025,10:52:26,2240.21,0,0,0,0,0,0
BSEMOI.BSE_IDX,01/07/2025,10:52:34,2240.19,0,0,0,0,0,0
BSEMOI.BSE_IDX,01/07/2025,10:52:43,2240.08,0,0,0,0,0,0
BSEMOI.BSE_IDX,01/07/2025,10:52:50,2239.87,0,0,0,0,0,0
BSEMOI.BSE_IDX,01/07/2025,10:52:58,2239.65,0,0,0,0,0,0
BSEMOI.BSE_IDX,01/07/2025,10:53:06,2239.64,0,0,0,0,0,0
BSEMOI.BSE_IDX,01/07/2025,10:53:14,2239.38,0,0,0,0,0,0
BSEMOI.BSE_IDX,01/07/2025,10:53:22,2239.59,0,0,0,0,0,0
BSEMOI.BSE_IDX,01/07/2025,10:53:30,2239.76,0,0,0,0,0,0
BSEMOI.BSE_IDX,01/07/2025,10:53:38,2239.9,0,0,0,0,0,0
BSEMOI.BSE_IDX,01/07/2025,10:53:46,2240,0,0,0,0,0,0
BSEMOI.BSE_IDX,01/07/2025,10:53:54,2240.25,0,0,0,0,0,0
BSEMOI.BSE_IDX,01/07/2025,10:54:02,2240.43,0,0,0,0,0,0
BSEMOI.BSE_IDX,01/07/2025,10:54:10,2240.41,0,0,0,0,0,0
BSEMOI.BSE_IDX,01/07/2025,10:54:18,2240.38,0,0,0,0,0,0
BSEMOI.BSE_IDX,01/07/2025,10:54:26,2240.47,0,0,0,0,0,0
BSEMOI.BSE_IDX,01/07/2025,10:54:34,2240.39,0,0,0,0,0,0
BSEMOI.BSE_IDX,01/07/2025,10:54:42,2240.45,0,0,0,0,0,0
BSEMOI.BSE_IDX,01/07/2025,10:54:51,2240.8,0,0,0,0,0,0
BSEMOI.BSE_IDX,01/07/2025,10:54:58,2240.86,0,0,0,0,0,0
BSEMOI.BSE_IDX,01/07/2025,10:55:06,2240.65,0,0,0,0,0,0
BSEMOI.BSE_IDX,01/07/2025,10:55:14,2240.71,0,0,0,0,0,0
BSEMOI.BSE_IDX,01/07/2025,10:55:22,2240.62,0,0,0,0,0,0
BSEMOI.BSE_IDX,01/07/2025,10:55:30,2240.55,0,0,0,0,0,0
BSEMOI.BSE_IDX,01/07/2025,10:55:38,2240.47,0,0,0,0,0,0
BSEMOI.BSE_IDX,01/07/2025,10:55:46,2240.64,0,0,0,0,0,0
BSEMOI.BSE_IDX,01/07/2025,10:55:54,2240.4,0,0,0,0,0,0
BSEMOI.BSE_IDX,01/07/2025,10:56:02,2240.32,0,0,0,0,0,0
BSEMOI.BSE_IDX,01/07/2025,10:56:10,2240.33,0,0,0,0,0,0
BSEMOI.BSE_IDX,01/07/2025,10:56:18,2240.45,0,0,0,0,0,0
BSEMOI.BSE_IDX,01/07/2025,10:56:26,2240.46,0,0,0,0,0,0
BSEMOI.BSE_IDX,01/07/2025,10:56:34,2240.67,0,0,0,0,0,0
BSEMOI.BSE_IDX,01/07/2025,10:56:42,2240.64,0,0,0,0,0,0
BSEMOI.BSE_IDX,01/07/2025,10:56:50,2240.73,0,0,0,0,0,0
BSEMOI.BSE_IDX,01/07/2025,10:56:58,2240.56,0,0,0,0,0,0
BSEMOI.BSE_IDX,01/07/2025,10:57:06,2240.33,0,0,0,0,0,0
BSEMOI.BSE_IDX,01/07/2025,10:57:14,2240.05,0,0,0,0,0,0
BSEMOI.BSE_IDX,01/07/2025,10:57:22,2240.03,0,0,0,0,0,0
BSEMOI.BSE_IDX,01/07/2025,10:57:30,2240.14,0,0,0,0,0,0
BSEMOI.BSE_IDX,01/07/2025,10:57:39,2240.23,0,0,0,0,0,0
BSEMOI.BSE_IDX,01/07/2025,10:57:46,2240.11,0,0,0,0,0,0
BSEMOI.BSE_IDX,01/07/2025,10:57:54,2239.97,0,0,0,0,0,0
BSEMOI.BSE_IDX,01/07/2025,10:58:02,2239.77,0,0,0,0,0,0
BSEMOI.BSE_IDX,01/07/2025,10:58:10,2239.86,0,0,0,0,0,0
BSEMOI.BSE_IDX,01/07/2025,10:58:18,2239.92,0,0,0,0,0,0
BSEMOI.BSE_IDX,01/07/2025,10:58:26,2239.89,0,0,0,0,0,0
BSEMOI.BSE_IDX,01/07/2025,10:58:34,2239.72,0,0,0,0,0,0
BSEMOI.BSE_IDX,01/07/2025,10:58:42,2239.81,0,0,0,0,0,0
BSEMOI.BSE_IDX,01/07/2025,10:58:50,2239.71,0,0,0,0,0,0
BSEMOI.BSE_IDX,01/07/2025,10:58:58,2239.89,0,0,0,0,0,0
BSEMOI.BSE_IDX,01/07/2025,10:59:06,2239.65,0,0,0,0,0,0
BSEMOI.BSE_IDX,01/07/2025,10:59:14,2239.57,0,0,0,0,0,0
BSEMOI.BSE_IDX,01/07/2025,10:59:22,2239.67,0,0,0,0,0,0
BSEMOI.BSE_IDX,01/07/2025,10:59:30,2239.47,0,0,0,0,0,0
BSEMOI.BSE_IDX,01/07/2025,10:59:38,2239.41,0,0,0,0,0,0
BSEMOI.BSE_IDX,01/07/2025,10:59:47,2239.5,0,0,0,0,0,0
BSEMOI.BSE_IDX,01/07/2025,10:59:55,2239.41,0,0,0,0,0,0
BSEMOI.BSE_IDX,01/07/2025,11:00:03,2239.39,0,0,0,0,0,0
BSEMOI.BSE_IDX,01/07/2025,11:00:11,2239.24,0,0,0,0,0,0
BSEMOI.BSE_IDX,01/07/2025,11:00:18,2239.28,0,0,0,0,0,0
BSEMOI.BSE_IDX,01/07/2025,11:00:26,2239.24,0,0,0,0,0,0
BSEMOI.BSE_IDX,01/07/2025,11:00:34,2239.26,0,0,0,0,0,0
BSEMOI.BSE_IDX,01/07/2025,11:00:42,2239.18,0,0,0,0,0,0
BSEMOI.BSE_IDX,01/07/2025,11:00:50,2239.39,0,0,0,0,0,0
BSEMOI.BSE_IDX,01/07/2025,11:00:58,2239.37,0,0,0,0,0,0
BSEMOI.BSE_IDX,01/07/2025,11:01:06,2239.49,0,0,0,0,0,0
BSEMOI.BSE_IDX,01/07/2025,11:01:15,2239.49,0,0,0,0,0,0
BSEMOI.BSE_IDX,01/07/2025,11:01:22,2239.48,0,0,0,0,0,0
BSEMOI.BSE_IDX,01/07/2025,11:01:30,2239.63,0,0,0,0,0,0
BSEMOI.BSE_IDX,01/07/2025,11:01:38,2239.44,0,0,0,0,0,0
BSEMOI.BSE_IDX,01/07/2025,11:01:46,2239.46,0,0,0,0,0,0
BSEMOI.BSE_IDX,01/07/2025,11:01:54,2239.82,0,0,0,0,0,0
BSEMOI.BSE_IDX,01/07/2025,11:02:02,2239.8,0,0,0,0,0,0
BSEMOI.BSE_IDX,01/07/2025,11:02:10,2239.71,0,0,0,0,0,0
BSEMOI.BSE_IDX,01/07/2025,11:02:18,2239.76,0,0,0,0,0,0
BSEMOI.BSE_IDX,01/07/2025,11:02:27,2239.64,0,0,0,0,0,0
BSEMOI.BSE_IDX,01/07/2025,11:02:34,2239.55,0,0,0,0,0,0
BSEMOI.BSE_IDX,01/07/2025,11:02:42,2239.48,0,0,0,0,0,0
BSEMOI.BSE_IDX,01/07/2025,11:02:51,2239.44,0,0,0,0,0,0
BSEMOI.BSE_IDX,01/07/2025,11:02:58,2239.28,0,0,0,0,0,0
BSEMOI.BSE_IDX,01/07/2025,11:03:06,2239.14,0,0,0,0,0,0
BSEMOI.BSE_IDX,01/07/2025,11:03:14,2239.03,0,0,0,0,0,0
BSEMOI.BSE_IDX,01/07/2025,11:03:22,2239.11,0,0,0,0,0,0
BSEMOI.BSE_IDX,01/07/2025,11:03:31,2238.82,0,0,0,0,0,0
BSEMOI.BSE_IDX,01/07/2025,11:03:38,2238.73,0,0,0,0,0,0
BSEMOI.BSE_IDX,01/07/2025,11:03:46,2238.92,0,0,0,0,0,0
BSEMOI.BSE_IDX,01/07/2025,11:03:54,2238.87,0,0,0,0,0,0
BSEMOI.BSE_IDX,01/07/2025,11:04:02,2238.99,0,0,0,0,0,0
BSEMOI.BSE_IDX,01/07/2025,11:04:10,2238.93,0,0,0,0,0,0
BSEMOI.BSE_IDX,01/07/2025,11:04:18,2238.89,0,0,0,0,0,0
BSEMOI.BSE_IDX,01/07/2025,11:04:27,2238.96,0,0,0,0,0,0
BSEMOI.BSE_IDX,01/07/2025,11:04:34,2238.89,0,0,0,0,0,0
BSEMOI.BSE_IDX,01/07/2025,11:04:42,2238.94,0,0,0,0,0,0
BSEMOI.BSE_IDX,01/07/2025,11:04:51,2239.02,0,0,0,0,0,0
BSEMOI.BSE_IDX,01/07/2025,11:04:58,2238.93,0,0,0,0,0,0
BSEMOI.BSE_IDX,01/07/2025,11:05:06,2239.07,0,0,0,0,0,0
BSEMOI.BSE_IDX,01/07/2025,11:05:14,2239.57,0,0,0,0,0,0
BSEMOI.BSE_IDX,01/07/2025,11:05:22,2239.56,0,0,0,0,0,0
BSEMOI.BSE_IDX,01/07/2025,11:05:30,2239.57,0,0,0,0,0,0
BSEMOI.BSE_IDX,01/07/2025,11:05:38,2239.8,0,0,0,0,0,0
BSEMOI.BSE_IDX,01/07/2025,11:05:46,2239.78,0,0,0,0,0,0
BSEMOI.BSE_IDX,01/07/2025,11:05:54,2239.98,0,0,0,0,0,0
BSEMOI.BSE_IDX,01/07/2025,11:06:02,2239.99,0,0,0,0,0,0
BSEMOI.BSE_IDX,01/07/2025,11:06:11,2240.18,0,0,0,0,0,0
BSEMOI.BSE_IDX,01/07/2025,11:06:19,2240.32,0,0,0,0,0,0
BSEMOI.BSE_IDX,01/07/2025,11:06:26,2240.51,0,0,0,0,0,0
BSEMOI.BSE_IDX,01/07/2025,11:06:34,2240.77,0,0,0,0,0,0
BSEMOI.BSE_IDX,01/07/2025,11:06:42,2240.72,0,0,0,0,0,0
BSEMOI.BSE_IDX,01/07/2025,11:06:50,2240.69,0,0,0,0,0,0
BSEMOI.BSE_IDX,01/07/2025,11:06:58,2240.75,0,0,0,0,0,0
BSEMOI.BSE_IDX,01/07/2025,11:07:06,2240.93,0,0,0,0,0,0
BSEMOI.BSE_IDX,01/07/2025,11:07:15,2240.96,0,0,0,0,0,0
BSEMOI.BSE_IDX,01/07/2025,11:07:22,2240.92,0,0,0,0,0,0
BSEMOI.BSE_IDX,01/07/2025,11:07:30,2240.84,0,0,0,0,0,0
BSEMOI.BSE_IDX,01/07/2025,11:07:38,2240.96,0,0,0,0,0,0
BSEMOI.BSE_IDX,01/07/2025,11:07:46,2241.16,0,0,0,0,0,0
BSEMOI.BSE_IDX,01/07/2025,11:07:54,2241.3,0,0,0,0,0,0
BSEMOI.BSE_IDX,01/07/2025,11:08:02,2241.29,0,0,0,0,0,0
BSEMOI.BSE_IDX,01/07/2025,11:08:11,2241.29,0,0,0,0,0,0
BSEMOI.BSE_IDX,01/07/2025,11:08:18,2241.29,0,0,0,0,0,0
BSEMOI.BSE_IDX,01/07/2025,11:08:27,2241.32,0,0,0,0,0,0
BSEMOI.BSE_IDX,01/07/2025,11:08:35,2241.34,0,0,0,0,0,0
BSEMOI.BSE_IDX,01/07/2025,11:08:43,2241.41,0,0,0,0,0,0
BSEMOI.BSE_IDX,01/07/2025,11:08:51,2241.52,0,0,0,0,0,0
BSEMOI.BSE_IDX,01/07/2025,11:08:58,2241.53,0,0,0,0,0,0
BSEMOI.BSE_IDX,01/07/2025,11:09:07,2241.57,0,0,0,0,0,0
BSEMOI.BSE_IDX,01/07/2025,11:09:15,2241.56,0,0,0,0,0,0
BSEMOI.BSE_IDX,01/07/2025,11:09:23,2241.5,0,0,0,0,0,0
BSEMOI.BSE_IDX,01/07/2025,11:09:31,2241.91,0,0,0,0,0,0
BSEMOI.BSE_IDX,01/07/2025,11:09:39,2241.95,0,0,0,0,0,0
BSEMOI.BSE_IDX,01/07/2025,11:09:46,2242,0,0,0,0,0,0
BSEMOI.BSE_IDX,01/07/2025,11:09:55,2242.12,0,0,0,0,0,0
BSEMOI.BSE_IDX,01/07/2025,11:10:03,2242.15,0,0,0,0,0,0
BSEMOI.BSE_IDX,01/07/2025,11:10:11,2242.07,0,0,0,0,0,0
BSEMOI.BSE_IDX,01/07/2025,11:10:19,2242.09,0,0,0,0,0,0
BSEMOI.BSE_IDX,01/07/2025,11:10:27,2242,0,0,0,0,0,0
BSEMOI.BSE_IDX,01/07/2025,11:10:35,2242.04,0,0,0,0,0,0
BSEMOI.BSE_IDX,01/07/2025,11:10:43,2242.28,0,0,0,0,0,0
BSEMOI.BSE_IDX,01/07/2025,11:10:51,2242.25,0,0,0,0,0,0
BSEMOI.BSE_IDX,01/07/2025,11:10:59,2242.45,0,0,0,0,0,0
BSEMOI.BSE_IDX,01/07/2025,11:11:07,2242.34,0,0,0,0,0,0
BSEMOI.BSE_IDX,01/07/2025,11:11:15,2242.46,0,0,0,0,0,0
BSEMOI.BSE_IDX,01/07/2025,11:11:23,2242.34,0,0,0,0,0,0
BSEMOI.BSE_IDX,01/07/2025,11:11:31,2242.17,0,0,0,0,0,0
BSEMOI.BSE_IDX,01/07/2025,11:11:39,2242.23,0,0,0,0,0,0
BSEMOI.BSE_IDX,01/07/2025,11:11:47,2242.36,0,0,0,0,0,0
BSEMOI.BSE_IDX,01/07/2025,11:11:55,2242.14,0,0,0,0,0,0
BSEMOI.BSE_IDX,01/07/2025,11:12:03,2242.32,0,0,0,0,0,0
BSEMOI.BSE_IDX,01/07/2025,11:12:11,2242.26,0,0,0,0,0,0
BSEMOI.BSE_IDX,01/07/2025,11:12:19,2242.2,0,0,0,0,0,0
BSEMOI.BSE_IDX,01/07/2025,11:12:27,2242.05,0,0,0,0,0,0
BSEMOI.BSE_IDX,01/07/2025,11:12:35,2242.17,0,0,0,0,0,0
BSEMOI.BSE_IDX,01/07/2025,11:12:43,2242.01,0,0,0,0,0,0
BSEMOI.BSE_IDX,01/07/2025,11:12:51,2241.87,0,0,0,0,0,0
BSEMOI.BSE_IDX,01/07/2025,11:12:59,2241.74,0,0,0,0,0,0
BSEMOI.BSE_IDX,01/07/2025,11:13:07,2241.74,0,0,0,0,0,0
BSEMOI.BSE_IDX,01/07/2025,11:13:16,2241.83,0,0,0,0,0,0
BSEMOI.BSE_IDX,01/07/2025,11:13:23,2241.82,0,0,0,0,0,0
BSEMOI.BSE_IDX,01/07/2025,11:13:31,2241.69,0,0,0,0,0,0
BSEMOI.BSE_IDX,01/07/2025,11:13:39,2241.46,0,0,0,0,0,0
BSEMOI.BSE_IDX,01/07/2025,11:13:47,2241.53,0,0,0,0,0,0
BSEMOI.BSE_IDX,01/07/2025,11:13:55,2241.43,0,0,0,0,0,0
BSEMOI.BSE_IDX,01/07/2025,11:14:03,2241.45,0,0,0,0,0,0
BSEMOI.BSE_IDX,01/07/2025,11:14:11,2241.53,0,0,0,0,0,0
BSEMOI.BSE_IDX,01/07/2025,11:14:19,2241.48,0,0,0,0,0,0
BSEMOI.BSE_IDX,01/07/2025,11:14:27,2241.46,0,0,0,0,0,0
BSEMOI.BSE_IDX,01/07/2025,11:14:35,2241.36,0,0,0,0,0,0
BSEMOI.BSE_IDX,01/07/2025,11:14:43,2241.28,0,0,0,0,0,0
BSEMOI.BSE_IDX,01/07/2025,11:14:51,2241.22,0,0,0,0,0,0
BSEMOI.BSE_IDX,01/07/2025,11:14:59,2241.41,0,0,0,0,0,0
BSEMOI.BSE_IDX,01/07/2025,11:15:07,2241.22,0,0,0,0,0,0
BSEMOI.BSE_IDX,01/07/2025,11:15:15,2240.98,0,0,0,0,0,0
BSEMOI.BSE_IDX,01/07/2025,11:15:23,2240.94,0,0,0,0,0,0
BSEMOI.BSE_IDX,01/07/2025,11:15:31,2240.71,0,0,0,0,0,0
BSEMOI.BSE_IDX,01/07/2025,11:15:39,2240.77,0,0,0,0,0,0
BSEMOI.BSE_IDX,01/07/2025,11:15:47,2240.89,0,0,0,0,0,0
BSEMOI.BSE_IDX,01/07/2025,11:15:56,2240.88,0,0,0,0,0,0
BSEMOI.BSE_IDX,01/07/2025,11:16:03,2241,0,0,0,0,0,0
BSEMOI.BSE_IDX,01/07/2025,11:16:11,2241.03,0,0,0,0,0,0
BSEMOI.BSE_IDX,01/07/2025,11:16:19,2240.94,0,0,0,0,0,0
BSEMOI.BSE_IDX,01/07/2025,11:16:27,2240.57,0,0,0,0,0,0
BSEMOI.BSE_IDX,01/07/2025,11:16:35,2240.12,0,0,0,0,0,0
BSEMOI.BSE_IDX,01/07/2025,11:16:43,2240.27,0,0,0,0,0,0
BSEMOI.BSE_IDX,01/07/2025,11:16:51,2240.14,0,0,0,0,0,0
BSEMOI.BSE_IDX,01/07/2025,11:16:59,2240.07,0,0,0,0,0,0
BSEMOI.BSE_IDX,01/07/2025,11:17:07,2240.13,0,0,0,0,0,0
BSEMOI.BSE_IDX,01/07/2025,11:17:15,2240.17,0,0,0,0,0,0
BSEMOI.BSE_IDX,01/07/2025,11:17:23,2240.47,0,0,0,0,0,0
BSEMOI.BSE_IDX,01/07/2025,11:17:31,2240.55,0,0,0,0,0,0
BSEMOI.BSE_IDX,01/07/2025,11:17:39,2240.58,0,0,0,0,0,0
BSEMOI.BSE_IDX,01/07/2025,11:17:47,2240.73,0,0,0,0,0,0
BSEMOI.BSE_IDX,01/07/2025,11:17:57,2240.9,0,0,0,0,0,0
BSEMOI.BSE_IDX,01/07/2025,11:18:03,2240.75,0,0,0,0,0,0
BSEMOI.BSE_IDX,01/07/2025,11:18:11,2240.58,0,0,0,0,0,0
BSEMOI.BSE_IDX,01/07/2025,11:18:19,2240.66,0,0,0,0,0,0
BSEMOI.BSE_IDX,01/07/2025,11:18:27,2240.68,0,0,0,0,0,0
BSEMOI.BSE_IDX,01/07/2025,11:18:35,2240.68,0,0,0,0,0,0
BSEMOI.BSE_IDX,01/07/2025,11:18:44,2240.89,0,0,0,0,0,0
BSEMOI.BSE_IDX,01/07/2025,11:18:51,2240.91,0,0,0,0,0,0
BSEMOI.BSE_IDX,01/07/2025,11:18:59,2240.51,0,0,0,0,0,0
BSEMOI.BSE_IDX,01/07/2025,11:19:08,2240.26,0,0,0,0,0,0
BSEMOI.BSE_IDX,01/07/2025,11:19:15,2240.11,0,0,0,0,0,0
BSEMOI.BSE_IDX,01/07/2025,11:19:23,2240.12,0,0,0,0,0,0
BSEMOI.BSE_IDX,01/07/2025,11:19:31,2240.08,0,0,0,0,0,0
BSEMOI.BSE_IDX,01/07/2025,11:19:39,2240.14,0,0,0,0,0,0
BSEMOI.BSE_IDX,01/07/2025,11:19:47,2240.13,0,0,0,0,0,0
BSEMOI.BSE_IDX,01/07/2025,11:19:55,2239.99,0,0,0,0,0,0
BSEMOI.BSE_IDX,01/07/2025,11:20:03,2240.17,0,0,0,0,0,0
BSEMOI.BSE_IDX,01/07/2025,11:20:11,2239.86,0,0,0,0,0,0
BSEMOI.BSE_IDX,01/07/2025,11:20:19,2239.83,0,0,0,0,0,0
BSEMOI.BSE_IDX,01/07/2025,11:20:27,2239.95,0,0,0,0,0,0
BSEMOI.BSE_IDX,01/07/2025,11:20:35,2240.26,0,0,0,0,0,0
BSEMOI.BSE_IDX,01/07/2025,11:20:43,2240.23,0,0,0,0,0,0
BSEMOI.BSE_IDX,01/07/2025,11:20:51,2240.07,0,0,0,0,0,0
BSEMOI.BSE_IDX,01/07/2025,11:20:59,2239.95,0,0,0,0,0,0
BSEMOI.BSE_IDX,01/07/2025,11:21:07,2239.96,0,0,0,0,0,0
BSEMOI.BSE_IDX,01/07/2025,11:21:15,2240.09,0,0,0,0,0,0
BSEMOI.BSE_IDX,01/07/2025,11:21:24,2240.21,0,0,0,0,0,0
BSEMOI.BSE_IDX,01/07/2025,11:21:31,2240.25,0,0,0,0,0,0
BSEMOI.BSE_IDX,01/07/2025,11:21:39,2240.23,0,0,0,0,0,0
BSEMOI.BSE_IDX,01/07/2025,11:21:47,2240.21,0,0,0,0,0,0
BSEMOI.BSE_IDX,01/07/2025,11:21:56,2240.08,0,0,0,0,0,0
BSEMOI.BSE_IDX,01/07/2025,11:22:03,2240.2,0,0,0,0,0,0
BSEMOI.BSE_IDX,01/07/2025,11:22:11,2240.11,0,0,0,0,0,0
BSEMOI.BSE_IDX,01/07/2025,11:22:19,2240.16,0,0,0,0,0,0
BSEMOI.BSE_IDX,01/07/2025,11:22:28,2240.06,0,0,0,0,0,0
BSEMOI.BSE_IDX,01/07/2025,11:22:35,2240.07,0,0,0,0,0,0
BSEMOI.BSE_IDX,01/07/2025,11:22:43,2239.84,0,0,0,0,0,0
BSEMOI.BSE_IDX,01/07/2025,11:22:51,2239.76,0,0,0,0,0,0
BSEMOI.BSE_IDX,01/07/2025,11:22:59,2239.66,0,0,0,0,0,0
BSEMOI.BSE_IDX,01/07/2025,11:23:07,2239.57,0,0,0,0,0,0
BSEMOI.BSE_IDX,01/07/2025,11:23:15,2239.93,0,0,0,0,0,0
BSEMOI.BSE_IDX,01/07/2025,11:23:23,2239.78,0,0,0,0,0,0
BSEMOI.BSE_IDX,01/07/2025,11:23:31,2239.77,0,0,0,0,0,0
BSEMOI.BSE_IDX,01/07/2025,11:23:39,2239.62,0,0,0,0,0,0
BSEMOI.BSE_IDX,01/07/2025,11:23:47,2239.79,0,0,0,0,0,0
BSEMOI.BSE_IDX,01/07/2025,11:23:55,2239.82,0,0,0,0,0,0
BSEMOI.BSE_IDX,01/07/2025,11:24:04,2239.56,0,0,0,0,0,0
BSEMOI.BSE_IDX,01/07/2025,11:24:11,2239.69,0,0,0,0,0,0
BSEMOI.BSE_IDX,01/07/2025,11:24:19,2239.6,0,0,0,0,0,0
BSEMOI.BSE_IDX,01/07/2025,11:24:27,2239.81,0,0,0,0,0,0
BSEMOI.BSE_IDX,01/07/2025,11:24:35,2239.75,0,0,0,0,0,0
BSEMOI.BSE_IDX,01/07/2025,11:24:43,2239.9,0,0,0,0,0,0
BSEMOI.BSE_IDX,01/07/2025,11:24:52,2239.78,0,0,0,0,0,0
BSEMOI.BSE_IDX,01/07/2025,11:25:00,2239.82,0,0,0,0,0,0
BSEMOI.BSE_IDX,01/07/2025,11:25:07,2239.79,0,0,0,0,0,0
BSEMOI.BSE_IDX,01/07/2025,11:25:15,2239.61,0,0,0,0,0,0
BSEMOI.BSE_IDX,01/07/2025,11:25:23,2239.51,0,0,0,0,0,0
BSEMOI.BSE_IDX,01/07/2025,11:25:31,2239.59,0,0,0,0,0,0
BSEMOI.BSE_IDX,01/07/2025,11:25:41,2239.82,0,0,0,0,0,0
BSEMOI.BSE_IDX,01/07/2025,11:25:47,2239.77,0,0,0,0,0,0
BSEMOI.BSE_IDX,01/07/2025,11:25:55,2239.87,0,0,0,0,0,0
BSEMOI.BSE_IDX,01/07/2025,11:26:03,2239.87,0,0,0,0,0,0
BSEMOI.BSE_IDX,01/07/2025,11:26:11,2239.86,0,0,0,0,0,0
BSEMOI.BSE_IDX,01/07/2025,11:26:19,2239.95,0,0,0,0,0,0
BSEMOI.BSE_IDX,01/07/2025,11:26:27,2239.9,0,0,0,0,0,0
BSEMOI.BSE_IDX,01/07/2025,11:26:35,2239.95,0,0,0,0,0,0
BSEMOI.BSE_IDX,01/07/2025,11:26:43,2240.04,0,0,0,0,0,0
BSEMOI.BSE_IDX,01/07/2025,11:26:51,2240.06,0,0,0,0,0,0
BSEMOI.BSE_IDX,01/07/2025,11:26:59,2240.05,0,0,0,0,0,0
BSEMOI.BSE_IDX,01/07/2025,11:27:07,2240.13,0,0,0,0,0,0
BSEMOI.BSE_IDX,01/07/2025,11:27:15,2240,0,0,0,0,0,0
BSEMOI.BSE_IDX,01/07/2025,11:27:23,2239.84,0,0,0,0,0,0
BSEMOI.BSE_IDX,01/07/2025,11:27:31,2240.07,0,0,0,0,0,0
BSEMOI.BSE_IDX,01/07/2025,11:27:39,2240.13,0,0,0,0,0,0
BSEMOI.BSE_IDX,01/07/2025,11:27:47,2240.15,0,0,0,0,0,0
BSEMOI.BSE_IDX,01/07/2025,11:27:55,2240.06,0,0,0,0,0,0
BSEMOI.BSE_IDX,01/07/2025,11:28:03,2240.16,0,0,0,0,0,0
BSEMOI.BSE_IDX,01/07/2025,11:28:11,2240.18,0,0,0,0,0,0
BSEMOI.BSE_IDX,01/07/2025,11:28:19,2239.89,0,0,0,0,0,0
BSEMOI.BSE_IDX,01/07/2025,11:28:27,2240.06,0,0,0,0,0,0
BSEMOI.BSE_IDX,01/07/2025,11:28:36,2240.49,0,0,0,0,0,0
BSEMOI.BSE_IDX,01/07/2025,11:28:43,2240.52,0,0,0,0,0,0
BSEMOI.BSE_IDX,01/07/2025,11:28:51,2240.67,0,0,0,0,0,0
BSEMOI.BSE_IDX,01/07/2025,11:28:59,2240.69,0,0,0,0,0,0
BSEMOI.BSE_IDX,01/07/2025,11:29:07,2240.79,0,0,0,0,0,0
BSEMOI.BSE_IDX,01/07/2025,11:29:16,2240.74,0,0,0,0,0,0
BSEMOI.BSE_IDX,01/07/2025,11:29:24,2240.83,0,0,0,0,0,0
BSEMOI.BSE_IDX,01/07/2025,11:29:31,2240.8,0,0,0,0,0,0
BSEMOI.BSE_IDX,01/07/2025,11:29:39,2241.04,0,0,0,0,0,0
BSEMOI.BSE_IDX,01/07/2025,11:29:47,2241.17,0,0,0,0,0,0
BSEMOI.BSE_IDX,01/07/2025,11:29:55,2241.18,0,0,0,0,0,0
BSEMOI.BSE_IDX,01/07/2025,11:30:03,2241.11,0,0,0,0,0,0
BSEMOI.BSE_IDX,01/07/2025,11:30:11,2241.02,0,0,0,0,0,0
BSEMOI.BSE_IDX,01/07/2025,11:30:19,2241.16,0,0,0,0,0,0
BSEMOI.BSE_IDX,01/07/2025,11:30:27,2241.24,0,0,0,0,0,0
BSEMOI.BSE_IDX,01/07/2025,11:30:35,2241.38,0,0,0,0,0,0
BSEMOI.BSE_IDX,01/07/2025,11:30:43,2241.33,0,0,0,0,0,0
BSEMOI.BSE_IDX,01/07/2025,11:30:51,2240.97,0,0,0,0,0,0
BSEMOI.BSE_IDX,01/07/2025,11:30:59,2240.86,0,0,0,0,0,0
BSEMOI.BSE_IDX,01/07/2025,11:31:07,2241.03,0,0,0,0,0,0
BSEMOI.BSE_IDX,01/07/2025,11:31:15,2240.89,0,0,0,0,0,0
BSEMOI.BSE_IDX,01/07/2025,11:31:23,2240.68,0,0,0,0,0,0
BSEMOI.BSE_IDX,01/07/2025,11:31:31,2240.87,0,0,0,0,0,0
BSEMOI.BSE_IDX,01/07/2025,11:31:39,2240.8,0,0,0,0,0,0
BSEMOI.BSE_IDX,01/07/2025,11:31:47,2240.67,0,0,0,0,0,0
BSEMOI.BSE_IDX,01/07/2025,11:31:55,2240.82,0,0,0,0,0,0
BSEMOI.BSE_IDX,01/07/2025,11:32:04,2240.75,0,0,0,0,0,0
BSEMOI.BSE_IDX,01/07/2025,11:32:11,2241.12,0,0,0,0,0,0
BSEMOI.BSE_IDX,01/07/2025,11:32:19,2241.72,0,0,0,0,0,0
BSEMOI.BSE_IDX,01/07/2025,11:32:27,2241.7,0,0,0,0,0,0
BSEMOI.BSE_IDX,01/07/2025,11:32:35,2241.41,0,0,0,0,0,0
BSEMOI.BSE_IDX,01/07/2025,11:32:43,2241.33,0,0,0,0,0,0
BSEMOI.BSE_IDX,01/07/2025,11:32:51,2241.34,0,0,0,0,0,0
BSEMOI.BSE_IDX,01/07/2025,11:32:59,2241.29,0,0,0,0,0,0
BSEMOI.BSE_IDX,01/07/2025,11:33:07,2241.12,0,0,0,0,0,0
BSEMOI.BSE_IDX,01/07/2025,11:33:15,2241.11,0,0,0,0,0,0
BSEMOI.BSE_IDX,01/07/2025,11:33:23,2240.98,0,0,0,0,0,0
BSEMOI.BSE_IDX,01/07/2025,11:33:31,2241.01,0,0,0,0,0,0
BSEMOI.BSE_IDX,01/07/2025,11:33:39,2241.28,0,0,0,0,0,0
BSEMOI.BSE_IDX,01/07/2025,11:33:47,2241.21,0,0,0,0,0,0
BSEMOI.BSE_IDX,01/07/2025,11:33:55,2241.12,0,0,0,0,0,0
BSEMOI.BSE_IDX,01/07/2025,11:34:03,2241.15,0,0,0,0,0,0
BSEMOI.BSE_IDX,01/07/2025,11:34:12,2241.28,0,0,0,0,0,0
BSEMOI.BSE_IDX,01/07/2025,11:34:19,2241.16,0,0,0,0,0,0
BSEMOI.BSE_IDX,01/07/2025,11:34:27,2241.24,0,0,0,0,0,0
BSEMOI.BSE_IDX,01/07/2025,11:34:35,2241.06,0,0,0,0,0,0
BSEMOI.BSE_IDX,01/07/2025,11:34:43,2241.16,0,0,0,0,0,0
BSEMOI.BSE_IDX,01/07/2025,11:34:51,2240.91,0,0,0,0,0,0
BSEMOI.BSE_IDX,01/07/2025,11:34:59,2241,0,0,0,0,0,0
BSEMOI.BSE_IDX,01/07/2025,11:35:07,2240.94,0,0,0,0,0,0
BSEMOI.BSE_IDX,01/07/2025,11:35:16,2240.77,0,0,0,0,0,0
BSEMOI.BSE_IDX,01/07/2025,11:35:23,2240.92,0,0,0,0,0,0
BSEMOI.BSE_IDX,01/07/2025,11:35:32,2241.11,0,0,0,0,0,0
BSEMOI.BSE_IDX,01/07/2025,11:35:39,2241.23,0,0,0,0,0,0
BSEMOI.BSE_IDX,01/07/2025,11:35:47,2241.62,0,0,0,0,0,0
BSEMOI.BSE_IDX,01/07/2025,11:35:55,2241.47,0,0,0,0,0,0
BSEMOI.BSE_IDX,01/07/2025,11:36:04,2241.4,0,0,0,0,0,0
BSEMOI.BSE_IDX,01/07/2025,11:36:11,2241.45,0,0,0,0,0,0
BSEMOI.BSE_IDX,01/07/2025,11:36:19,2241.55,0,0,0,0,0,0
BSEMOI.BSE_IDX,01/07/2025,11:36:28,2241.75,0,0,0,0,0,0
BSEMOI.BSE_IDX,01/07/2025,11:36:35,2241.5,0,0,0,0,0,0
BSEMOI.BSE_IDX,01/07/2025,11:36:43,2241.49,0,0,0,0,0,0
BSEMOI.BSE_IDX,01/07/2025,11:36:54,2241.67,0,0,0,0,0,0
BSEMOI.BSE_IDX,01/07/2025,11:36:59,2241.59,0,0,0,0,0,0
BSEMOI.BSE_IDX,01/07/2025,11:37:07,2241.48,0,0,0,0,0,0
BSEMOI.BSE_IDX,01/07/2025,11:37:15,2241.34,0,0,0,0,0,0
BSEMOI.BSE_IDX,01/07/2025,11:37:23,2241.31,0,0,0,0,0,0
BSEMOI.BSE_IDX,01/07/2025,11:37:31,2241.44,0,0,0,0,0,0
BSEMOI.BSE_IDX,01/07/2025,11:37:41,2241.43,0,0,0,0,0,0
BSEMOI.BSE_IDX,01/07/2025,11:37:47,2241.66,0,0,0,0,0,0
BSEMOI.BSE_IDX,01/07/2025,11:37:55,2241.44,0,0,0,0,0,0
BSEMOI.BSE_IDX,01/07/2025,11:38:03,2241.49,0,0,0,0,0,0
BSEMOI.BSE_IDX,01/07/2025,11:38:11,2241.38,0,0,0,0,0,0
BSEMOI.BSE_IDX,01/07/2025,11:38:20,2241.24,0,0,0,0,0,0
BSEMOI.BSE_IDX,01/07/2025,11:38:27,2241.2,0,0,0,0,0,0
BSEMOI.BSE_IDX,01/07/2025,11:38:35,2241.29,0,0,0,0,0,0
BSEMOI.BSE_IDX,01/07/2025,11:38:43,2241.32,0,0,0,0,0,0
BSEMOI.BSE_IDX,01/07/2025,11:38:51,2241.17,0,0,0,0,0,0
BSEMOI.BSE_IDX,01/07/2025,11:38:59,2241.38,0,0,0,0,0,0
BSEMOI.BSE_IDX,01/07/2025,11:39:07,2241.5,0,0,0,0,0,0
BSEMOI.BSE_IDX,01/07/2025,11:39:16,2241.72,0,0,0,0,0,0
BSEMOI.BSE_IDX,01/07/2025,11:39:23,2241.81,0,0,0,0,0,0
BSEMOI.BSE_IDX,01/07/2025,11:39:31,2241.9,0,0,0,0,0,0
BSEMOI.BSE_IDX,01/07/2025,11:39:39,2241.67,0,0,0,0,0,0
BSEMOI.BSE_IDX,01/07/2025,11:39:47,2241.61,0,0,0,0,0,0
BSEMOI.BSE_IDX,01/07/2025,11:39:55,2241.37,0,0,0,0,0,0
BSEMOI.BSE_IDX,01/07/2025,11:40:03,2241.84,0,0,0,0,0,0
BSEMOI.BSE_IDX,01/07/2025,11:40:11,2242.12,0,0,0,0,0,0
BSEMOI.BSE_IDX,01/07/2025,11:40:19,2242.17,0,0,0,0,0,0
BSEMOI.BSE_IDX,01/07/2025,11:40:27,2242.1,0,0,0,0,0,0
BSEMOI.BSE_IDX,01/07/2025,11:40:35,2242.29,0,0,0,0,0,0
BSEMOI.BSE_IDX,01/07/2025,11:40:43,2242.23,0,0,0,0,0,0
BSEMOI.BSE_IDX,01/07/2025,11:40:51,2242.31,0,0,0,0,0,0
BSEMOI.BSE_IDX,01/07/2025,11:41:00,2242.24,0,0,0,0,0,0
BSEMOI.BSE_IDX,01/07/2025,11:41:07,2242.23,0,0,0,0,0,0
BSEMOI.BSE_IDX,01/07/2025,11:41:15,2242.16,0,0,0,0,0,0
BSEMOI.BSE_IDX,01/07/2025,11:41:24,2242.18,0,0,0,0,0,0
BSEMOI.BSE_IDX,01/07/2025,11:41:32,2242.26,0,0,0,0,0,0
BSEMOI.BSE_IDX,01/07/2025,11:41:39,2242.47,0,0,0,0,0,0
BSEMOI.BSE_IDX,01/07/2025,11:41:48,2242.41,0,0,0,0,0,0
BSEMOI.BSE_IDX,01/07/2025,11:41:56,2242.46,0,0,0,0,0,0
BSEMOI.BSE_IDX,01/07/2025,11:42:04,2242.69,0,0,0,0,0,0
BSEMOI.BSE_IDX,01/07/2025,11:42:12,2242.75,0,0,0,0,0,0
BSEMOI.BSE_IDX,01/07/2025,11:42:20,2242.71,0,0,0,0,0,0
BSEMOI.BSE_IDX,01/07/2025,11:42:28,2242.58,0,0,0,0,0,0
BSEMOI.BSE_IDX,01/07/2025,11:42:36,2242.6,0,0,0,0,0,0
BSEMOI.BSE_IDX,01/07/2025,11:42:44,2242.39,0,0,0,0,0,0
BSEMOI.BSE_IDX,01/07/2025,11:42:52,2242.75,0,0,0,0,0,0
BSEMOI.BSE_IDX,01/07/2025,11:43:00,2242.51,0,0,0,0,0,0
BSEMOI.BSE_IDX,01/07/2025,11:43:08,2242.6,0,0,0,0,0,0
BSEMOI.BSE_IDX,01/07/2025,11:43:16,2242.59,0,0,0,0,0,0
BSEMOI.BSE_IDX,01/07/2025,11:43:24,2242.17,0,0,0,0,0,0
BSEMOI.BSE_IDX,01/07/2025,11:43:32,2242.21,0,0,0,0,0,0
BSEMOI.BSE_IDX,01/07/2025,11:43:40,2242.22,0,0,0,0,0,0
BSEMOI.BSE_IDX,01/07/2025,11:43:48,2242.39,0,0,0,0,0,0
BSEMOI.BSE_IDX,01/07/2025,11:43:56,2242.29,0,0,0,0,0,0
BSEMOI.BSE_IDX,01/07/2025,11:44:04,2242.34,0,0,0,0,0,0
BSEMOI.BSE_IDX,01/07/2025,11:44:12,2242.28,0,0,0,0,0,0
BSEMOI.BSE_IDX,01/07/2025,11:44:20,2242.29,0,0,0,0,0,0
BSEMOI.BSE_IDX,01/07/2025,11:44:28,2242.09,0,0,0,0,0,0
BSEMOI.BSE_IDX,01/07/2025,11:44:36,2242.07,0,0,0,0,0,0
BSEMOI.BSE_IDX,01/07/2025,11:44:44,2242.03,0,0,0,0,0,0
BSEMOI.BSE_IDX,01/07/2025,11:44:52,2241.68,0,0,0,0,0,0
BSEMOI.BSE_IDX,01/07/2025,11:45:00,2241.47,0,0,0,0,0,0
BSEMOI.BSE_IDX,01/07/2025,11:45:08,2241.56,0,0,0,0,0,0
BSEMOI.BSE_IDX,01/07/2025,11:45:16,2241.65,0,0,0,0,0,0
BSEMOI.BSE_IDX,01/07/2025,11:45:24,2241.63,0,0,0,0,0,0
BSEMOI.BSE_IDX,01/07/2025,11:45:32,2241.53,0,0,0,0,0,0
BSEMOI.BSE_IDX,01/07/2025,11:45:40,2241.79,0,0,0,0,0,0
BSEMOI.BSE_IDX,01/07/2025,11:45:48,2241.55,0,0,0,0,0,0
BSEMOI.BSE_IDX,01/07/2025,11:45:56,2241.6,0,0,0,0,0,0
BSEMOI.BSE_IDX,01/07/2025,11:46:04,2241.88,0,0,0,0,0,0
BSEMOI.BSE_IDX,01/07/2025,11:46:12,2241.88,0,0,0,0,0,0
BSEMOI.BSE_IDX,01/07/2025,11:46:20,2241.95,0,0,0,0,0,0
BSEMOI.BSE_IDX,01/07/2025,11:46:28,2241.94,0,0,0,0,0,0
BSEMOI.BSE_IDX,01/07/2025,11:46:36,2241.86,0,0,0,0,0,0
BSEMOI.BSE_IDX,01/07/2025,11:46:44,2241.56,0,0,0,0,0,0
BSEMOI.BSE_IDX,01/07/2025,11:46:52,2241.52,0,0,0,0,0,0
BSEMOI.BSE_IDX,01/07/2025,11:47:00,2241.4,0,0,0,0,0,0
BSEMOI.BSE_IDX,01/07/2025,11:47:08,2241.34,0,0,0,0,0,0
BSEMOI.BSE_IDX,01/07/2025,11:47:16,2241.26,0,0,0,0,0,0
BSEMOI.BSE_IDX,01/07/2025,11:47:24,2241.13,0,0,0,0,0,0
BSEMOI.BSE_IDX,01/07/2025,11:47:32,2241.1,0,0,0,0,0,0
BSEMOI.BSE_IDX,01/07/2025,11:47:40,2240.95,0,0,0,0,0,0
BSEMOI.BSE_IDX,01/07/2025,11:47:48,2240.97,0,0,0,0,0,0
BSEMOI.BSE_IDX,01/07/2025,11:47:56,2240.88,0,0,0,0,0,0
BSEMOI.BSE_IDX,01/07/2025,11:48:04,2240.94,0,0,0,0,0,0
BSEMOI.BSE_IDX,01/07/2025,11:48:12,2241.03,0,0,0,0,0,0
BSEMOI.BSE_IDX,01/07/2025,11:48:20,2241.02,0,0,0,0,0,0
BSEMOI.BSE_IDX,01/07/2025,11:48:28,2241.25,0,0,0,0,0,0
BSEMOI.BSE_IDX,01/07/2025,11:48:36,2241.24,0,0,0,0,0,0
BSEMOI.BSE_IDX,01/07/2025,11:48:44,2241.32,0,0,0,0,0,0
BSEMOI.BSE_IDX,01/07/2025,11:48:52,2241.27,0,0,0,0,0,0
BSEMOI.BSE_IDX,01/07/2025,11:49:01,2241.36,0,0,0,0,0,0
BSEMOI.BSE_IDX,01/07/2025,11:49:09,2241.36,0,0,0,0,0,0
BSEMOI.BSE_IDX,01/07/2025,11:49:16,2241.25,0,0,0,0,0,0
BSEMOI.BSE_IDX,01/07/2025,11:49:24,2241.11,0,0,0,0,0,0
BSEMOI.BSE_IDX,01/07/2025,11:49:32,2241.08,0,0,0,0,0,0
BSEMOI.BSE_IDX,01/07/2025,11:49:40,2241.02,0,0,0,0,0,0
BSEMOI.BSE_IDX,01/07/2025,11:49:49,2240.74,0,0,0,0,0,0
BSEMOI.BSE_IDX,01/07/2025,11:49:56,2240.9,0,0,0,0,0,0
BSEMOI.BSE_IDX,01/07/2025,11:50:04,2240.7,0,0,0,0,0,0
BSEMOI.BSE_IDX,01/07/2025,11:50:12,2240.22,0,0,0,0,0,0
BSEMOI.BSE_IDX,01/07/2025,11:50:20,2240.29,0,0,0,0,0,0
BSEMOI.BSE_IDX,01/07/2025,11:50:28,2240.4,0,0,0,0,0,0
BSEMOI.BSE_IDX,01/07/2025,11:50:36,2240.39,0,0,0,0,0,0
BSEMOI.BSE_IDX,01/07/2025,11:50:44,2240.34,0,0,0,0,0,0
BSEMOI.BSE_IDX,01/07/2025,11:50:52,2240.41,0,0,0,0,0,0
BSEMOI.BSE_IDX,01/07/2025,11:51:00,2240.3,0,0,0,0,0,0
BSEMOI.BSE_IDX,01/07/2025,11:51:08,2240.3,0,0,0,0,0,0
BSEMOI.BSE_IDX,01/07/2025,11:51:16,2240.42,0,0,0,0,0,0
BSEMOI.BSE_IDX,01/07/2025,11:51:24,2240.29,0,0,0,0,0,0
BSEMOI.BSE_IDX,01/07/2025,11:51:32,2240.28,0,0,0,0,0,0
BSEMOI.BSE_IDX,01/07/2025,11:51:40,2240.29,0,0,0,0,0,0
BSEMOI.BSE_IDX,01/07/2025,11:51:48,2240.27,0,0,0,0,0,0
BSEMOI.BSE_IDX,01/07/2025,11:51:56,2240.39,0,0,0,0,0,0
BSEMOI.BSE_IDX,01/07/2025,11:52:04,2240.43,0,0,0,0,0,0
BSEMOI.BSE_IDX,01/07/2025,11:52:12,2240.21,0,0,0,0,0,0
BSEMOI.BSE_IDX,01/07/2025,11:52:20,2240.04,0,0,0,0,0,0
BSEMOI.BSE_IDX,01/07/2025,11:52:28,2240.17,0,0,0,0,0,0
BSEMOI.BSE_IDX,01/07/2025,11:52:36,2240.05,0,0,0,0,0,0
BSEMOI.BSE_IDX,01/07/2025,11:52:44,2239.96,0,0,0,0,0,0
BSEMOI.BSE_IDX,01/07/2025,11:52:52,2239.9,0,0,0,0,0,0
BSEMOI.BSE_IDX,01/07/2025,11:53:00,2239.95,0,0,0,0,0,0
BSEMOI.BSE_IDX,01/07/2025,11:53:08,2239.83,0,0,0,0,0,0
BSEMOI.BSE_IDX,01/07/2025,11:53:16,2239.77,0,0,0,0,0,0
BSEMOI.BSE_IDX,01/07/2025,11:53:24,2239.86,0,0,0,0,0,0
BSEMOI.BSE_IDX,01/07/2025,11:53:32,2239.73,0,0,0,0,0,0
BSEMOI.BSE_IDX,01/07/2025,11:53:40,2239.71,0,0,0,0,0,0
BSEMOI.BSE_IDX,01/07/2025,11:53:48,2239.44,0,0,0,0,0,0
BSEMOI.BSE_IDX,01/07/2025,11:53:56,2239.39,0,0,0,0,0,0
BSEMOI.BSE_IDX,01/07/2025,11:54:04,2238.86,0,0,0,0,0,0
BSEMOI.BSE_IDX,01/07/2025,11:54:12,2238.47,0,0,0,0,0,0
BSEMOI.BSE_IDX,01/07/2025,11:54:20,2238.52,0,0,0,0,0,0
BSEMOI.BSE_IDX,01/07/2025,11:54:28,2238.48,0,0,0,0,0,0
BSEMOI.BSE_IDX,01/07/2025,11:54:36,2238.48,0,0,0,0,0,0
BSEMOI.BSE_IDX,01/07/2025,11:54:44,2238.54,0,0,0,0,0,0
BSEMOI.BSE_IDX,01/07/2025,11:54:52,2238.35,0,0,0,0,0,0
BSEMOI.BSE_IDX,01/07/2025,11:55:00,2238.39,0,0,0,0,0,0
BSEMOI.BSE_IDX,01/07/2025,11:55:08,2238.39,0,0,0,0,0,0
BSEMOI.BSE_IDX,01/07/2025,11:55:17,2238.34,0,0,0,0,0,0
BSEMOI.BSE_IDX,01/07/2025,11:55:24,2238.37,0,0,0,0,0,0
BSEMOI.BSE_IDX,01/07/2025,11:55:32,2238.23,0,0,0,0,0,0
BSEMOI.BSE_IDX,01/07/2025,11:55:40,2238.39,0,0,0,0,0,0
BSEMOI.BSE_IDX,01/07/2025,11:55:48,2238.41,0,0,0,0,0,0
BSEMOI.BSE_IDX,01/07/2025,11:55:56,2238.36,0,0,0,0,0,0
BSEMOI.BSE_IDX,01/07/2025,11:56:05,2238.3,0,0,0,0,0,0
BSEMOI.BSE_IDX,01/07/2025,11:56:12,2238.07,0,0,0,0,0,0
BSEMOI.BSE_IDX,01/07/2025,11:56:20,2237.84,0,0,0,0,0,0
BSEMOI.BSE_IDX,01/07/2025,11:56:28,2237.73,0,0,0,0,0,0
BSEMOI.BSE_IDX,01/07/2025,11:56:36,2237.59,0,0,0,0,0,0
BSEMOI.BSE_IDX,01/07/2025,11:56:44,2237.67,0,0,0,0,0,0
BSEMOI.BSE_IDX,01/07/2025,11:56:52,2237.62,0,0,0,0,0,0
BSEMOI.BSE_IDX,01/07/2025,11:57:00,2237.57,0,0,0,0,0,0
BSEMOI.BSE_IDX,01/07/2025,11:57:08,2237.28,0,0,0,0,0,0
BSEMOI.BSE_IDX,01/07/2025,11:57:16,2237.34,0,0,0,0,0,0
BSEMOI.BSE_IDX,01/07/2025,11:57:24,2237.34,0,0,0,0,0,0
BSEMOI.BSE_IDX,01/07/2025,11:57:32,2237.36,0,0,0,0,0,0
BSEMOI.BSE_IDX,01/07/2025,11:57:40,2237.48,0,0,0,0,0,0
BSEMOI.BSE_IDX,01/07/2025,11:57:48,2237.36,0,0,0,0,0,0
BSEMOI.BSE_IDX,01/07/2025,11:57:56,2237.25,0,0,0,0,0,0
BSEMOI.BSE_IDX,01/07/2025,11:58:04,2237.14,0,0,0,0,0,0
BSEMOI.BSE_IDX,01/07/2025,11:58:12,2237.08,0,0,0,0,0,0
BSEMOI.BSE_IDX,01/07/2025,11:58:20,2236.93,0,0,0,0,0,0
BSEMOI.BSE_IDX,01/07/2025,11:58:28,2237.03,0,0,0,0,0,0
BSEMOI.BSE_IDX,01/07/2025,11:58:36,2236.96,0,0,0,0,0,0
BSEMOI.BSE_IDX,01/07/2025,11:58:44,2236.92,0,0,0,0,0,0
BSEMOI.BSE_IDX,01/07/2025,11:58:52,2236.91,0,0,0,0,0,0
BSEMOI.BSE_IDX,01/07/2025,11:59:00,2236.99,0,0,0,0,0,0
BSEMOI.BSE_IDX,01/07/2025,11:59:08,2237.09,0,0,0,0,0,0
BSEMOI.BSE_IDX,01/07/2025,11:59:16,2237.26,0,0,0,0,0,0
BSEMOI.BSE_IDX,01/07/2025,11:59:24,2237.51,0,0,0,0,0,0
BSEMOI.BSE_IDX,01/07/2025,11:59:32,2237.56,0,0,0,0,0,0
BSEMOI.BSE_IDX,01/07/2025,11:59:40,2237.65,0,0,0,0,0,0
BSEMOI.BSE_IDX,01/07/2025,11:59:48,2237.56,0,0,0,0,0,0
BSEMOI.BSE_IDX,01/07/2025,11:59:56,2237.51,0,0,0,0,0,0
BSEMOI.BSE_IDX,01/07/2025,12:00:05,2237.59,0,0,0,0,0,0
BSEMOI.BSE_IDX,01/07/2025,12:00:12,2237.81,0,0,0,0,0,0
BSEMOI.BSE_IDX,01/07/2025,12:00:20,2237.82,0,0,0,0,0,0
BSEMOI.BSE_IDX,01/07/2025,12:00:28,2237.66,0,0,0,0,0,0
BSEMOI.BSE_IDX,01/07/2025,12:00:37,2237.55,0,0,0,0,0,0
BSEMOI.BSE_IDX,01/07/2025,12:00:44,2237.45,0,0,0,0,0,0
BSEMOI.BSE_IDX,01/07/2025,12:00:52,2237.53,0,0,0,0,0,0
BSEMOI.BSE_IDX,01/07/2025,12:01:00,2237.58,0,0,0,0,0,0
BSEMOI.BSE_IDX,01/07/2025,12:01:08,2237.67,0,0,0,0,0,0
BSEMOI.BSE_IDX,01/07/2025,12:01:16,2237.74,0,0,0,0,0,0
BSEMOI.BSE_IDX,01/07/2025,12:01:24,2237.79,0,0,0,0,0,0
BSEMOI.BSE_IDX,01/07/2025,12:01:32,2237.9,0,0,0,0,0,0
BSEMOI.BSE_IDX,01/07/2025,12:01:40,2238.12,0,0,0,0,0,0
BSEMOI.BSE_IDX,01/07/2025,12:01:48,2238.17,0,0,0,0,0,0
BSEMOI.BSE_IDX,01/07/2025,12:01:57,2238.32,0,0,0,0,0,0
BSEMOI.BSE_IDX,01/07/2025,12:02:04,2238.48,0,0,0,0,0,0
BSEMOI.BSE_IDX,01/07/2025,12:02:12,2238.55,0,0,0,0,0,0
BSEMOI.BSE_IDX,01/07/2025,12:02:20,2238.38,0,0,0,0,0,0
BSEMOI.BSE_IDX,01/07/2025,12:02:28,2238.14,0,0,0,0,0,0
BSEMOI.BSE_IDX,01/07/2025,12:02:36,2238.17,0,0,0,0,0,0
BSEMOI.BSE_IDX,01/07/2025,12:02:44,2238.05,0,0,0,0,0,0
BSEMOI.BSE_IDX,01/07/2025,12:02:52,2238.17,0,0,0,0,0,0
BSEMOI.BSE_IDX,01/07/2025,12:03:00,2238.28,0,0,0,0,0,0
BSEMOI.BSE_IDX,01/07/2025,12:03:08,2238.15,0,0,0,0,0,0
BSEMOI.BSE_IDX,01/07/2025,12:03:17,2238.21,0,0,0,0,0,0
BSEMOI.BSE_IDX,01/07/2025,12:03:24,2238.18,0,0,0,0,0,0
BSEMOI.BSE_IDX,01/07/2025,12:03:32,2238.16,0,0,0,0,0,0
BSEMOI.BSE_IDX,01/07/2025,12:03:40,2238.03,0,0,0,0,0,0
BSEMOI.BSE_IDX,01/07/2025,12:03:48,2237.8,0,0,0,0,0,0
BSEMOI.BSE_IDX,01/07/2025,12:03:56,2237.92,0,0,0,0,0,0
BSEMOI.BSE_IDX,01/07/2025,12:04:04,2238.05,0,0,0,0,0,0
BSEMOI.BSE_IDX,01/07/2025,12:04:12,2238.11,0,0,0,0,0,0
BSEMOI.BSE_IDX,01/07/2025,12:04:20,2238.02,0,0,0,0,0,0
BSEMOI.BSE_IDX,01/07/2025,12:04:28,2238.19,0,0,0,0,0,0
BSEMOI.BSE_IDX,01/07/2025,12:04:36,2238.11,0,0,0,0,0,0
BSEMOI.BSE_IDX,01/07/2025,12:04:44,2238.02,0,0,0,0,0,0
BSEMOI.BSE_IDX,01/07/2025,12:04:52,2237.91,0,0,0,0,0,0
BSEMOI.BSE_IDX,01/07/2025,12:05:01,2238.07,0,0,0,0,0,0
BSEMOI.BSE_IDX,01/07/2025,12:05:08,2238.05,0,0,0,0,0,0
BSEMOI.BSE_IDX,01/07/2025,12:05:16,2238.26,0,0,0,0,0,0
BSEMOI.BSE_IDX,01/07/2025,12:05:24,2238.08,0,0,0,0,0,0
BSEMOI.BSE_IDX,01/07/2025,12:05:32,2238.02,0,0,0,0,0,0
BSEMOI.BSE_IDX,01/07/2025,12:05:40,2238.16,0,0,0,0,0,0
BSEMOI.BSE_IDX,01/07/2025,12:05:48,2238.09,0,0,0,0,0,0
BSEMOI.BSE_IDX,01/07/2025,12:05:56,2238.09,0,0,0,0,0,0
BSEMOI.BSE_IDX,01/07/2025,12:06:04,2238,0,0,0,0,0,0
BSEMOI.BSE_IDX,01/07/2025,12:06:12,2237.94,0,0,0,0,0,0
BSEMOI.BSE_IDX,01/07/2025,12:06:20,2237.86,0,0,0,0,0,0
BSEMOI.BSE_IDX,01/07/2025,12:06:28,2237.81,0,0,0,0,0,0
BSEMOI.BSE_IDX,01/07/2025,12:06:36,2237.56,0,0,0,0,0,0
BSEMOI.BSE_IDX,01/07/2025,12:06:44,2237.48,0,0,0,0,0,0
BSEMOI.BSE_IDX,01/07/2025,12:06:53,2237.36,0,0,0,0,0,0
BSEMOI.BSE_IDX,01/07/2025,12:07:00,2237.49,0,0,0,0,0,0
BSEMOI.BSE_IDX,01/07/2025,12:07:08,2237.41,0,0,0,0,0,0
BSEMOI.BSE_IDX,01/07/2025,12:07:16,2237.58,0,0,0,0,0,0
BSEMOI.BSE_IDX,01/07/2025,12:07:24,2237.4,0,0,0,0,0,0
BSEMOI.BSE_IDX,01/07/2025,12:07:32,2237.68,0,0,0,0,0,0
BSEMOI.BSE_IDX,01/07/2025,12:07:40,2237.54,0,0,0,0,0,0
BSEMOI.BSE_IDX,01/07/2025,12:07:48,2237.64,0,0,0,0,0,0
BSEMOI.BSE_IDX,01/07/2025,12:07:56,2237.59,0,0,0,0,0,0
BSEMOI.BSE_IDX,01/07/2025,12:08:04,2237.63,0,0,0,0,0,0
BSEMOI.BSE_IDX,01/07/2025,12:08:12,2237.56,0,0,0,0,0,0
BSEMOI.BSE_IDX,01/07/2025,12:08:20,2237.42,0,0,0,0,0,0
BSEMOI.BSE_IDX,01/07/2025,12:08:28,2237.34,0,0,0,0,0,0
BSEMOI.BSE_IDX,01/07/2025,12:08:36,2237.36,0,0,0,0,0,0
BSEMOI.BSE_IDX,01/07/2025,12:08:44,2237.39,0,0,0,0,0,0
BSEMOI.BSE_IDX,01/07/2025,12:08:52,2237.41,0,0,0,0,0,0
BSEMOI.BSE_IDX,01/07/2025,12:09:00,2237.43,0,0,0,0,0,0
BSEMOI.BSE_IDX,01/07/2025,12:09:08,2237.48,0,0,0,0,0,0
BSEMOI.BSE_IDX,01/07/2025,12:09:16,2237.46,0,0,0,0,0,0
BSEMOI.BSE_IDX,01/07/2025,12:09:25,2237.37,0,0,0,0,0,0
BSEMOI.BSE_IDX,01/07/2025,12:09:32,2237.7,0,0,0,0,0,0
BSEMOI.BSE_IDX,01/07/2025,12:09:40,2237.71,0,0,0,0,0,0
BSEMOI.BSE_IDX,01/07/2025,12:09:48,2237.65,0,0,0,0,0,0
BSEMOI.BSE_IDX,01/07/2025,12:09:57,2237.68,0,0,0,0,0,0
BSEMOI.BSE_IDX,01/07/2025,12:10:05,2237.67,0,0,0,0,0,0
BSEMOI.BSE_IDX,01/07/2025,12:10:13,2237.63,0,0,0,0,0,0
BSEMOI.BSE_IDX,01/07/2025,12:10:22,2237.92,0,0,0,0,0,0
BSEMOI.BSE_IDX,01/07/2025,12:10:28,2237.93,0,0,0,0,0,0
BSEMOI.BSE_IDX,01/07/2025,12:10:36,2237.89,0,0,0,0,0,0
BSEMOI.BSE_IDX,01/07/2025,12:10:45,2237.76,0,0,0,0,0,0
BSEMOI.BSE_IDX,01/07/2025,12:10:52,2237.96,0,0,0,0,0,0
BSEMOI.BSE_IDX,01/07/2025,12:11:00,2237.89,0,0,0,0,0,0
BSEMOI.BSE_IDX,01/07/2025,12:11:08,2237.86,0,0,0,0,0,0
BSEMOI.BSE_IDX,01/07/2025,12:11:17,2237.84,0,0,0,0,0,0
BSEMOI.BSE_IDX,01/07/2025,12:11:24,2237.74,0,0,0,0,0,0
BSEMOI.BSE_IDX,01/07/2025,12:11:32,2237.59,0,0,0,0,0,0
BSEMOI.BSE_IDX,01/07/2025,12:11:40,2237.48,0,0,0,0,0,0
BSEMOI.BSE_IDX,01/07/2025,12:11:49,2237.61,0,0,0,0,0,0
BSEMOI.BSE_IDX,01/07/2025,12:11:57,2237.93,0,0,0,0,0,0
BSEMOI.BSE_IDX,01/07/2025,12:12:05,2238.27,0,0,0,0,0,0
BSEMOI.BSE_IDX,01/07/2025,12:12:13,2238.23,0,0,0,0,0,0
BSEMOI.BSE_IDX,01/07/2025,12:12:21,2238.47,0,0,0,0,0,0
BSEMOI.BSE_IDX,01/07/2025,12:12:29,2238.46,0,0,0,0,0,0
BSEMOI.BSE_IDX,01/07/2025,12:12:37,2238.44,0,0,0,0,0,0
BSEMOI.BSE_IDX,01/07/2025,12:12:45,2238.38,0,0,0,0,0,0
BSEMOI.BSE_IDX,01/07/2025,12:12:53,2238.48,0,0,0,0,0,0
BSEMOI.BSE_IDX,01/07/2025,12:13:01,2238.49,0,0,0,0,0,0
BSEMOI.BSE_IDX,01/07/2025,12:13:09,2238.65,0,0,0,0,0,0
BSEMOI.BSE_IDX,01/07/2025,12:13:17,2238.8,0,0,0,0,0,0
BSEMOI.BSE_IDX,01/07/2025,12:13:25,2238.83,0,0,0,0,0,0
BSEMOI.BSE_IDX,01/07/2025,12:13:33,2238.92,0,0,0,0,0,0
BSEMOI.BSE_IDX,01/07/2025,12:13:41,2239.09,0,0,0,0,0,0
BSEMOI.BSE_IDX,01/07/2025,12:13:49,2239.19,0,0,0,0,0,0
BSEMOI.BSE_IDX,01/07/2025,12:13:57,2239.27,0,0,0,0,0,0
BSEMOI.BSE_IDX,01/07/2025,12:14:05,2239.33,0,0,0,0,0,0
BSEMOI.BSE_IDX,01/07/2025,12:14:13,2239.19,0,0,0,0,0,0
BSEMOI.BSE_IDX,01/07/2025,12:14:21,2239.18,0,0,0,0,0,0
BSEMOI.BSE_IDX,01/07/2025,12:14:29,2239.28,0,0,0,0,0,0
BSEMOI.BSE_IDX,01/07/2025,12:14:37,2239.35,0,0,0,0,0,0
BSEMOI.BSE_IDX,01/07/2025,12:14:46,2239.37,0,0,0,0,0,0
BSEMOI.BSE_IDX,01/07/2025,12:14:54,2239.34,0,0,0,0,0,0
BSEMOI.BSE_IDX,01/07/2025,12:15:01,2239.45,0,0,0,0,0,0
BSEMOI.BSE_IDX,01/07/2025,12:15:09,2239.58,0,0,0,0,0,0
BSEMOI.BSE_IDX,01/07/2025,12:15:17,2239.67,0,0,0,0,0,0
BSEMOI.BSE_IDX,01/07/2025,12:15:25,2239.74,0,0,0,0,0,0
BSEMOI.BSE_IDX,01/07/2025,12:15:33,2239.75,0,0,0,0,0,0
BSEMOI.BSE_IDX,01/07/2025,12:15:41,2239.76,0,0,0,0,0,0
BSEMOI.BSE_IDX,01/07/2025,12:15:49,2239.78,0,0,0,0,0,0
BSEMOI.BSE_IDX,01/07/2025,12:15:57,2239.81,0,0,0,0,0,0
BSEMOI.BSE_IDX,01/07/2025,12:16:05,2239.74,0,0,0,0,0,0
BSEMOI.BSE_IDX,01/07/2025,12:16:13,2239.84,0,0,0,0,0,0
BSEMOI.BSE_IDX,01/07/2025,12:16:21,2239.88,0,0,0,0,0,0
BSEMOI.BSE_IDX,01/07/2025,12:16:29,2240.04,0,0,0,0,0,0
BSEMOI.BSE_IDX,01/07/2025,12:16:37,2240.14,0,0,0,0,0,0
BSEMOI.BSE_IDX,01/07/2025,12:16:45,2239.89,0,0,0,0,0,0
BSEMOI.BSE_IDX,01/07/2025,12:16:53,2239.78,0,0,0,0,0,0
BSEMOI.BSE_IDX,01/07/2025,12:17:01,2239.97,0,0,0,0,0,0
BSEMOI.BSE_IDX,01/07/2025,12:17:09,2240.02,0,0,0,0,0,0
BSEMOI.BSE_IDX,01/07/2025,12:17:17,2240.13,0,0,0,0,0,0
BSEMOI.BSE_IDX,01/07/2025,12:17:25,2240.21,0,0,0,0,0,0
BSEMOI.BSE_IDX,01/07/2025,12:17:33,2240.29,0,0,0,0,0,0
BSEMOI.BSE_IDX,01/07/2025,12:17:41,2240.22,0,0,0,0,0,0
BSEMOI.BSE_IDX,01/07/2025,12:17:49,2240.08,0,0,0,0,0,0
BSEMOI.BSE_IDX,01/07/2025,12:17:57,2239.98,0,0,0,0,0,0
BSEMOI.BSE_IDX,01/07/2025,12:18:05,2239.99,0,0,0,0,0,0
BSEMOI.BSE_IDX,01/07/2025,12:18:13,2240.05,0,0,0,0,0,0
BSEMOI.BSE_IDX,01/07/2025,12:18:21,2240.1,0,0,0,0,0,0
BSEMOI.BSE_IDX,01/07/2025,12:18:29,2240.19,0,0,0,0,0,0
BSEMOI.BSE_IDX,01/07/2025,12:18:37,2240.29,0,0,0,0,0,0
BSEMOI.BSE_IDX,01/07/2025,12:18:45,2240.22,0,0,0,0,0,0
BSEMOI.BSE_IDX,01/07/2025,12:18:53,2240.37,0,0,0,0,0,0
BSEMOI.BSE_IDX,01/07/2025,12:19:01,2240.51,0,0,0,0,0,0
BSEMOI.BSE_IDX,01/07/2025,12:19:09,2240.42,0,0,0,0,0,0
BSEMOI.BSE_IDX,01/07/2025,12:19:17,2240.46,0,0,0,0,0,0
BSEMOI.BSE_IDX,01/07/2025,12:19:25,2240.62,0,0,0,0,0,0
BSEMOI.BSE_IDX,01/07/2025,12:19:33,2240.57,0,0,0,0,0,0
BSEMOI.BSE_IDX,01/07/2025,12:19:41,2240.98,0,0,0,0,0,0
BSEMOI.BSE_IDX,01/07/2025,12:19:49,2241.12,0,0,0,0,0,0
BSEMOI.BSE_IDX,01/07/2025,12:19:57,2241.03,0,0,0,0,0,0
BSEMOI.BSE_IDX,01/07/2025,12:20:05,2241.1,0,0,0,0,0,0
BSEMOI.BSE_IDX,01/07/2025,12:20:13,2241.01,0,0,0,0,0,0
BSEMOI.BSE_IDX,01/07/2025,12:20:21,2241.27,0,0,0,0,0,0
BSEMOI.BSE_IDX,01/07/2025,12:20:29,2241.57,0,0,0,0,0,0
BSEMOI.BSE_IDX,01/07/2025,12:20:37,2241.87,0,0,0,0,0,0
BSEMOI.BSE_IDX,01/07/2025,12:20:45,2241.98,0,0,0,0,0,0
BSEMOI.BSE_IDX,01/07/2025,12:20:53,2241.76,0,0,0,0,0,0
BSEMOI.BSE_IDX,01/07/2025,12:21:01,2241.61,0,0,0,0,0,0
BSEMOI.BSE_IDX,01/07/2025,12:21:09,2241.49,0,0,0,0,0,0
BSEMOI.BSE_IDX,01/07/2025,12:21:17,2241.44,0,0,0,0,0,0
BSEMOI.BSE_IDX,01/07/2025,12:21:25,2241.41,0,0,0,0,0,0
BSEMOI.BSE_IDX,01/07/2025,12:21:33,2241.37,0,0,0,0,0,0
BSEMOI.BSE_IDX,01/07/2025,12:21:41,2241.55,0,0,0,0,0,0
BSEMOI.BSE_IDX,01/07/2025,12:21:49,2241.84,0,0,0,0,0,0
BSEMOI.BSE_IDX,01/07/2025,12:21:57,2242.03,0,0,0,0,0,0
BSEMOI.BSE_IDX,01/07/2025,12:22:05,2242.08,0,0,0,0,0,0
BSEMOI.BSE_IDX,01/07/2025,12:22:13,2242.1,0,0,0,0,0,0
BSEMOI.BSE_IDX,01/07/2025,12:22:21,2242.22,0,0,0,0,0,0
BSEMOI.BSE_IDX,01/07/2025,12:22:29,2242.32,0,0,0,0,0,0
BSEMOI.BSE_IDX,01/07/2025,12:22:37,2242.08,0,0,0,0,0,0
BSEMOI.BSE_IDX,01/07/2025,12:22:45,2242.09,0,0,0,0,0,0
BSEMOI.BSE_IDX,01/07/2025,12:22:53,2242.07,0,0,0,0,0,0
BSEMOI.BSE_IDX,01/07/2025,12:23:02,2242.13,0,0,0,0,0,0
BSEMOI.BSE_IDX,01/07/2025,12:23:09,2241.91,0,0,0,0,0,0
BSEMOI.BSE_IDX,01/07/2025,12:23:17,2241.82,0,0,0,0,0,0
BSEMOI.BSE_IDX,01/07/2025,12:23:25,2241.93,0,0,0,0,0,0
BSEMOI.BSE_IDX,01/07/2025,12:23:33,2242.02,0,0,0,0,0,0
BSEMOI.BSE_IDX,01/07/2025,12:23:41,2242.04,0,0,0,0,0,0
BSEMOI.BSE_IDX,01/07/2025,12:23:49,2242.01,0,0,0,0,0,0
BSEMOI.BSE_IDX,01/07/2025,12:23:57,2242.01,0,0,0,0,0,0
BSEMOI.BSE_IDX,01/07/2025,12:24:05,2242.37,0,0,0,0,0,0
BSEMOI.BSE_IDX,01/07/2025,12:24:13,2242.29,0,0,0,0,0,0
BSEMOI.BSE_IDX,01/07/2025,12:24:21,2242.42,0,0,0,0,0,0
BSEMOI.BSE_IDX,01/07/2025,12:24:29,2242.46,0,0,0,0,0,0
BSEMOI.BSE_IDX,01/07/2025,12:24:37,2242.25,0,0,0,0,0,0
BSEMOI.BSE_IDX,01/07/2025,12:24:45,2242.28,0,0,0,0,0,0
BSEMOI.BSE_IDX,01/07/2025,12:24:53,2242.24,0,0,0,0,0,0
BSEMOI.BSE_IDX,01/07/2025,12:25:01,2242.23,0,0,0,0,0,0
BSEMOI.BSE_IDX,01/07/2025,12:25:09,2242.25,0,0,0,0,0,0
BSEMOI.BSE_IDX,01/07/2025,12:25:17,2242.18,0,0,0,0,0,0
BSEMOI.BSE_IDX,01/07/2025,12:25:25,2242.21,0,0,0,0,0,0
BSEMOI.BSE_IDX,01/07/2025,12:25:33,2242.12,0,0,0,0,0,0
BSEMOI.BSE_IDX,01/07/2025,12:25:41,2242.22,0,0,0,0,0,0
BSEMOI.BSE_IDX,01/07/2025,12:25:49,2242.21,0,0,0,0,0,0
BSEMOI.BSE_IDX,01/07/2025,12:25:57,2242.22,0,0,0,0,0,0
BSEMOI.BSE_IDX,01/07/2025,12:26:05,2242.37,0,0,0,0,0,0
BSEMOI.BSE_IDX,01/07/2025,12:26:13,2242.16,0,0,0,0,0,0
BSEMOI.BSE_IDX,01/07/2025,12:26:21,2242.24,0,0,0,0,0,0
BSEMOI.BSE_IDX,01/07/2025,12:26:31,2242.2,0,0,0,0,0,0
BSEMOI.BSE_IDX,01/07/2025,12:26:37,2242.12,0,0,0,0,0,0
BSEMOI.BSE_IDX,01/07/2025,12:26:45,2242.32,0,0,0,0,0,0
BSEMOI.BSE_IDX,01/07/2025,12:26:53,2242.33,0,0,0,0,0,0
BSEMOI.BSE_IDX,01/07/2025,12:27:01,2242.43,0,0,0,0,0,0
BSEMOI.BSE_IDX,01/07/2025,12:27:09,2242.36,0,0,0,0,0,0
BSEMOI.BSE_IDX,01/07/2025,12:27:17,2242.35,0,0,0,0,0,0
BSEMOI.BSE_IDX,01/07/2025,12:27:25,2242.32,0,0,0,0,0,0
BSEMOI.BSE_IDX,01/07/2025,12:27:33,2242.28,0,0,0,0,0,0
BSEMOI.BSE_IDX,01/07/2025,12:27:41,2242.32,0,0,0,0,0,0
BSEMOI.BSE_IDX,01/07/2025,12:27:49,2242.26,0,0,0,0,0,0
BSEMOI.BSE_IDX,01/07/2025,12:27:57,2242.26,0,0,0,0,0,0
BSEMOI.BSE_IDX,01/07/2025,12:28:05,2242.26,0,0,0,0,0,0
BSEMOI.BSE_IDX,01/07/2025,12:28:13,2242.26,0,0,0,0,0,0
BSEMOI.BSE_IDX,01/07/2025,12:28:21,2242.13,0,0,0,0,0,0
BSEMOI.BSE_IDX,01/07/2025,12:28:29,2242.05,0,0,0,0,0,0
BSEMOI.BSE_IDX,01/07/2025,12:28:37,2242.04,0,0,0,0,0,0
BSEMOI.BSE_IDX,01/07/2025,12:28:45,2241.84,0,0,0,0,0,0
BSEMOI.BSE_IDX,01/07/2025,12:28:53,2241.76,0,0,0,0,0,0
BSEMOI.BSE_IDX,01/07/2025,12:29:01,2241.59,0,0,0,0,0,0
BSEMOI.BSE_IDX,01/07/2025,12:29:10,2241.51,0,0,0,0,0,0
BSEMOI.BSE_IDX,01/07/2025,12:29:18,2241.47,0,0,0,0,0,0
BSEMOI.BSE_IDX,01/07/2025,12:29:25,2241.51,0,0,0,0,0,0
BSEMOI.BSE_IDX,01/07/2025,12:29:33,2241.36,0,0,0,0,0,0
BSEMOI.BSE_IDX,01/07/2025,12:29:41,2241.35,0,0,0,0,0,0
BSEMOI.BSE_IDX,01/07/2025,12:29:49,2241.36,0,0,0,0,0,0
BSEMOI.BSE_IDX,01/07/2025,12:29:57,2241.29,0,0,0,0,0,0
BSEMOI.BSE_IDX,01/07/2025,12:30:05,2241.43,0,0,0,0,0,0
BSEMOI.BSE_IDX,01/07/2025,12:30:13,2241.57,0,0,0,0,0,0
BSEMOI.BSE_IDX,01/07/2025,12:30:22,2241.67,0,0,0,0,0,0
BSEMOI.BSE_IDX,01/07/2025,12:30:29,2241.7,0,0,0,0,0,0
BSEMOI.BSE_IDX,01/07/2025,12:30:37,2241.7,0,0,0,0,0,0
BSEMOI.BSE_IDX,01/07/2025,12:30:45,2241.65,0,0,0,0,0,0
BSEMOI.BSE_IDX,01/07/2025,12:30:53,2241.52,0,0,0,0,0,0
BSEMOI.BSE_IDX,01/07/2025,12:31:01,2241.52,0,0,0,0,0,0
BSEMOI.BSE_IDX,01/07/2025,12:31:09,2241.06,0,0,0,0,0,0
BSEMOI.BSE_IDX,01/07/2025,12:31:17,2240.9,0,0,0,0,0,0
BSEMOI.BSE_IDX,01/07/2025,12:31:25,2240.7,0,0,0,0,0,0
BSEMOI.BSE_IDX,01/07/2025,12:31:34,2240.69,0,0,0,0,0,0
BSEMOI.BSE_IDX,01/07/2025,12:31:41,2240.57,0,0,0,0,0,0
BSEMOI.BSE_IDX,01/07/2025,12:31:49,2240.47,0,0,0,0,0,0
BSEMOI.BSE_IDX,01/07/2025,12:31:57,2240.36,0,0,0,0,0,0
BSEMOI.BSE_IDX,01/07/2025,12:32:05,2240.27,0,0,0,0,0,0
BSEMOI.BSE_IDX,01/07/2025,12:32:13,2240.31,0,0,0,0,0,0
BSEMOI.BSE_IDX,01/07/2025,12:32:21,2240.27,0,0,0,0,0,0
BSEMOI.BSE_IDX,01/07/2025,12:32:29,2240.33,0,0,0,0,0,0
BSEMOI.BSE_IDX,01/07/2025,12:32:37,2240.18,0,0,0,0,0,0
BSEMOI.BSE_IDX,01/07/2025,12:32:45,2240.12,0,0,0,0,0,0
BSEMOI.BSE_IDX,01/07/2025,12:32:53,2240.07,0,0,0,0,0,0
BSEMOI.BSE_IDX,01/07/2025,12:33:01,2240.04,0,0,0,0,0,0
BSEMOI.BSE_IDX,01/07/2025,12:33:09,2240.1,0,0,0,0,0,0
BSEMOI.BSE_IDX,01/07/2025,12:33:17,2239.97,0,0,0,0,0,0
BSEMOI.BSE_IDX,01/07/2025,12:33:26,2239.99,0,0,0,0,0,0
BSEMOI.BSE_IDX,01/07/2025,12:33:33,2239.86,0,0,0,0,0,0
BSEMOI.BSE_IDX,01/07/2025,12:33:41,2239.91,0,0,0,0,0,0
BSEMOI.BSE_IDX,01/07/2025,12:33:49,2239.72,0,0,0,0,0,0
BSEMOI.BSE_IDX,01/07/2025,12:33:57,2239.8,0,0,0,0,0,0
BSEMOI.BSE_IDX,01/07/2025,12:34:05,2239.81,0,0,0,0,0,0
BSEMOI.BSE_IDX,01/07/2025,12:34:13,2239.8,0,0,0,0,0,0
BSEMOI.BSE_IDX,01/07/2025,12:34:21,2239.71,0,0,0,0,0,0
BSEMOI.BSE_IDX,01/07/2025,12:34:29,2239.93,0,0,0,0,0,0
BSEMOI.BSE_IDX,01/07/2025,12:34:37,2239.91,0,0,0,0,0,0
BSEMOI.BSE_IDX,01/07/2025,12:34:45,2240,0,0,0,0,0,0
BSEMOI.BSE_IDX,01/07/2025,12:34:53,2239.98,0,0,0,0,0,0
BSEMOI.BSE_IDX,01/07/2025,12:35:01,2240.06,0,0,0,0,0,0
BSEMOI.BSE_IDX,01/07/2025,12:35:09,2240.27,0,0,0,0,0,0
BSEMOI.BSE_IDX,01/07/2025,12:35:17,2240.36,0,0,0,0,0,0
BSEMOI.BSE_IDX,01/07/2025,12:35:25,2240.33,0,0,0,0,0,0
BSEMOI.BSE_IDX,01/07/2025,12:35:33,2240.41,0,0,0,0,0,0
BSEMOI.BSE_IDX,01/07/2025,12:35:41,2240.22,0,0,0,0,0,0
BSEMOI.BSE_IDX,01/07/2025,12:35:49,2240.49,0,0,0,0,0,0
BSEMOI.BSE_IDX,01/07/2025,12:35:57,2240.47,0,0,0,0,0,0
BSEMOI.BSE_IDX,01/07/2025,12:36:05,2240.59,0,0,0,0,0,0
BSEMOI.BSE_IDX,01/07/2025,12:36:13,2240.58,0,0,0,0,0,0
BSEMOI.BSE_IDX,01/07/2025,12:36:21,2240.55,0,0,0,0,0,0
BSEMOI.BSE_IDX,01/07/2025,12:36:29,2240.67,0,0,0,0,0,0
BSEMOI.BSE_IDX,01/07/2025,12:36:37,2240.74,0,0,0,0,0,0
BSEMOI.BSE_IDX,01/07/2025,12:36:45,2240.91,0,0,0,0,0,0
BSEMOI.BSE_IDX,01/07/2025,12:36:53,2240.72,0,0,0,0,0,0
BSEMOI.BSE_IDX,01/07/2025,12:37:01,2240.71,0,0,0,0,0,0
BSEMOI.BSE_IDX,01/07/2025,12:37:09,2240.81,0,0,0,0,0,0
BSEMOI.BSE_IDX,01/07/2025,12:37:17,2240.77,0,0,0,0,0,0
BSEMOI.BSE_IDX,01/07/2025,12:37:25,2240.87,0,0,0,0,0,0
BSEMOI.BSE_IDX,01/07/2025,12:37:33,2240.92,0,0,0,0,0,0
BSEMOI.BSE_IDX,01/07/2025,12:37:41,2240.26,0,0,0,0,0,0
BSEMOI.BSE_IDX,01/07/2025,12:37:49,2240.12,0,0,0,0,0,0
BSEMOI.BSE_IDX,01/07/2025,12:37:57,2240.18,0,0,0,0,0,0
BSEMOI.BSE_IDX,01/07/2025,12:38:05,2240.04,0,0,0,0,0,0
BSEMOI.BSE_IDX,01/07/2025,12:38:13,2240,0,0,0,0,0,0
BSEMOI.BSE_IDX,01/07/2025,12:38:22,2240.03,0,0,0,0,0,0
BSEMOI.BSE_IDX,01/07/2025,12:38:29,2239.94,0,0,0,0,0,0
BSEMOI.BSE_IDX,01/07/2025,12:38:39,2239.93,0,0,0,0,0,0
BSEMOI.BSE_IDX,01/07/2025,12:38:45,2240.25,0,0,0,0,0,0
BSEMOI.BSE_IDX,01/07/2025,12:38:53,2240.33,0,0,0,0,0,0
BSEMOI.BSE_IDX,01/07/2025,12:39:01,2240.3,0,0,0,0,0,0
BSEMOI.BSE_IDX,01/07/2025,12:39:10,2240.2,0,0,0,0,0,0
BSEMOI.BSE_IDX,01/07/2025,12:39:17,2240.21,0,0,0,0,0,0
BSEMOI.BSE_IDX,01/07/2025,12:39:25,2240.18,0,0,0,0,0,0
BSEMOI.BSE_IDX,01/07/2025,12:39:34,2240.14,0,0,0,0,0,0
BSEMOI.BSE_IDX,01/07/2025,12:39:42,2240.2,0,0,0,0,0,0
BSEMOI.BSE_IDX,01/07/2025,12:39:49,2240.02,0,0,0,0,0,0
BSEMOI.BSE_IDX,01/07/2025,12:39:57,2240.04,0,0,0,0,0,0
BSEMOI.BSE_IDX,01/07/2025,12:40:05,2240.15,0,0,0,0,0,0
BSEMOI.BSE_IDX,01/07/2025,12:40:14,2240.07,0,0,0,0,0,0
BSEMOI.BSE_IDX,01/07/2025,12:40:21,2239.97,0,0,0,0,0,0
BSEMOI.BSE_IDX,01/07/2025,12:40:29,2240.04,0,0,0,0,0,0
BSEMOI.BSE_IDX,01/07/2025,12:40:37,2240.04,0,0,0,0,0,0
BSEMOI.BSE_IDX,01/07/2025,12:40:45,2240.12,0,0,0,0,0,0
BSEMOI.BSE_IDX,01/07/2025,12:40:54,2240.19,0,0,0,0,0,0
BSEMOI.BSE_IDX,01/07/2025,12:41:01,2240.35,0,0,0,0,0,0
BSEMOI.BSE_IDX,01/07/2025,12:41:09,2240.26,0,0,0,0,0,0
BSEMOI.BSE_IDX,01/07/2025,12:41:17,2240.22,0,0,0,0,0,0
BSEMOI.BSE_IDX,01/07/2025,12:41:25,2240.31,0,0,0,0,0,0
BSEMOI.BSE_IDX,01/07/2025,12:41:33,2240.38,0,0,0,0,0,0
BSEMOI.BSE_IDX,01/07/2025,12:41:41,2240.32,0,0,0,0,0,0
BSEMOI.BSE_IDX,01/07/2025,12:41:49,2240.38,0,0,0,0,0,0
BSEMOI.BSE_IDX,01/07/2025,12:41:57,2240.5,0,0,0,0,0,0
BSEMOI.BSE_IDX,01/07/2025,12:42:05,2240.61,0,0,0,0,0,0
BSEMOI.BSE_IDX,01/07/2025,12:42:13,2240.65,0,0,0,0,0,0
BSEMOI.BSE_IDX,01/07/2025,12:42:21,2240.62,0,0,0,0,0,0
BSEMOI.BSE_IDX,01/07/2025,12:42:29,2240.56,0,0,0,0,0,0
BSEMOI.BSE_IDX,01/07/2025,12:42:37,2240.65,0,0,0,0,0,0
BSEMOI.BSE_IDX,01/07/2025,12:42:45,2240.75,0,0,0,0,0,0
BSEMOI.BSE_IDX,01/07/2025,12:42:53,2240.78,0,0,0,0,0,0
BSEMOI.BSE_IDX,01/07/2025,12:43:01,2240.64,0,0,0,0,0,0
BSEMOI.BSE_IDX,01/07/2025,12:43:10,2240.43,0,0,0,0,0,0
BSEMOI.BSE_IDX,01/07/2025,12:43:17,2240.49,0,0,0,0,0,0
BSEMOI.BSE_IDX,01/07/2025,12:43:26,2240.51,0,0,0,0,0,0
BSEMOI.BSE_IDX,01/07/2025,12:43:33,2240.5,0,0,0,0,0,0
BSEMOI.BSE_IDX,01/07/2025,12:43:41,2240.45,0,0,0,0,0,0
BSEMOI.BSE_IDX,01/07/2025,12:43:49,2240.44,0,0,0,0,0,0
BSEMOI.BSE_IDX,01/07/2025,12:43:58,2240.38,0,0,0,0,0,0
BSEMOI.BSE_IDX,01/07/2025,12:44:05,2240.28,0,0,0,0,0,0
BSEMOI.BSE_IDX,01/07/2025,12:44:14,2240.3,0,0,0,0,0,0
BSEMOI.BSE_IDX,01/07/2025,12:44:21,2240.26,0,0,0,0,0,0
BSEMOI.BSE_IDX,01/07/2025,12:44:29,2240.06,0,0,0,0,0,0
BSEMOI.BSE_IDX,01/07/2025,12:44:38,2240.17,0,0,0,0,0,0
BSEMOI.BSE_IDX,01/07/2025,12:44:45,2240.22,0,0,0,0,0,0
BSEMOI.BSE_IDX,01/07/2025,12:44:53,2239.96,0,0,0,0,0,0
BSEMOI.BSE_IDX,01/07/2025,12:45:01,2240.1,0,0,0,0,0,0
BSEMOI.BSE_IDX,01/07/2025,12:45:11,2240,0,0,0,0,0,0
BSEMOI.BSE_IDX,01/07/2025,12:45:17,2239.77,0,0,0,0,0,0
BSEMOI.BSE_IDX,01/07/2025,12:45:25,2239.92,0,0,0,0,0,0
BSEMOI.BSE_IDX,01/07/2025,12:45:34,2239.93,0,0,0,0,0,0
BSEMOI.BSE_IDX,01/07/2025,12:45:42,2239.92,0,0,0,0,0,0
BSEMOI.BSE_IDX,01/07/2025,12:45:50,2239.91,0,0,0,0,0,0
BSEMOI.BSE_IDX,01/07/2025,12:45:58,2239.88,0,0,0,0,0,0
BSEMOI.BSE_IDX,01/07/2025,12:46:06,2239.8,0,0,0,0,0,0
BSEMOI.BSE_IDX,01/07/2025,12:46:14,2239.86,0,0,0,0,0,0
BSEMOI.BSE_IDX,01/07/2025,12:46:22,2239.7,0,0,0,0,0,0
BSEMOI.BSE_IDX,01/07/2025,12:46:30,2239.6,0,0,0,0,0,0
BSEMOI.BSE_IDX,01/07/2025,12:46:38,2239.76,0,0,0,0,0,0
BSEMOI.BSE_IDX,01/07/2025,12:46:46,2239.76,0,0,0,0,0,0
BSEMOI.BSE_IDX,01/07/2025,12:46:54,2239.56,0,0,0,0,0,0
BSEMOI.BSE_IDX,01/07/2025,12:47:02,2239.69,0,0,0,0,0,0
BSEMOI.BSE_IDX,01/07/2025,12:47:10,2239.33,0,0,0,0,0,0
BSEMOI.BSE_IDX,01/07/2025,12:47:18,2239.38,0,0,0,0,0,0
BSEMOI.BSE_IDX,01/07/2025,12:47:26,2239.44,0,0,0,0,0,0
BSEMOI.BSE_IDX,01/07/2025,12:47:34,2239.5,0,0,0,0,0,0
BSEMOI.BSE_IDX,01/07/2025,12:47:42,2239.34,0,0,0,0,0,0
BSEMOI.BSE_IDX,01/07/2025,12:47:50,2239.53,0,0,0,0,0,0
BSEMOI.BSE_IDX,01/07/2025,12:47:58,2239.46,0,0,0,0,0,0
BSEMOI.BSE_IDX,01/07/2025,12:48:06,2239.44,0,0,0,0,0,0
BSEMOI.BSE_IDX,01/07/2025,12:48:14,2239.39,0,0,0,0,0,0
BSEMOI.BSE_IDX,01/07/2025,12:48:22,2239.33,0,0,0,0,0,0
BSEMOI.BSE_IDX,01/07/2025,12:48:30,2239.49,0,0,0,0,0,0
BSEMOI.BSE_IDX,01/07/2025,12:48:38,2239.43,0,0,0,0,0,0
BSEMOI.BSE_IDX,01/07/2025,12:48:46,2239.59,0,0,0,0,0,0
BSEMOI.BSE_IDX,01/07/2025,12:48:54,2239.58,0,0,0,0,0,0
BSEMOI.BSE_IDX,01/07/2025,12:49:02,2239.6,0,0,0,0,0,0
BSEMOI.BSE_IDX,01/07/2025,12:49:10,2239.31,0,0,0,0,0,0
BSEMOI.BSE_IDX,01/07/2025,12:49:18,2239.26,0,0,0,0,0,0
BSEMOI.BSE_IDX,01/07/2025,12:49:26,2239.22,0,0,0,0,0,0
BSEMOI.BSE_IDX,01/07/2025,12:49:34,2239.05,0,0,0,0,0,0
BSEMOI.BSE_IDX,01/07/2025,12:49:42,2239.05,0,0,0,0,0,0
BSEMOI.BSE_IDX,01/07/2025,12:49:50,2239.14,0,0,0,0,0,0
BSEMOI.BSE_IDX,01/07/2025,12:49:58,2239.19,0,0,0,0,0,0
BSEMOI.BSE_IDX,01/07/2025,12:50:06,2239.33,0,0,0,0,0,0
BSEMOI.BSE_IDX,01/07/2025,12:50:14,2239.2,0,0,0,0,0,0
BSEMOI.BSE_IDX,01/07/2025,12:50:22,2239.27,0,0,0,0,0,0
BSEMOI.BSE_IDX,01/07/2025,12:50:30,2239.17,0,0,0,0,0,0
BSEMOI.BSE_IDX,01/07/2025,12:50:38,2239.31,0,0,0,0,0,0
BSEMOI.BSE_IDX,01/07/2025,12:50:47,2239.43,0,0,0,0,0,0
BSEMOI.BSE_IDX,01/07/2025,12:50:54,2239.48,0,0,0,0,0,0
BSEMOI.BSE_IDX,01/07/2025,12:51:02,2239.49,0,0,0,0,0,0
BSEMOI.BSE_IDX,01/07/2025,12:51:10,2239.42,0,0,0,0,0,0
BSEMOI.BSE_IDX,01/07/2025,12:51:19,2239.55,0,0,0,0,0,0
BSEMOI.BSE_IDX,01/07/2025,12:51:26,2239.31,0,0,0,0,0,0
BSEMOI.BSE_IDX,01/07/2025,12:51:34,2239.3,0,0,0,0,0,0
BSEMOI.BSE_IDX,01/07/2025,12:51:42,2239.21,0,0,0,0,0,0
BSEMOI.BSE_IDX,01/07/2025,12:51:50,2239.29,0,0,0,0,0,0
BSEMOI.BSE_IDX,01/07/2025,12:51:58,2239.31,0,0,0,0,0,0
BSEMOI.BSE_IDX,01/07/2025,12:52:06,2239.23,0,0,0,0,0,0
BSEMOI.BSE_IDX,01/07/2025,12:52:14,2239.17,0,0,0,0,0,0
BSEMOI.BSE_IDX,01/07/2025,12:52:22,2239.24,0,0,0,0,0,0
BSEMOI.BSE_IDX,01/07/2025,12:52:30,2239.17,0,0,0,0,0,0
BSEMOI.BSE_IDX,01/07/2025,12:52:38,2239.22,0,0,0,0,0,0
BSEMOI.BSE_IDX,01/07/2025,12:52:46,2239.08,0,0,0,0,0,0
BSEMOI.BSE_IDX,01/07/2025,12:52:54,2239.17,0,0,0,0,0,0
BSEMOI.BSE_IDX,01/07/2025,12:53:02,2239.11,0,0,0,0,0,0
BSEMOI.BSE_IDX,01/07/2025,12:53:10,2239.13,0,0,0,0,0,0
BSEMOI.BSE_IDX,01/07/2025,12:53:18,2239.08,0,0,0,0,0,0
BSEMOI.BSE_IDX,01/07/2025,12:53:26,2239.03,0,0,0,0,0,0
BSEMOI.BSE_IDX,01/07/2025,12:53:34,2239,0,0,0,0,0,0
BSEMOI.BSE_IDX,01/07/2025,12:53:42,2238.83,0,0,0,0,0,0
BSEMOI.BSE_IDX,01/07/2025,12:53:50,2238.82,0,0,0,0,0,0
BSEMOI.BSE_IDX,01/07/2025,12:53:58,2239.03,0,0,0,0,0,0
BSEMOI.BSE_IDX,01/07/2025,12:54:06,2239.03,0,0,0,0,0,0
BSEMOI.BSE_IDX,01/07/2025,12:54:14,2238.9,0,0,0,0,0,0
BSEMOI.BSE_IDX,01/07/2025,12:54:22,2238.82,0,0,0,0,0,0
BSEMOI.BSE_IDX,01/07/2025,12:54:30,2238.92,0,0,0,0,0,0
BSEMOI.BSE_IDX,01/07/2025,12:54:38,2238.59,0,0,0,0,0,0
BSEMOI.BSE_IDX,01/07/2025,12:54:46,2238.37,0,0,0,0,0,0
BSEMOI.BSE_IDX,01/07/2025,12:54:54,2238.22,0,0,0,0,0,0
BSEMOI.BSE_IDX,01/07/2025,12:55:02,2238.32,0,0,0,0,0,0
BSEMOI.BSE_IDX,01/07/2025,12:55:10,2238.29,0,0,0,0,0,0
BSEMOI.BSE_IDX,01/07/2025,12:55:18,2238.14,0,0,0,0,0,0
BSEMOI.BSE_IDX,01/07/2025,12:55:26,2238.13,0,0,0,0,0,0
BSEMOI.BSE_IDX,01/07/2025,12:55:34,2238.23,0,0,0,0,0,0
BSEMOI.BSE_IDX,01/07/2025,12:55:42,2238.09,0,0,0,0,0,0
BSEMOI.BSE_IDX,01/07/2025,12:55:50,2237.86,0,0,0,0,0,0
BSEMOI.BSE_IDX,01/07/2025,12:55:58,2237.81,0,0,0,0,0,0
BSEMOI.BSE_IDX,01/07/2025,12:56:06,2237.79,0,0,0,0,0,0
BSEMOI.BSE_IDX,01/07/2025,12:56:15,2237.99,0,0,0,0,0,0
BSEMOI.BSE_IDX,01/07/2025,12:56:22,2238,0,0,0,0,0,0
BSEMOI.BSE_IDX,01/07/2025,12:56:30,2238,0,0,0,0,0,0
BSEMOI.BSE_IDX,01/07/2025,12:56:38,2237.87,0,0,0,0,0,0
BSEMOI.BSE_IDX,01/07/2025,12:56:46,2237.82,0,0,0,0,0,0
BSEMOI.BSE_IDX,01/07/2025,12:56:54,2237.75,0,0,0,0,0,0
BSEMOI.BSE_IDX,01/07/2025,12:57:02,2237.4,0,0,0,0,0,0
BSEMOI.BSE_IDX,01/07/2025,12:57:10,2237.45,0,0,0,0,0,0
BSEMOI.BSE_IDX,01/07/2025,12:57:18,2237.31,0,0,0,0,0,0
BSEMOI.BSE_IDX,01/07/2025,12:57:26,2237.29,0,0,0,0,0,0
BSEMOI.BSE_IDX,01/07/2025,12:57:34,2237.08,0,0,0,0,0,0
BSEMOI.BSE_IDX,01/07/2025,12:57:42,2237.11,0,0,0,0,0,0
BSEMOI.BSE_IDX,01/07/2025,12:57:51,2237.21,0,0,0,0,0,0
BSEMOI.BSE_IDX,01/07/2025,12:57:58,2237.16,0,0,0,0,0,0
BSEMOI.BSE_IDX,01/07/2025,12:58:06,2237.46,0,0,0,0,0,0
BSEMOI.BSE_IDX,01/07/2025,12:58:14,2237.5,0,0,0,0,0,0
BSEMOI.BSE_IDX,01/07/2025,12:58:22,2237.37,0,0,0,0,0,0
BSEMOI.BSE_IDX,01/07/2025,12:58:30,2237.31,0,0,0,0,0,0
