Ticker,Date,Time,LTP,BuyPrice,BuyQty,SellPrice,SellQty,LTQ,OpenInterest
BSEPSU.BSE_IDX,01/07/2025,09:00:07,20020.56,0,0,0,0,0,0
BSEPSU.BSE_IDX,01/07/2025,09:00:15,20024.73,0,0,0,0,0,0
BSEPSU.BSE_IDX,01/07/2025,09:00:23,20001.7,0,0,0,0,0,0
BSEPSU.BSE_IDX,01/07/2025,09:00:31,20002.61,0,0,0,0,0,0
BSEPSU.BSE_IDX,01/07/2025,09:00:39,20004.92,0,0,0,0,0,0
BSEPSU.BSE_IDX,01/07/2025,09:00:47,20001.03,0,0,0,0,0,0
BSEPSU.BSE_IDX,01/07/2025,09:00:55,20022.39,0,0,0,0,0,0
BSEPSU.BSE_IDX,01/07/2025,09:01:03,20023.92,0,0,0,0,0,0
BSEPSU.BSE_IDX,01/07/2025,09:01:11,20021.87,0,0,0,0,0,0
BSEPSU.BSE_IDX,01/07/2025,09:01:19,20021.48,0,0,0,0,0,0
BSEPSU.BSE_IDX,01/07/2025,09:01:27,20030.05,0,0,0,0,0,0
BSEPSU.BSE_IDX,01/07/2025,09:01:35,20031.35,0,0,0,0,0,0
BSEPSU.BSE_IDX,01/07/2025,09:01:43,20038.3,0,0,0,0,0,0
BSEPSU.BSE_IDX,01/07/2025,09:01:51,20038.55,0,0,0,0,0,0
BSEPSU.BSE_IDX,01/07/2025,09:01:59,20038.03,0,0,0,0,0,0
BSEPSU.BSE_IDX,01/07/2025,09:02:07,20039.19,0,0,0,0,0,0
BSEPSU.BSE_IDX,01/07/2025,09:02:15,20042.71,0,0,0,0,0,0
BSEPSU.BSE_IDX,01/07/2025,09:02:23,20041.09,0,0,0,0,0,0
BSEPSU.BSE_IDX,01/07/2025,09:02:31,20044.7,0,0,0,0,0,0
BSEPSU.BSE_IDX,01/07/2025,09:02:39,20048.75,0,0,0,0,0,0
BSEPSU.BSE_IDX,01/07/2025,09:02:47,20044.37,0,0,0,0,0,0
BSEPSU.BSE_IDX,01/07/2025,09:02:55,20046.24,0,0,0,0,0,0
BSEPSU.BSE_IDX,01/07/2025,09:03:03,20051.08,0,0,0,0,0,0
BSEPSU.BSE_IDX,01/07/2025,09:03:11,20046.86,0,0,0,0,0,0
BSEPSU.BSE_IDX,01/07/2025,09:03:19,20051.85,0,0,0,0,0,0
BSEPSU.BSE_IDX,01/07/2025,09:03:27,20038.4,0,0,0,0,0,0
BSEPSU.BSE_IDX,01/07/2025,09:03:35,20040.58,0,0,0,0,0,0
BSEPSU.BSE_IDX,01/07/2025,09:03:43,20041.96,0,0,0,0,0,0
BSEPSU.BSE_IDX,01/07/2025,09:03:51,20043.07,0,0,0,0,0,0
BSEPSU.BSE_IDX,01/07/2025,09:03:59,20056.86,0,0,0,0,0,0
BSEPSU.BSE_IDX,01/07/2025,09:04:07,20053.02,0,0,0,0,0,0
BSEPSU.BSE_IDX,01/07/2025,09:04:15,20053,0,0,0,0,0,0
BSEPSU.BSE_IDX,01/07/2025,09:04:23,20061.25,0,0,0,0,0,0
BSEPSU.BSE_IDX,01/07/2025,09:04:31,20060.98,0,0,0,0,0,0
BSEPSU.BSE_IDX,01/07/2025,09:04:39,20065.07,0,0,0,0,0,0
BSEPSU.BSE_IDX,01/07/2025,09:04:47,20059.5,0,0,0,0,0,0
BSEPSU.BSE_IDX,01/07/2025,09:04:55,20059.08,0,0,0,0,0,0
BSEPSU.BSE_IDX,01/07/2025,09:05:03,20058.86,0,0,0,0,0,0
BSEPSU.BSE_IDX,01/07/2025,09:05:11,20058.33,0,0,0,0,0,0
BSEPSU.BSE_IDX,01/07/2025,09:05:19,20060.96,0,0,0,0,0,0
BSEPSU.BSE_IDX,01/07/2025,09:05:27,20054.35,0,0,0,0,0,0
BSEPSU.BSE_IDX,01/07/2025,09:05:35,20057.14,0,0,0,0,0,0
BSEPSU.BSE_IDX,01/07/2025,09:05:43,20054.15,0,0,0,0,0,0
BSEPSU.BSE_IDX,01/07/2025,09:05:51,20056.19,0,0,0,0,0,0
BSEPSU.BSE_IDX,01/07/2025,09:05:59,20058.17,0,0,0,0,0,0
BSEPSU.BSE_IDX,01/07/2025,09:06:07,20056.2,0,0,0,0,0,0
BSEPSU.BSE_IDX,01/07/2025,09:06:15,20057.08,0,0,0,0,0,0
BSEPSU.BSE_IDX,01/07/2025,09:06:23,20058.85,0,0,0,0,0,0
BSEPSU.BSE_IDX,01/07/2025,09:06:31,20067.36,0,0,0,0,0,0
BSEPSU.BSE_IDX,01/07/2025,09:06:39,20075.85,0,0,0,0,0,0
BSEPSU.BSE_IDX,01/07/2025,09:06:47,20071.04,0,0,0,0,0,0
BSEPSU.BSE_IDX,01/07/2025,09:06:55,20069.15,0,0,0,0,0,0
BSEPSU.BSE_IDX,01/07/2025,09:07:04,20077.38,0,0,0,0,0,0
BSEPSU.BSE_IDX,01/07/2025,09:07:11,20077.38,0,0,0,0,0,0
BSEPSU.BSE_IDX,01/07/2025,09:07:19,20077.38,0,0,0,0,0,0
BSEPSU.BSE_IDX,01/07/2025,09:07:27,20077.38,0,0,0,0,0,0
BSEPSU.BSE_IDX,01/07/2025,09:07:35,20077.38,0,0,0,0,0,0
BSEPSU.BSE_IDX,01/07/2025,09:07:43,20077.38,0,0,0,0,0,0
BSEPSU.BSE_IDX,01/07/2025,09:07:51,20077.38,0,0,0,0,0,0
BSEPSU.BSE_IDX,01/07/2025,09:07:59,20077.38,0,0,0,0,0,0
BSEPSU.BSE_IDX,01/07/2025,09:08:07,20077.38,0,0,0,0,0,0
BSEPSU.BSE_IDX,01/07/2025,09:08:15,20077.38,0,0,0,0,0,0
BSEPSU.BSE_IDX,01/07/2025,09:08:23,20077.38,0,0,0,0,0,0
BSEPSU.BSE_IDX,01/07/2025,09:08:31,20077.38,0,0,0,0,0,0
BSEPSU.BSE_IDX,01/07/2025,09:08:39,20077.38,0,0,0,0,0,0
BSEPSU.BSE_IDX,01/07/2025,09:08:47,20077.38,0,0,0,0,0,0
BSEPSU.BSE_IDX,01/07/2025,09:08:55,20077.38,0,0,0,0,0,0
BSEPSU.BSE_IDX,01/07/2025,09:09:03,20077.16,0,0,0,0,0,0
BSEPSU.BSE_IDX,01/07/2025,09:09:11,20077.16,0,0,0,0,0,0
BSEPSU.BSE_IDX,01/07/2025,09:09:19,20077.16,0,0,0,0,0,0
BSEPSU.BSE_IDX,01/07/2025,09:09:27,20077.16,0,0,0,0,0,0
BSEPSU.BSE_IDX,01/07/2025,09:09:35,20077.16,0,0,0,0,0,0
BSEPSU.BSE_IDX,01/07/2025,09:09:43,20077.16,0,0,0,0,0,0
BSEPSU.BSE_IDX,01/07/2025,09:09:51,20077.16,0,0,0,0,0,0
BSEPSU.BSE_IDX,01/07/2025,09:09:59,20077.16,0,0,0,0,0,0
BSEPSU.BSE_IDX,01/07/2025,09:10:07,20077.16,0,0,0,0,0,0
BSEPSU.BSE_IDX,01/07/2025,09:10:15,20077.16,0,0,0,0,0,0
BSEPSU.BSE_IDX,01/07/2025,09:10:23,20077.16,0,0,0,0,0,0
BSEPSU.BSE_IDX,01/07/2025,09:10:31,20077.16,0,0,0,0,0,0
BSEPSU.BSE_IDX,01/07/2025,09:10:39,20077.16,0,0,0,0,0,0
BSEPSU.BSE_IDX,01/07/2025,09:10:47,20077.16,0,0,0,0,0,0
BSEPSU.BSE_IDX,01/07/2025,09:10:55,20077.16,0,0,0,0,0,0
BSEPSU.BSE_IDX,01/07/2025,09:11:03,20077.16,0,0,0,0,0,0
BSEPSU.BSE_IDX,01/07/2025,09:11:11,20077.16,0,0,0,0,0,0
BSEPSU.BSE_IDX,01/07/2025,09:11:19,20077.16,0,0,0,0,0,0
BSEPSU.BSE_IDX,01/07/2025,09:11:27,20077.16,0,0,0,0,0,0
BSEPSU.BSE_IDX,01/07/2025,09:11:35,20077.16,0,0,0,0,0,0
BSEPSU.BSE_IDX,01/07/2025,09:11:43,20077.16,0,0,0,0,0,0
BSEPSU.BSE_IDX,01/07/2025,09:11:51,20077.16,0,0,0,0,0,0
BSEPSU.BSE_IDX,01/07/2025,09:11:59,20077.16,0,0,0,0,0,0
BSEPSU.BSE_IDX,01/07/2025,09:12:07,20077.16,0,0,0,0,0,0
BSEPSU.BSE_IDX,01/07/2025,09:12:16,20077.16,0,0,0,0,0,0
BSEPSU.BSE_IDX,01/07/2025,09:12:23,20077.16,0,0,0,0,0,0
BSEPSU.BSE_IDX,01/07/2025,09:12:31,20077.16,0,0,0,0,0,0
BSEPSU.BSE_IDX,01/07/2025,09:12:39,20077.16,0,0,0,0,0,0
BSEPSU.BSE_IDX,01/07/2025,09:12:47,20077.16,0,0,0,0,0,0
BSEPSU.BSE_IDX,01/07/2025,09:12:55,20077.16,0,0,0,0,0,0
BSEPSU.BSE_IDX,01/07/2025,09:13:03,20077.16,0,0,0,0,0,0
BSEPSU.BSE_IDX,01/07/2025,09:13:11,20077.16,0,0,0,0,0,0
BSEPSU.BSE_IDX,01/07/2025,09:13:19,20077.16,0,0,0,0,0,0
BSEPSU.BSE_IDX,01/07/2025,09:13:27,20077.16,0,0,0,0,0,0
BSEPSU.BSE_IDX,01/07/2025,09:13:35,20077.16,0,0,0,0,0,0
BSEPSU.BSE_IDX,01/07/2025,09:13:43,20077.16,0,0,0,0,0,0
BSEPSU.BSE_IDX,01/07/2025,09:13:51,20077.16,0,0,0,0,0,0
BSEPSU.BSE_IDX,01/07/2025,09:13:59,20077.16,0,0,0,0,0,0
BSEPSU.BSE_IDX,01/07/2025,09:14:07,20077.16,0,0,0,0,0,0
BSEPSU.BSE_IDX,01/07/2025,09:14:15,20077.16,0,0,0,0,0,0
BSEPSU.BSE_IDX,01/07/2025,09:14:23,20077.16,0,0,0,0,0,0
BSEPSU.BSE_IDX,01/07/2025,09:14:31,20077.16,0,0,0,0,0,0
BSEPSU.BSE_IDX,01/07/2025,09:14:39,20077.16,0,0,0,0,0,0
BSEPSU.BSE_IDX,01/07/2025,09:14:47,20077.16,0,0,0,0,0,0
BSEPSU.BSE_IDX,01/07/2025,09:14:55,20077.16,0,0,0,0,0,0
BSEPSU.BSE_IDX,01/07/2025,09:15:04,20068.55,0,0,0,0,0,0
BSEPSU.BSE_IDX,01/07/2025,09:15:11,20060.24,0,0,0,0,0,0
BSEPSU.BSE_IDX,01/07/2025,09:15:19,20052.38,0,0,0,0,0,0
BSEPSU.BSE_IDX,01/07/2025,09:15:27,20029.85,0,0,0,0,0,0
BSEPSU.BSE_IDX,01/07/2025,09:15:35,20023.67,0,0,0,0,0,0
BSEPSU.BSE_IDX,01/07/2025,09:15:43,20030.42,0,0,0,0,0,0
BSEPSU.BSE_IDX,01/07/2025,09:15:51,20030.62,0,0,0,0,0,0
BSEPSU.BSE_IDX,01/07/2025,09:15:59,20032.01,0,0,0,0,0,0
BSEPSU.BSE_IDX,01/07/2025,09:16:07,20033.25,0,0,0,0,0,0
BSEPSU.BSE_IDX,01/07/2025,09:16:15,20039.41,0,0,0,0,0,0
BSEPSU.BSE_IDX,01/07/2025,09:16:24,20039.71,0,0,0,0,0,0
BSEPSU.BSE_IDX,01/07/2025,09:16:31,20040.96,0,0,0,0,0,0
BSEPSU.BSE_IDX,01/07/2025,09:16:39,20042.85,0,0,0,0,0,0
BSEPSU.BSE_IDX,01/07/2025,09:16:48,20042.08,0,0,0,0,0,0
BSEPSU.BSE_IDX,01/07/2025,09:16:55,20045.15,0,0,0,0,0,0
BSEPSU.BSE_IDX,01/07/2025,09:17:03,20043.25,0,0,0,0,0,0
BSEPSU.BSE_IDX,01/07/2025,09:17:12,20049.78,0,0,0,0,0,0
BSEPSU.BSE_IDX,01/07/2025,09:17:19,20048.91,0,0,0,0,0,0
BSEPSU.BSE_IDX,01/07/2025,09:17:27,20053.21,0,0,0,0,0,0
BSEPSU.BSE_IDX,01/07/2025,09:17:35,20054.79,0,0,0,0,0,0
BSEPSU.BSE_IDX,01/07/2025,09:17:44,20052.57,0,0,0,0,0,0
BSEPSU.BSE_IDX,01/07/2025,09:17:51,20056.15,0,0,0,0,0,0
BSEPSU.BSE_IDX,01/07/2025,09:17:59,20053.83,0,0,0,0,0,0
BSEPSU.BSE_IDX,01/07/2025,09:18:07,20054.69,0,0,0,0,0,0
BSEPSU.BSE_IDX,01/07/2025,09:18:15,20053.68,0,0,0,0,0,0
BSEPSU.BSE_IDX,01/07/2025,09:18:23,20056.16,0,0,0,0,0,0
BSEPSU.BSE_IDX,01/07/2025,09:18:31,20056.79,0,0,0,0,0,0
BSEPSU.BSE_IDX,01/07/2025,09:18:39,20059.66,0,0,0,0,0,0
BSEPSU.BSE_IDX,01/07/2025,09:18:47,20061.53,0,0,0,0,0,0
BSEPSU.BSE_IDX,01/07/2025,09:18:56,20062.03,0,0,0,0,0,0
BSEPSU.BSE_IDX,01/07/2025,09:19:03,20062.42,0,0,0,0,0,0
BSEPSU.BSE_IDX,01/07/2025,09:19:11,20056.55,0,0,0,0,0,0
BSEPSU.BSE_IDX,01/07/2025,09:19:19,20062.15,0,0,0,0,0,0
BSEPSU.BSE_IDX,01/07/2025,09:19:28,20058.55,0,0,0,0,0,0
BSEPSU.BSE_IDX,01/07/2025,09:19:35,20061.01,0,0,0,0,0,0
BSEPSU.BSE_IDX,01/07/2025,09:19:43,20055.31,0,0,0,0,0,0
BSEPSU.BSE_IDX,01/07/2025,09:19:52,20056.78,0,0,0,0,0,0
BSEPSU.BSE_IDX,01/07/2025,09:19:59,20052.4,0,0,0,0,0,0
BSEPSU.BSE_IDX,01/07/2025,09:20:07,20054.91,0,0,0,0,0,0
BSEPSU.BSE_IDX,01/07/2025,09:20:15,20053.49,0,0,0,0,0,0
BSEPSU.BSE_IDX,01/07/2025,09:20:24,20045.89,0,0,0,0,0,0
BSEPSU.BSE_IDX,01/07/2025,09:20:31,20043.29,0,0,0,0,0,0
BSEPSU.BSE_IDX,01/07/2025,09:20:39,20038.57,0,0,0,0,0,0
BSEPSU.BSE_IDX,01/07/2025,09:20:47,20041.35,0,0,0,0,0,0
BSEPSU.BSE_IDX,01/07/2025,09:20:55,20042.7,0,0,0,0,0,0
BSEPSU.BSE_IDX,01/07/2025,09:21:03,20042.08,0,0,0,0,0,0
BSEPSU.BSE_IDX,01/07/2025,09:21:11,20043.93,0,0,0,0,0,0
BSEPSU.BSE_IDX,01/07/2025,09:21:19,20050.61,0,0,0,0,0,0
BSEPSU.BSE_IDX,01/07/2025,09:21:27,20047.23,0,0,0,0,0,0
BSEPSU.BSE_IDX,01/07/2025,09:21:36,20046.26,0,0,0,0,0,0
BSEPSU.BSE_IDX,01/07/2025,09:21:43,20045.81,0,0,0,0,0,0
BSEPSU.BSE_IDX,01/07/2025,09:21:51,20046.46,0,0,0,0,0,0
BSEPSU.BSE_IDX,01/07/2025,09:21:59,20046.75,0,0,0,0,0,0
BSEPSU.BSE_IDX,01/07/2025,09:22:07,20047.19,0,0,0,0,0,0
BSEPSU.BSE_IDX,01/07/2025,09:22:15,20046.98,0,0,0,0,0,0
BSEPSU.BSE_IDX,01/07/2025,09:22:23,20048.37,0,0,0,0,0,0
BSEPSU.BSE_IDX,01/07/2025,09:22:31,20051.96,0,0,0,0,0,0
BSEPSU.BSE_IDX,01/07/2025,09:22:39,20055.67,0,0,0,0,0,0
BSEPSU.BSE_IDX,01/07/2025,09:22:47,20055.91,0,0,0,0,0,0
BSEPSU.BSE_IDX,01/07/2025,09:22:55,20057.95,0,0,0,0,0,0
BSEPSU.BSE_IDX,01/07/2025,09:23:03,20058.79,0,0,0,0,0,0
BSEPSU.BSE_IDX,01/07/2025,09:23:11,20059.73,0,0,0,0,0,0
BSEPSU.BSE_IDX,01/07/2025,09:23:19,20060.36,0,0,0,0,0,0
BSEPSU.BSE_IDX,01/07/2025,09:23:27,20061.36,0,0,0,0,0,0
BSEPSU.BSE_IDX,01/07/2025,09:23:35,20063.51,0,0,0,0,0,0
BSEPSU.BSE_IDX,01/07/2025,09:23:44,20059.35,0,0,0,0,0,0
BSEPSU.BSE_IDX,01/07/2025,09:23:51,20059.64,0,0,0,0,0,0
BSEPSU.BSE_IDX,01/07/2025,09:23:59,20058.77,0,0,0,0,0,0
BSEPSU.BSE_IDX,01/07/2025,09:24:08,20059.54,0,0,0,0,0,0
BSEPSU.BSE_IDX,01/07/2025,09:24:15,20061.64,0,0,0,0,0,0
BSEPSU.BSE_IDX,01/07/2025,09:24:23,20057.82,0,0,0,0,0,0
BSEPSU.BSE_IDX,01/07/2025,09:24:32,20057.84,0,0,0,0,0,0
BSEPSU.BSE_IDX,01/07/2025,09:24:39,20059.71,0,0,0,0,0,0
BSEPSU.BSE_IDX,01/07/2025,09:24:48,20061.53,0,0,0,0,0,0
BSEPSU.BSE_IDX,01/07/2025,09:24:57,20064.16,0,0,0,0,0,0
BSEPSU.BSE_IDX,01/07/2025,09:25:03,20063.38,0,0,0,0,0,0
BSEPSU.BSE_IDX,01/07/2025,09:25:12,20067.13,0,0,0,0,0,0
BSEPSU.BSE_IDX,01/07/2025,09:25:19,20072.38,0,0,0,0,0,0
BSEPSU.BSE_IDX,01/07/2025,09:25:29,20074.37,0,0,0,0,0,0
BSEPSU.BSE_IDX,01/07/2025,09:25:35,20072.89,0,0,0,0,0,0
BSEPSU.BSE_IDX,01/07/2025,09:25:43,20070.35,0,0,0,0,0,0
BSEPSU.BSE_IDX,01/07/2025,09:25:51,20065.09,0,0,0,0,0,0
BSEPSU.BSE_IDX,01/07/2025,09:25:59,20064.99,0,0,0,0,0,0
BSEPSU.BSE_IDX,01/07/2025,09:26:08,20062.3,0,0,0,0,0,0
BSEPSU.BSE_IDX,01/07/2025,09:26:15,20061.18,0,0,0,0,0,0
BSEPSU.BSE_IDX,01/07/2025,09:26:23,20059.94,0,0,0,0,0,0
BSEPSU.BSE_IDX,01/07/2025,09:26:31,20058.24,0,0,0,0,0,0
BSEPSU.BSE_IDX,01/07/2025,09:26:39,20056.87,0,0,0,0,0,0
BSEPSU.BSE_IDX,01/07/2025,09:26:48,20055.81,0,0,0,0,0,0
BSEPSU.BSE_IDX,01/07/2025,09:26:55,20058.88,0,0,0,0,0,0
BSEPSU.BSE_IDX,01/07/2025,09:27:04,20063.33,0,0,0,0,0,0
BSEPSU.BSE_IDX,01/07/2025,09:27:12,20060.1,0,0,0,0,0,0
BSEPSU.BSE_IDX,01/07/2025,09:27:19,20057.48,0,0,0,0,0,0
BSEPSU.BSE_IDX,01/07/2025,09:27:28,20058.11,0,0,0,0,0,0
BSEPSU.BSE_IDX,01/07/2025,09:27:36,20060.39,0,0,0,0,0,0
BSEPSU.BSE_IDX,01/07/2025,09:27:44,20054.95,0,0,0,0,0,0
BSEPSU.BSE_IDX,01/07/2025,09:27:51,20053.59,0,0,0,0,0,0
BSEPSU.BSE_IDX,01/07/2025,09:28:00,20054.36,0,0,0,0,0,0
BSEPSU.BSE_IDX,01/07/2025,09:28:08,20048.58,0,0,0,0,0,0
BSEPSU.BSE_IDX,01/07/2025,09:28:16,20040.79,0,0,0,0,0,0
BSEPSU.BSE_IDX,01/07/2025,09:28:24,20041.11,0,0,0,0,0,0
BSEPSU.BSE_IDX,01/07/2025,09:28:32,20039.71,0,0,0,0,0,0
BSEPSU.BSE_IDX,01/07/2025,09:28:40,20040.25,0,0,0,0,0,0
BSEPSU.BSE_IDX,01/07/2025,09:28:48,20043.22,0,0,0,0,0,0
BSEPSU.BSE_IDX,01/07/2025,09:28:56,20043.84,0,0,0,0,0,0
BSEPSU.BSE_IDX,01/07/2025,09:29:04,20041.98,0,0,0,0,0,0
BSEPSU.BSE_IDX,01/07/2025,09:29:12,20042.97,0,0,0,0,0,0
BSEPSU.BSE_IDX,01/07/2025,09:29:20,20039.52,0,0,0,0,0,0
BSEPSU.BSE_IDX,01/07/2025,09:29:28,20038.52,0,0,0,0,0,0
BSEPSU.BSE_IDX,01/07/2025,09:29:36,20040.72,0,0,0,0,0,0
BSEPSU.BSE_IDX,01/07/2025,09:29:44,20038.5,0,0,0,0,0,0
BSEPSU.BSE_IDX,01/07/2025,09:29:52,20038.83,0,0,0,0,0,0
BSEPSU.BSE_IDX,01/07/2025,09:30:00,20040.68,0,0,0,0,0,0
BSEPSU.BSE_IDX,01/07/2025,09:30:08,20042.56,0,0,0,0,0,0
BSEPSU.BSE_IDX,01/07/2025,09:30:16,20052.04,0,0,0,0,0,0
BSEPSU.BSE_IDX,01/07/2025,09:30:24,20051.29,0,0,0,0,0,0
BSEPSU.BSE_IDX,01/07/2025,09:30:32,20056.45,0,0,0,0,0,0
BSEPSU.BSE_IDX,01/07/2025,09:30:40,20057.41,0,0,0,0,0,0
BSEPSU.BSE_IDX,01/07/2025,09:30:48,20055.68,0,0,0,0,0,0
BSEPSU.BSE_IDX,01/07/2025,09:30:56,20047.32,0,0,0,0,0,0
BSEPSU.BSE_IDX,01/07/2025,09:31:04,20047.05,0,0,0,0,0,0
BSEPSU.BSE_IDX,01/07/2025,09:31:12,20044.13,0,0,0,0,0,0
BSEPSU.BSE_IDX,01/07/2025,09:31:20,20042.97,0,0,0,0,0,0
BSEPSU.BSE_IDX,01/07/2025,09:31:28,20042.57,0,0,0,0,0,0
BSEPSU.BSE_IDX,01/07/2025,09:31:36,20042.02,0,0,0,0,0,0
BSEPSU.BSE_IDX,01/07/2025,09:31:44,20040.47,0,0,0,0,0,0
BSEPSU.BSE_IDX,01/07/2025,09:31:52,20041.18,0,0,0,0,0,0
BSEPSU.BSE_IDX,01/07/2025,09:32:00,20044.79,0,0,0,0,0,0
BSEPSU.BSE_IDX,01/07/2025,09:32:08,20040.31,0,0,0,0,0,0
BSEPSU.BSE_IDX,01/07/2025,09:32:16,20041.11,0,0,0,0,0,0
BSEPSU.BSE_IDX,01/07/2025,09:32:24,20038.97,0,0,0,0,0,0
BSEPSU.BSE_IDX,01/07/2025,09:32:32,20039.88,0,0,0,0,0,0
BSEPSU.BSE_IDX,01/07/2025,09:32:40,20039.96,0,0,0,0,0,0
BSEPSU.BSE_IDX,01/07/2025,09:32:48,20043.03,0,0,0,0,0,0
BSEPSU.BSE_IDX,01/07/2025,09:32:56,20045.93,0,0,0,0,0,0
BSEPSU.BSE_IDX,01/07/2025,09:33:04,20046.7,0,0,0,0,0,0
BSEPSU.BSE_IDX,01/07/2025,09:33:12,20047.37,0,0,0,0,0,0
BSEPSU.BSE_IDX,01/07/2025,09:33:20,20050.18,0,0,0,0,0,0
BSEPSU.BSE_IDX,01/07/2025,09:33:28,20052.53,0,0,0,0,0,0
BSEPSU.BSE_IDX,01/07/2025,09:33:36,20051.26,0,0,0,0,0,0
BSEPSU.BSE_IDX,01/07/2025,09:33:44,20049.68,0,0,0,0,0,0
BSEPSU.BSE_IDX,01/07/2025,09:33:52,20049,0,0,0,0,0,0
BSEPSU.BSE_IDX,01/07/2025,09:34:00,20050.96,0,0,0,0,0,0
BSEPSU.BSE_IDX,01/07/2025,09:34:08,20052.14,0,0,0,0,0,0
BSEPSU.BSE_IDX,01/07/2025,09:34:16,20050.11,0,0,0,0,0,0
BSEPSU.BSE_IDX,01/07/2025,09:34:24,20051.98,0,0,0,0,0,0
BSEPSU.BSE_IDX,01/07/2025,09:34:32,20056.58,0,0,0,0,0,0
BSEPSU.BSE_IDX,01/07/2025,09:34:40,20056.92,0,0,0,0,0,0
BSEPSU.BSE_IDX,01/07/2025,09:34:48,20056.35,0,0,0,0,0,0
BSEPSU.BSE_IDX,01/07/2025,09:34:56,20056.11,0,0,0,0,0,0
BSEPSU.BSE_IDX,01/07/2025,09:35:05,20052.37,0,0,0,0,0,0
BSEPSU.BSE_IDX,01/07/2025,09:35:12,20051.06,0,0,0,0,0,0
BSEPSU.BSE_IDX,01/07/2025,09:35:20,20049.14,0,0,0,0,0,0
BSEPSU.BSE_IDX,01/07/2025,09:35:28,20047.37,0,0,0,0,0,0
BSEPSU.BSE_IDX,01/07/2025,09:35:36,20048.53,0,0,0,0,0,0
BSEPSU.BSE_IDX,01/07/2025,09:35:44,20050.14,0,0,0,0,0,0
BSEPSU.BSE_IDX,01/07/2025,09:35:52,20051.98,0,0,0,0,0,0
BSEPSU.BSE_IDX,01/07/2025,09:36:00,20051.78,0,0,0,0,0,0
BSEPSU.BSE_IDX,01/07/2025,09:36:08,20050.93,0,0,0,0,0,0
BSEPSU.BSE_IDX,01/07/2025,09:36:16,20052.92,0,0,0,0,0,0
BSEPSU.BSE_IDX,01/07/2025,09:36:24,20050.65,0,0,0,0,0,0
BSEPSU.BSE_IDX,01/07/2025,09:36:33,20047.28,0,0,0,0,0,0
BSEPSU.BSE_IDX,01/07/2025,09:36:40,20046.37,0,0,0,0,0,0
BSEPSU.BSE_IDX,01/07/2025,09:36:48,20050.54,0,0,0,0,0,0
BSEPSU.BSE_IDX,01/07/2025,09:36:56,20055.33,0,0,0,0,0,0
BSEPSU.BSE_IDX,01/07/2025,09:37:04,20058.32,0,0,0,0,0,0
BSEPSU.BSE_IDX,01/07/2025,09:37:12,20058.03,0,0,0,0,0,0
BSEPSU.BSE_IDX,01/07/2025,09:37:20,20063.37,0,0,0,0,0,0
BSEPSU.BSE_IDX,01/07/2025,09:37:28,20065.1,0,0,0,0,0,0
BSEPSU.BSE_IDX,01/07/2025,09:37:36,20067.16,0,0,0,0,0,0
BSEPSU.BSE_IDX,01/07/2025,09:37:44,20066.41,0,0,0,0,0,0
BSEPSU.BSE_IDX,01/07/2025,09:37:52,20065.34,0,0,0,0,0,0
BSEPSU.BSE_IDX,01/07/2025,09:38:00,20066.68,0,0,0,0,0,0
BSEPSU.BSE_IDX,01/07/2025,09:38:08,20064.77,0,0,0,0,0,0
BSEPSU.BSE_IDX,01/07/2025,09:38:16,20061.93,0,0,0,0,0,0
BSEPSU.BSE_IDX,01/07/2025,09:38:24,20063.78,0,0,0,0,0,0
BSEPSU.BSE_IDX,01/07/2025,09:38:32,20061.88,0,0,0,0,0,0
BSEPSU.BSE_IDX,01/07/2025,09:38:40,20057.53,0,0,0,0,0,0
BSEPSU.BSE_IDX,01/07/2025,09:38:48,20053.53,0,0,0,0,0,0
BSEPSU.BSE_IDX,01/07/2025,09:38:56,20053.93,0,0,0,0,0,0
BSEPSU.BSE_IDX,01/07/2025,09:39:04,20051.77,0,0,0,0,0,0
BSEPSU.BSE_IDX,01/07/2025,09:39:12,20053.24,0,0,0,0,0,0
BSEPSU.BSE_IDX,01/07/2025,09:39:20,20056.81,0,0,0,0,0,0
BSEPSU.BSE_IDX,01/07/2025,09:39:28,20057.13,0,0,0,0,0,0
BSEPSU.BSE_IDX,01/07/2025,09:39:36,20060.3,0,0,0,0,0,0
BSEPSU.BSE_IDX,01/07/2025,09:39:44,20060.74,0,0,0,0,0,0
BSEPSU.BSE_IDX,01/07/2025,09:39:52,20059.75,0,0,0,0,0,0
BSEPSU.BSE_IDX,01/07/2025,09:40:00,20062.28,0,0,0,0,0,0
BSEPSU.BSE_IDX,01/07/2025,09:40:08,20060.95,0,0,0,0,0,0
BSEPSU.BSE_IDX,01/07/2025,09:40:16,20064.94,0,0,0,0,0,0
BSEPSU.BSE_IDX,01/07/2025,09:40:24,20065.44,0,0,0,0,0,0
BSEPSU.BSE_IDX,01/07/2025,09:40:32,20061.4,0,0,0,0,0,0
BSEPSU.BSE_IDX,01/07/2025,09:40:40,20060.6,0,0,0,0,0,0
BSEPSU.BSE_IDX,01/07/2025,09:40:48,20061.49,0,0,0,0,0,0
BSEPSU.BSE_IDX,01/07/2025,09:40:56,20058.07,0,0,0,0,0,0
BSEPSU.BSE_IDX,01/07/2025,09:41:04,20054.89,0,0,0,0,0,0
BSEPSU.BSE_IDX,01/07/2025,09:41:12,20054.86,0,0,0,0,0,0
BSEPSU.BSE_IDX,01/07/2025,09:41:20,20056.17,0,0,0,0,0,0
BSEPSU.BSE_IDX,01/07/2025,09:41:28,20059.67,0,0,0,0,0,0
BSEPSU.BSE_IDX,01/07/2025,09:41:36,20058.57,0,0,0,0,0,0
BSEPSU.BSE_IDX,01/07/2025,09:41:44,20056.72,0,0,0,0,0,0
BSEPSU.BSE_IDX,01/07/2025,09:41:52,20056.05,0,0,0,0,0,0
BSEPSU.BSE_IDX,01/07/2025,09:42:00,20057.4,0,0,0,0,0,0
BSEPSU.BSE_IDX,01/07/2025,09:42:08,20058.67,0,0,0,0,0,0
BSEPSU.BSE_IDX,01/07/2025,09:42:16,20050.07,0,0,0,0,0,0
BSEPSU.BSE_IDX,01/07/2025,09:42:24,20045.72,0,0,0,0,0,0
BSEPSU.BSE_IDX,01/07/2025,09:42:32,20042.4,0,0,0,0,0,0
BSEPSU.BSE_IDX,01/07/2025,09:42:40,20039.98,0,0,0,0,0,0
BSEPSU.BSE_IDX,01/07/2025,09:42:48,20038.71,0,0,0,0,0,0
BSEPSU.BSE_IDX,01/07/2025,09:42:56,20043.26,0,0,0,0,0,0
BSEPSU.BSE_IDX,01/07/2025,09:43:04,20039.28,0,0,0,0,0,0
BSEPSU.BSE_IDX,01/07/2025,09:43:12,20037.35,0,0,0,0,0,0
BSEPSU.BSE_IDX,01/07/2025,09:43:20,20038.18,0,0,0,0,0,0
BSEPSU.BSE_IDX,01/07/2025,09:43:28,20040.51,0,0,0,0,0,0
BSEPSU.BSE_IDX,01/07/2025,09:43:36,20040.7,0,0,0,0,0,0
BSEPSU.BSE_IDX,01/07/2025,09:43:44,20038.78,0,0,0,0,0,0
BSEPSU.BSE_IDX,01/07/2025,09:43:53,20038.18,0,0,0,0,0,0
BSEPSU.BSE_IDX,01/07/2025,09:44:00,20037.01,0,0,0,0,0,0
BSEPSU.BSE_IDX,01/07/2025,09:44:08,20039.06,0,0,0,0,0,0
BSEPSU.BSE_IDX,01/07/2025,09:44:16,20036.8,0,0,0,0,0,0
BSEPSU.BSE_IDX,01/07/2025,09:44:24,20038.2,0,0,0,0,0,0
BSEPSU.BSE_IDX,01/07/2025,09:44:32,20037.83,0,0,0,0,0,0
BSEPSU.BSE_IDX,01/07/2025,09:44:40,20037.38,0,0,0,0,0,0
BSEPSU.BSE_IDX,01/07/2025,09:44:48,20035.29,0,0,0,0,0,0
BSEPSU.BSE_IDX,01/07/2025,09:44:56,20034.03,0,0,0,0,0,0
BSEPSU.BSE_IDX,01/07/2025,09:45:05,20031.65,0,0,0,0,0,0
BSEPSU.BSE_IDX,01/07/2025,09:45:12,20024.95,0,0,0,0,0,0
BSEPSU.BSE_IDX,01/07/2025,09:45:20,20021.32,0,0,0,0,0,0
BSEPSU.BSE_IDX,01/07/2025,09:45:28,20022.6,0,0,0,0,0,0
BSEPSU.BSE_IDX,01/07/2025,09:45:36,20020.88,0,0,0,0,0,0
BSEPSU.BSE_IDX,01/07/2025,09:45:44,20019.63,0,0,0,0,0,0
BSEPSU.BSE_IDX,01/07/2025,09:45:52,20022.95,0,0,0,0,0,0
BSEPSU.BSE_IDX,01/07/2025,09:46:01,20022.05,0,0,0,0,0,0
BSEPSU.BSE_IDX,01/07/2025,09:46:08,20021.38,0,0,0,0,0,0
BSEPSU.BSE_IDX,01/07/2025,09:46:16,20023.93,0,0,0,0,0,0
BSEPSU.BSE_IDX,01/07/2025,09:46:24,20031.41,0,0,0,0,0,0
BSEPSU.BSE_IDX,01/07/2025,09:46:32,20031.06,0,0,0,0,0,0
BSEPSU.BSE_IDX,01/07/2025,09:46:40,20034.97,0,0,0,0,0,0
BSEPSU.BSE_IDX,01/07/2025,09:46:48,20032.44,0,0,0,0,0,0
BSEPSU.BSE_IDX,01/07/2025,09:46:56,20033.46,0,0,0,0,0,0
BSEPSU.BSE_IDX,01/07/2025,09:47:04,20032.9,0,0,0,0,0,0
BSEPSU.BSE_IDX,01/07/2025,09:47:12,20033.81,0,0,0,0,0,0
BSEPSU.BSE_IDX,01/07/2025,09:47:20,20033.31,0,0,0,0,0,0
BSEPSU.BSE_IDX,01/07/2025,09:47:28,20030.91,0,0,0,0,0,0
BSEPSU.BSE_IDX,01/07/2025,09:47:36,20029.88,0,0,0,0,0,0
BSEPSU.BSE_IDX,01/07/2025,09:47:44,20029.92,0,0,0,0,0,0
BSEPSU.BSE_IDX,01/07/2025,09:47:52,20032.67,0,0,0,0,0,0
BSEPSU.BSE_IDX,01/07/2025,09:48:00,20035.1,0,0,0,0,0,0
BSEPSU.BSE_IDX,01/07/2025,09:48:08,20039.58,0,0,0,0,0,0
BSEPSU.BSE_IDX,01/07/2025,09:48:16,20042.22,0,0,0,0,0,0
BSEPSU.BSE_IDX,01/07/2025,09:48:24,20044.87,0,0,0,0,0,0
BSEPSU.BSE_IDX,01/07/2025,09:48:32,20043.5,0,0,0,0,0,0
BSEPSU.BSE_IDX,01/07/2025,09:48:40,20043.75,0,0,0,0,0,0
BSEPSU.BSE_IDX,01/07/2025,09:48:48,20041.33,0,0,0,0,0,0
BSEPSU.BSE_IDX,01/07/2025,09:48:56,20045.54,0,0,0,0,0,0
BSEPSU.BSE_IDX,01/07/2025,09:49:04,20045.33,0,0,0,0,0,0
BSEPSU.BSE_IDX,01/07/2025,09:49:12,20044.26,0,0,0,0,0,0
BSEPSU.BSE_IDX,01/07/2025,09:49:20,20046.85,0,0,0,0,0,0
BSEPSU.BSE_IDX,01/07/2025,09:49:28,20047.63,0,0,0,0,0,0
BSEPSU.BSE_IDX,01/07/2025,09:49:36,20051.1,0,0,0,0,0,0
BSEPSU.BSE_IDX,01/07/2025,09:49:44,20050.62,0,0,0,0,0,0
BSEPSU.BSE_IDX,01/07/2025,09:49:52,20052.2,0,0,0,0,0,0
BSEPSU.BSE_IDX,01/07/2025,09:50:00,20053.34,0,0,0,0,0,0
BSEPSU.BSE_IDX,01/07/2025,09:50:08,20057.17,0,0,0,0,0,0
BSEPSU.BSE_IDX,01/07/2025,09:50:16,20059.03,0,0,0,0,0,0
BSEPSU.BSE_IDX,01/07/2025,09:50:24,20057.88,0,0,0,0,0,0
BSEPSU.BSE_IDX,01/07/2025,09:50:32,20058.21,0,0,0,0,0,0
BSEPSU.BSE_IDX,01/07/2025,09:50:40,20055.8,0,0,0,0,0,0
BSEPSU.BSE_IDX,01/07/2025,09:50:48,20055.61,0,0,0,0,0,0
BSEPSU.BSE_IDX,01/07/2025,09:50:57,20051.2,0,0,0,0,0,0
BSEPSU.BSE_IDX,01/07/2025,09:51:04,20049.65,0,0,0,0,0,0
BSEPSU.BSE_IDX,01/07/2025,09:51:12,20055.2,0,0,0,0,0,0
BSEPSU.BSE_IDX,01/07/2025,09:51:20,20055.28,0,0,0,0,0,0
BSEPSU.BSE_IDX,01/07/2025,09:51:28,20054.94,0,0,0,0,0,0
BSEPSU.BSE_IDX,01/07/2025,09:51:37,20052.73,0,0,0,0,0,0
BSEPSU.BSE_IDX,01/07/2025,09:51:44,20056.95,0,0,0,0,0,0
BSEPSU.BSE_IDX,01/07/2025,09:51:52,20055.27,0,0,0,0,0,0
BSEPSU.BSE_IDX,01/07/2025,09:52:01,20055.08,0,0,0,0,0,0
BSEPSU.BSE_IDX,01/07/2025,09:52:08,20054.12,0,0,0,0,0,0
BSEPSU.BSE_IDX,01/07/2025,09:52:17,20047.65,0,0,0,0,0,0
BSEPSU.BSE_IDX,01/07/2025,09:52:24,20046.05,0,0,0,0,0,0
BSEPSU.BSE_IDX,01/07/2025,09:52:32,20049.32,0,0,0,0,0,0
BSEPSU.BSE_IDX,01/07/2025,09:52:40,20053.22,0,0,0,0,0,0
BSEPSU.BSE_IDX,01/07/2025,09:52:48,20054.32,0,0,0,0,0,0
BSEPSU.BSE_IDX,01/07/2025,09:52:57,20054.45,0,0,0,0,0,0
BSEPSU.BSE_IDX,01/07/2025,09:53:04,20055.6,0,0,0,0,0,0
BSEPSU.BSE_IDX,01/07/2025,09:53:13,20056.51,0,0,0,0,0,0
BSEPSU.BSE_IDX,01/07/2025,09:53:20,20056.67,0,0,0,0,0,0
BSEPSU.BSE_IDX,01/07/2025,09:53:28,20058.93,0,0,0,0,0,0
BSEPSU.BSE_IDX,01/07/2025,09:53:36,20057.95,0,0,0,0,0,0
BSEPSU.BSE_IDX,01/07/2025,09:53:44,20057.86,0,0,0,0,0,0
BSEPSU.BSE_IDX,01/07/2025,09:53:52,20060.22,0,0,0,0,0,0
BSEPSU.BSE_IDX,01/07/2025,09:54:00,20055.31,0,0,0,0,0,0
BSEPSU.BSE_IDX,01/07/2025,09:54:08,20054.05,0,0,0,0,0,0
BSEPSU.BSE_IDX,01/07/2025,09:54:16,20049.68,0,0,0,0,0,0
BSEPSU.BSE_IDX,01/07/2025,09:54:24,20048.43,0,0,0,0,0,0
BSEPSU.BSE_IDX,01/07/2025,09:54:32,20049.27,0,0,0,0,0,0
BSEPSU.BSE_IDX,01/07/2025,09:54:40,20048.7,0,0,0,0,0,0
BSEPSU.BSE_IDX,01/07/2025,09:54:48,20050.37,0,0,0,0,0,0
BSEPSU.BSE_IDX,01/07/2025,09:54:56,20048.36,0,0,0,0,0,0
BSEPSU.BSE_IDX,01/07/2025,09:55:04,20047.37,0,0,0,0,0,0
BSEPSU.BSE_IDX,01/07/2025,09:55:12,20044.34,0,0,0,0,0,0
BSEPSU.BSE_IDX,01/07/2025,09:55:20,20045.33,0,0,0,0,0,0
BSEPSU.BSE_IDX,01/07/2025,09:55:28,20043.67,0,0,0,0,0,0
BSEPSU.BSE_IDX,01/07/2025,09:55:36,20044.65,0,0,0,0,0,0
BSEPSU.BSE_IDX,01/07/2025,09:55:44,20041.73,0,0,0,0,0,0
BSEPSU.BSE_IDX,01/07/2025,09:55:52,20040.23,0,0,0,0,0,0
BSEPSU.BSE_IDX,01/07/2025,09:56:00,20040.7,0,0,0,0,0,0
BSEPSU.BSE_IDX,01/07/2025,09:56:08,20041.51,0,0,0,0,0,0
BSEPSU.BSE_IDX,01/07/2025,09:56:16,20042.92,0,0,0,0,0,0
BSEPSU.BSE_IDX,01/07/2025,09:56:25,20044.66,0,0,0,0,0,0
BSEPSU.BSE_IDX,01/07/2025,09:56:32,20044.09,0,0,0,0,0,0
BSEPSU.BSE_IDX,01/07/2025,09:56:41,20045.76,0,0,0,0,0,0
BSEPSU.BSE_IDX,01/07/2025,09:56:48,20047.07,0,0,0,0,0,0
BSEPSU.BSE_IDX,01/07/2025,09:56:57,20045.67,0,0,0,0,0,0
BSEPSU.BSE_IDX,01/07/2025,09:57:04,20046.19,0,0,0,0,0,0
BSEPSU.BSE_IDX,01/07/2025,09:57:12,20049.81,0,0,0,0,0,0
BSEPSU.BSE_IDX,01/07/2025,09:57:20,20052.49,0,0,0,0,0,0
BSEPSU.BSE_IDX,01/07/2025,09:57:28,20051.9,0,0,0,0,0,0
BSEPSU.BSE_IDX,01/07/2025,09:57:36,20051.57,0,0,0,0,0,0
BSEPSU.BSE_IDX,01/07/2025,09:57:44,20053.26,0,0,0,0,0,0
BSEPSU.BSE_IDX,01/07/2025,09:57:52,20049.74,0,0,0,0,0,0
BSEPSU.BSE_IDX,01/07/2025,09:58:00,20049.67,0,0,0,0,0,0
BSEPSU.BSE_IDX,01/07/2025,09:58:08,20050.37,0,0,0,0,0,0
BSEPSU.BSE_IDX,01/07/2025,09:58:16,20050.89,0,0,0,0,0,0
BSEPSU.BSE_IDX,01/07/2025,09:58:24,20051.21,0,0,0,0,0,0
BSEPSU.BSE_IDX,01/07/2025,09:58:32,20049.51,0,0,0,0,0,0
BSEPSU.BSE_IDX,01/07/2025,09:58:40,20050.76,0,0,0,0,0,0
BSEPSU.BSE_IDX,01/07/2025,09:58:48,20052.84,0,0,0,0,0,0
BSEPSU.BSE_IDX,01/07/2025,09:58:56,20054.92,0,0,0,0,0,0
BSEPSU.BSE_IDX,01/07/2025,09:59:05,20054,0,0,0,0,0,0
BSEPSU.BSE_IDX,01/07/2025,09:59:12,20051.34,0,0,0,0,0,0
BSEPSU.BSE_IDX,01/07/2025,09:59:20,20054.13,0,0,0,0,0,0
BSEPSU.BSE_IDX,01/07/2025,09:59:28,20055.35,0,0,0,0,0,0
BSEPSU.BSE_IDX,01/07/2025,09:59:36,20057.21,0,0,0,0,0,0
BSEPSU.BSE_IDX,01/07/2025,09:59:45,20055.73,0,0,0,0,0,0
BSEPSU.BSE_IDX,01/07/2025,09:59:52,20057.39,0,0,0,0,0,0
BSEPSU.BSE_IDX,01/07/2025,10:00:00,20053.94,0,0,0,0,0,0
BSEPSU.BSE_IDX,01/07/2025,10:00:08,20056.22,0,0,0,0,0,0
BSEPSU.BSE_IDX,01/07/2025,10:00:16,20056.45,0,0,0,0,0,0
BSEPSU.BSE_IDX,01/07/2025,10:00:24,20052.8,0,0,0,0,0,0
BSEPSU.BSE_IDX,01/07/2025,10:00:32,20052.18,0,0,0,0,0,0
BSEPSU.BSE_IDX,01/07/2025,10:00:40,20050.63,0,0,0,0,0,0
BSEPSU.BSE_IDX,01/07/2025,10:00:48,20048.2,0,0,0,0,0,0
BSEPSU.BSE_IDX,01/07/2025,10:00:56,20046.74,0,0,0,0,0,0
BSEPSU.BSE_IDX,01/07/2025,10:01:04,20043.8,0,0,0,0,0,0
BSEPSU.BSE_IDX,01/07/2025,10:01:12,20040.46,0,0,0,0,0,0
BSEPSU.BSE_IDX,01/07/2025,10:01:21,20039.96,0,0,0,0,0,0
BSEPSU.BSE_IDX,01/07/2025,10:01:28,20041.75,0,0,0,0,0,0
BSEPSU.BSE_IDX,01/07/2025,10:01:36,20039.9,0,0,0,0,0,0
BSEPSU.BSE_IDX,01/07/2025,10:01:44,20043.53,0,0,0,0,0,0
BSEPSU.BSE_IDX,01/07/2025,10:01:52,20038.84,0,0,0,0,0,0
BSEPSU.BSE_IDX,01/07/2025,10:02:00,20038.8,0,0,0,0,0,0
BSEPSU.BSE_IDX,01/07/2025,10:02:08,20038.97,0,0,0,0,0,0
BSEPSU.BSE_IDX,01/07/2025,10:02:16,20038.56,0,0,0,0,0,0
BSEPSU.BSE_IDX,01/07/2025,10:02:24,20035.38,0,0,0,0,0,0
BSEPSU.BSE_IDX,01/07/2025,10:02:32,20028.75,0,0,0,0,0,0
BSEPSU.BSE_IDX,01/07/2025,10:02:41,20031.09,0,0,0,0,0,0
BSEPSU.BSE_IDX,01/07/2025,10:02:49,20034.43,0,0,0,0,0,0
BSEPSU.BSE_IDX,01/07/2025,10:02:56,20032,0,0,0,0,0,0
BSEPSU.BSE_IDX,01/07/2025,10:03:04,20028.46,0,0,0,0,0,0
BSEPSU.BSE_IDX,01/07/2025,10:03:13,20026.18,0,0,0,0,0,0
BSEPSU.BSE_IDX,01/07/2025,10:03:20,20022.72,0,0,0,0,0,0
BSEPSU.BSE_IDX,01/07/2025,10:03:29,20019.37,0,0,0,0,0,0
BSEPSU.BSE_IDX,01/07/2025,10:03:37,20016.1,0,0,0,0,0,0
BSEPSU.BSE_IDX,01/07/2025,10:03:45,20018.03,0,0,0,0,0,0
BSEPSU.BSE_IDX,01/07/2025,10:03:53,20016.34,0,0,0,0,0,0
BSEPSU.BSE_IDX,01/07/2025,10:04:01,20015.8,0,0,0,0,0,0
BSEPSU.BSE_IDX,01/07/2025,10:04:09,20017.04,0,0,0,0,0,0
BSEPSU.BSE_IDX,01/07/2025,10:04:17,20016.81,0,0,0,0,0,0
BSEPSU.BSE_IDX,01/07/2025,10:04:25,20016.01,0,0,0,0,0,0
BSEPSU.BSE_IDX,01/07/2025,10:04:33,20017.67,0,0,0,0,0,0
BSEPSU.BSE_IDX,01/07/2025,10:04:41,20020.08,0,0,0,0,0,0
BSEPSU.BSE_IDX,01/07/2025,10:04:50,20020.98,0,0,0,0,0,0
BSEPSU.BSE_IDX,01/07/2025,10:04:57,20020.83,0,0,0,0,0,0
BSEPSU.BSE_IDX,01/07/2025,10:05:05,20016.72,0,0,0,0,0,0
BSEPSU.BSE_IDX,01/07/2025,10:05:14,20015.08,0,0,0,0,0,0
BSEPSU.BSE_IDX,01/07/2025,10:05:21,20011.73,0,0,0,0,0,0
BSEPSU.BSE_IDX,01/07/2025,10:05:29,20008.31,0,0,0,0,0,0
BSEPSU.BSE_IDX,01/07/2025,10:05:37,20005.65,0,0,0,0,0,0
BSEPSU.BSE_IDX,01/07/2025,10:05:45,20010.55,0,0,0,0,0,0
BSEPSU.BSE_IDX,01/07/2025,10:05:53,20013.73,0,0,0,0,0,0
BSEPSU.BSE_IDX,01/07/2025,10:06:01,20015,0,0,0,0,0,0
BSEPSU.BSE_IDX,01/07/2025,10:06:09,20016.27,0,0,0,0,0,0
BSEPSU.BSE_IDX,01/07/2025,10:06:17,20014.75,0,0,0,0,0,0
BSEPSU.BSE_IDX,01/07/2025,10:06:25,20017.97,0,0,0,0,0,0
BSEPSU.BSE_IDX,01/07/2025,10:06:33,20018.23,0,0,0,0,0,0
BSEPSU.BSE_IDX,01/07/2025,10:06:41,20018.32,0,0,0,0,0,0
BSEPSU.BSE_IDX,01/07/2025,10:06:49,20019.24,0,0,0,0,0,0
BSEPSU.BSE_IDX,01/07/2025,10:06:57,20018.22,0,0,0,0,0,0
BSEPSU.BSE_IDX,01/07/2025,10:07:05,20021.92,0,0,0,0,0,0
BSEPSU.BSE_IDX,01/07/2025,10:07:13,20025.34,0,0,0,0,0,0
BSEPSU.BSE_IDX,01/07/2025,10:07:21,20026.12,0,0,0,0,0,0
BSEPSU.BSE_IDX,01/07/2025,10:07:29,20026.45,0,0,0,0,0,0
BSEPSU.BSE_IDX,01/07/2025,10:07:37,20030.77,0,0,0,0,0,0
BSEPSU.BSE_IDX,01/07/2025,10:07:45,20033.51,0,0,0,0,0,0
BSEPSU.BSE_IDX,01/07/2025,10:07:53,20030.34,0,0,0,0,0,0
BSEPSU.BSE_IDX,01/07/2025,10:08:01,20030.97,0,0,0,0,0,0
BSEPSU.BSE_IDX,01/07/2025,10:08:09,20029.89,0,0,0,0,0,0
BSEPSU.BSE_IDX,01/07/2025,10:08:17,20030.02,0,0,0,0,0,0
BSEPSU.BSE_IDX,01/07/2025,10:08:25,20030.37,0,0,0,0,0,0
BSEPSU.BSE_IDX,01/07/2025,10:08:33,20029.7,0,0,0,0,0,0
BSEPSU.BSE_IDX,01/07/2025,10:08:41,20028.14,0,0,0,0,0,0
BSEPSU.BSE_IDX,01/07/2025,10:08:49,20027.26,0,0,0,0,0,0
BSEPSU.BSE_IDX,01/07/2025,10:08:57,20021.11,0,0,0,0,0,0
BSEPSU.BSE_IDX,01/07/2025,10:09:05,20019.59,0,0,0,0,0,0
BSEPSU.BSE_IDX,01/07/2025,10:09:13,20020.27,0,0,0,0,0,0
BSEPSU.BSE_IDX,01/07/2025,10:09:21,20020.47,0,0,0,0,0,0
BSEPSU.BSE_IDX,01/07/2025,10:09:29,20022,0,0,0,0,0,0
BSEPSU.BSE_IDX,01/07/2025,10:09:37,20022.1,0,0,0,0,0,0
BSEPSU.BSE_IDX,01/07/2025,10:09:45,20021.54,0,0,0,0,0,0
BSEPSU.BSE_IDX,01/07/2025,10:09:53,20022.75,0,0,0,0,0,0
BSEPSU.BSE_IDX,01/07/2025,10:10:01,20025.8,0,0,0,0,0,0
BSEPSU.BSE_IDX,01/07/2025,10:10:09,20025.56,0,0,0,0,0,0
BSEPSU.BSE_IDX,01/07/2025,10:10:17,20027.93,0,0,0,0,0,0
BSEPSU.BSE_IDX,01/07/2025,10:10:25,20029.65,0,0,0,0,0,0
BSEPSU.BSE_IDX,01/07/2025,10:10:33,20028.97,0,0,0,0,0,0
BSEPSU.BSE_IDX,01/07/2025,10:10:41,20027.91,0,0,0,0,0,0
BSEPSU.BSE_IDX,01/07/2025,10:10:49,20027.87,0,0,0,0,0,0
BSEPSU.BSE_IDX,01/07/2025,10:10:57,20026.09,0,0,0,0,0,0
BSEPSU.BSE_IDX,01/07/2025,10:11:05,20026.11,0,0,0,0,0,0
BSEPSU.BSE_IDX,01/07/2025,10:11:13,20024.86,0,0,0,0,0,0
BSEPSU.BSE_IDX,01/07/2025,10:11:22,20021.09,0,0,0,0,0,0
BSEPSU.BSE_IDX,01/07/2025,10:11:29,20020.12,0,0,0,0,0,0
BSEPSU.BSE_IDX,01/07/2025,10:11:37,20019.91,0,0,0,0,0,0
BSEPSU.BSE_IDX,01/07/2025,10:11:45,20018.85,0,0,0,0,0,0
BSEPSU.BSE_IDX,01/07/2025,10:11:53,20015.75,0,0,0,0,0,0
BSEPSU.BSE_IDX,01/07/2025,10:12:01,20016.62,0,0,0,0,0,0
BSEPSU.BSE_IDX,01/07/2025,10:12:09,20017.07,0,0,0,0,0,0
BSEPSU.BSE_IDX,01/07/2025,10:12:17,20014.07,0,0,0,0,0,0
BSEPSU.BSE_IDX,01/07/2025,10:12:25,20012.29,0,0,0,0,0,0
BSEPSU.BSE_IDX,01/07/2025,10:12:33,20010.37,0,0,0,0,0,0
BSEPSU.BSE_IDX,01/07/2025,10:12:41,20009.34,0,0,0,0,0,0
BSEPSU.BSE_IDX,01/07/2025,10:12:49,20006.74,0,0,0,0,0,0
BSEPSU.BSE_IDX,01/07/2025,10:12:57,20002.05,0,0,0,0,0,0
BSEPSU.BSE_IDX,01/07/2025,10:13:05,20000.98,0,0,0,0,0,0
BSEPSU.BSE_IDX,01/07/2025,10:13:13,20002.04,0,0,0,0,0,0
BSEPSU.BSE_IDX,01/07/2025,10:13:21,20005.73,0,0,0,0,0,0
BSEPSU.BSE_IDX,01/07/2025,10:13:29,20002.88,0,0,0,0,0,0
BSEPSU.BSE_IDX,01/07/2025,10:13:37,20001.21,0,0,0,0,0,0
BSEPSU.BSE_IDX,01/07/2025,10:13:45,20001.37,0,0,0,0,0,0
BSEPSU.BSE_IDX,01/07/2025,10:13:53,19998.01,0,0,0,0,0,0
BSEPSU.BSE_IDX,01/07/2025,10:14:01,19991.62,0,0,0,0,0,0
BSEPSU.BSE_IDX,01/07/2025,10:14:09,19989.4,0,0,0,0,0,0
BSEPSU.BSE_IDX,01/07/2025,10:14:17,19990.09,0,0,0,0,0,0
BSEPSU.BSE_IDX,01/07/2025,10:14:25,19988.55,0,0,0,0,0,0
BSEPSU.BSE_IDX,01/07/2025,10:14:33,19987.97,0,0,0,0,0,0
BSEPSU.BSE_IDX,01/07/2025,10:14:41,19985.89,0,0,0,0,0,0
BSEPSU.BSE_IDX,01/07/2025,10:14:49,19985.99,0,0,0,0,0,0
BSEPSU.BSE_IDX,01/07/2025,10:14:57,19985.14,0,0,0,0,0,0
BSEPSU.BSE_IDX,01/07/2025,10:15:05,19984.46,0,0,0,0,0,0
BSEPSU.BSE_IDX,01/07/2025,10:15:13,19979.42,0,0,0,0,0,0
BSEPSU.BSE_IDX,01/07/2025,10:15:21,19977.39,0,0,0,0,0,0
BSEPSU.BSE_IDX,01/07/2025,10:15:29,19976.3,0,0,0,0,0,0
BSEPSU.BSE_IDX,01/07/2025,10:15:37,19980.55,0,0,0,0,0,0
BSEPSU.BSE_IDX,01/07/2025,10:15:45,19975.69,0,0,0,0,0,0
BSEPSU.BSE_IDX,01/07/2025,10:15:53,19975.52,0,0,0,0,0,0
BSEPSU.BSE_IDX,01/07/2025,10:16:01,19978.38,0,0,0,0,0,0
BSEPSU.BSE_IDX,01/07/2025,10:16:09,19979.86,0,0,0,0,0,0
BSEPSU.BSE_IDX,01/07/2025,10:16:17,19979.23,0,0,0,0,0,0
BSEPSU.BSE_IDX,01/07/2025,10:16:25,19979.25,0,0,0,0,0,0
BSEPSU.BSE_IDX,01/07/2025,10:16:33,19979.73,0,0,0,0,0,0
BSEPSU.BSE_IDX,01/07/2025,10:16:41,19975.21,0,0,0,0,0,0
BSEPSU.BSE_IDX,01/07/2025,10:16:49,19976.29,0,0,0,0,0,0
BSEPSU.BSE_IDX,01/07/2025,10:16:57,19974.74,0,0,0,0,0,0
BSEPSU.BSE_IDX,01/07/2025,10:17:05,19975,0,0,0,0,0,0
BSEPSU.BSE_IDX,01/07/2025,10:17:13,19973.16,0,0,0,0,0,0
BSEPSU.BSE_IDX,01/07/2025,10:17:21,19973.84,0,0,0,0,0,0
BSEPSU.BSE_IDX,01/07/2025,10:17:29,19976.01,0,0,0,0,0,0
BSEPSU.BSE_IDX,01/07/2025,10:17:37,19982.08,0,0,0,0,0,0
BSEPSU.BSE_IDX,01/07/2025,10:17:45,19982.67,0,0,0,0,0,0
BSEPSU.BSE_IDX,01/07/2025,10:17:53,19987.52,0,0,0,0,0,0
BSEPSU.BSE_IDX,01/07/2025,10:18:01,19987.66,0,0,0,0,0,0
BSEPSU.BSE_IDX,01/07/2025,10:18:09,19988.89,0,0,0,0,0,0
BSEPSU.BSE_IDX,01/07/2025,10:18:17,19991.41,0,0,0,0,0,0
BSEPSU.BSE_IDX,01/07/2025,10:18:25,19994.26,0,0,0,0,0,0
BSEPSU.BSE_IDX,01/07/2025,10:18:33,19992.67,0,0,0,0,0,0
BSEPSU.BSE_IDX,01/07/2025,10:18:41,19994.9,0,0,0,0,0,0
BSEPSU.BSE_IDX,01/07/2025,10:18:49,19992.58,0,0,0,0,0,0
BSEPSU.BSE_IDX,01/07/2025,10:18:57,19992.12,0,0,0,0,0,0
BSEPSU.BSE_IDX,01/07/2025,10:19:05,19988.09,0,0,0,0,0,0
BSEPSU.BSE_IDX,01/07/2025,10:19:13,19989.82,0,0,0,0,0,0
BSEPSU.BSE_IDX,01/07/2025,10:19:21,19992.13,0,0,0,0,0,0
BSEPSU.BSE_IDX,01/07/2025,10:19:29,19993,0,0,0,0,0,0
BSEPSU.BSE_IDX,01/07/2025,10:19:37,19992.31,0,0,0,0,0,0
BSEPSU.BSE_IDX,01/07/2025,10:19:45,19992.52,0,0,0,0,0,0
BSEPSU.BSE_IDX,01/07/2025,10:19:53,19989.25,0,0,0,0,0,0
BSEPSU.BSE_IDX,01/07/2025,10:20:01,19989.45,0,0,0,0,0,0
BSEPSU.BSE_IDX,01/07/2025,10:20:09,19990.86,0,0,0,0,0,0
BSEPSU.BSE_IDX,01/07/2025,10:20:17,19990.08,0,0,0,0,0,0
BSEPSU.BSE_IDX,01/07/2025,10:20:25,19990.35,0,0,0,0,0,0
BSEPSU.BSE_IDX,01/07/2025,10:20:33,19987.57,0,0,0,0,0,0
BSEPSU.BSE_IDX,01/07/2025,10:20:41,19987.96,0,0,0,0,0,0
BSEPSU.BSE_IDX,01/07/2025,10:20:49,19984.8,0,0,0,0,0,0
BSEPSU.BSE_IDX,01/07/2025,10:20:57,19984.54,0,0,0,0,0,0
BSEPSU.BSE_IDX,01/07/2025,10:21:05,19983.43,0,0,0,0,0,0
BSEPSU.BSE_IDX,01/07/2025,10:21:13,19980.44,0,0,0,0,0,0
BSEPSU.BSE_IDX,01/07/2025,10:21:21,19982.46,0,0,0,0,0,0
BSEPSU.BSE_IDX,01/07/2025,10:21:29,19978.84,0,0,0,0,0,0
BSEPSU.BSE_IDX,01/07/2025,10:21:37,19977.62,0,0,0,0,0,0
BSEPSU.BSE_IDX,01/07/2025,10:21:45,19975.76,0,0,0,0,0,0
BSEPSU.BSE_IDX,01/07/2025,10:21:53,19975.65,0,0,0,0,0,0
BSEPSU.BSE_IDX,01/07/2025,10:22:01,19976.62,0,0,0,0,0,0
BSEPSU.BSE_IDX,01/07/2025,10:22:09,19978.68,0,0,0,0,0,0
BSEPSU.BSE_IDX,01/07/2025,10:22:17,19977.61,0,0,0,0,0,0
BSEPSU.BSE_IDX,01/07/2025,10:22:25,19978.86,0,0,0,0,0,0
BSEPSU.BSE_IDX,01/07/2025,10:22:33,19977.86,0,0,0,0,0,0
BSEPSU.BSE_IDX,01/07/2025,10:22:41,19975.97,0,0,0,0,0,0
BSEPSU.BSE_IDX,01/07/2025,10:22:49,19975.26,0,0,0,0,0,0
BSEPSU.BSE_IDX,01/07/2025,10:22:57,19976.18,0,0,0,0,0,0
BSEPSU.BSE_IDX,01/07/2025,10:23:05,19974.32,0,0,0,0,0,0
BSEPSU.BSE_IDX,01/07/2025,10:23:13,19974.88,0,0,0,0,0,0
BSEPSU.BSE_IDX,01/07/2025,10:23:21,19976.49,0,0,0,0,0,0
BSEPSU.BSE_IDX,01/07/2025,10:23:29,19977.18,0,0,0,0,0,0
BSEPSU.BSE_IDX,01/07/2025,10:23:37,19977.69,0,0,0,0,0,0
BSEPSU.BSE_IDX,01/07/2025,10:23:45,19979.92,0,0,0,0,0,0
BSEPSU.BSE_IDX,01/07/2025,10:23:53,19979.47,0,0,0,0,0,0
BSEPSU.BSE_IDX,01/07/2025,10:24:01,19979.7,0,0,0,0,0,0
BSEPSU.BSE_IDX,01/07/2025,10:24:09,19978.21,0,0,0,0,0,0
BSEPSU.BSE_IDX,01/07/2025,10:24:17,19973.51,0,0,0,0,0,0
BSEPSU.BSE_IDX,01/07/2025,10:24:25,19973.49,0,0,0,0,0,0
BSEPSU.BSE_IDX,01/07/2025,10:24:33,19969.17,0,0,0,0,0,0
BSEPSU.BSE_IDX,01/07/2025,10:24:41,19966.83,0,0,0,0,0,0
BSEPSU.BSE_IDX,01/07/2025,10:24:49,19966.62,0,0,0,0,0,0
BSEPSU.BSE_IDX,01/07/2025,10:24:57,19966.27,0,0,0,0,0,0
BSEPSU.BSE_IDX,01/07/2025,10:25:05,19967.14,0,0,0,0,0,0
BSEPSU.BSE_IDX,01/07/2025,10:25:13,19968.17,0,0,0,0,0,0
BSEPSU.BSE_IDX,01/07/2025,10:25:21,19967.22,0,0,0,0,0,0
BSEPSU.BSE_IDX,01/07/2025,10:25:29,19965.57,0,0,0,0,0,0
BSEPSU.BSE_IDX,01/07/2025,10:25:37,19965.53,0,0,0,0,0,0
BSEPSU.BSE_IDX,01/07/2025,10:25:45,19963.92,0,0,0,0,0,0
BSEPSU.BSE_IDX,01/07/2025,10:25:53,19963.35,0,0,0,0,0,0
BSEPSU.BSE_IDX,01/07/2025,10:26:01,19967.57,0,0,0,0,0,0
BSEPSU.BSE_IDX,01/07/2025,10:26:09,19968.56,0,0,0,0,0,0
BSEPSU.BSE_IDX,01/07/2025,10:26:17,19967.61,0,0,0,0,0,0
BSEPSU.BSE_IDX,01/07/2025,10:26:25,19966.94,0,0,0,0,0,0
BSEPSU.BSE_IDX,01/07/2025,10:26:33,19965.52,0,0,0,0,0,0
BSEPSU.BSE_IDX,01/07/2025,10:26:41,19966.85,0,0,0,0,0,0
BSEPSU.BSE_IDX,01/07/2025,10:26:49,19964.71,0,0,0,0,0,0
BSEPSU.BSE_IDX,01/07/2025,10:26:57,19966.12,0,0,0,0,0,0
BSEPSU.BSE_IDX,01/07/2025,10:27:05,19967.23,0,0,0,0,0,0
BSEPSU.BSE_IDX,01/07/2025,10:27:13,19968.32,0,0,0,0,0,0
BSEPSU.BSE_IDX,01/07/2025,10:27:21,19971.44,0,0,0,0,0,0
BSEPSU.BSE_IDX,01/07/2025,10:27:29,19974.35,0,0,0,0,0,0
BSEPSU.BSE_IDX,01/07/2025,10:27:37,19977.13,0,0,0,0,0,0
BSEPSU.BSE_IDX,01/07/2025,10:27:45,19976.13,0,0,0,0,0,0
BSEPSU.BSE_IDX,01/07/2025,10:27:53,19978.64,0,0,0,0,0,0
BSEPSU.BSE_IDX,01/07/2025,10:28:01,19981.06,0,0,0,0,0,0
BSEPSU.BSE_IDX,01/07/2025,10:28:09,19981.44,0,0,0,0,0,0
BSEPSU.BSE_IDX,01/07/2025,10:28:17,19980.69,0,0,0,0,0,0
BSEPSU.BSE_IDX,01/07/2025,10:28:25,19981.37,0,0,0,0,0,0
BSEPSU.BSE_IDX,01/07/2025,10:28:33,19981.04,0,0,0,0,0,0
BSEPSU.BSE_IDX,01/07/2025,10:28:41,19983,0,0,0,0,0,0
BSEPSU.BSE_IDX,01/07/2025,10:28:49,19982.98,0,0,0,0,0,0
BSEPSU.BSE_IDX,01/07/2025,10:28:57,19981.07,0,0,0,0,0,0
BSEPSU.BSE_IDX,01/07/2025,10:29:05,19982.15,0,0,0,0,0,0
BSEPSU.BSE_IDX,01/07/2025,10:29:13,19982.3,0,0,0,0,0,0
BSEPSU.BSE_IDX,01/07/2025,10:29:21,19982.51,0,0,0,0,0,0
BSEPSU.BSE_IDX,01/07/2025,10:29:29,19983.71,0,0,0,0,0,0
BSEPSU.BSE_IDX,01/07/2025,10:29:37,19983.8,0,0,0,0,0,0
BSEPSU.BSE_IDX,01/07/2025,10:29:46,19982.62,0,0,0,0,0,0
BSEPSU.BSE_IDX,01/07/2025,10:29:54,19985.51,0,0,0,0,0,0
BSEPSU.BSE_IDX,01/07/2025,10:30:01,19985.11,0,0,0,0,0,0
BSEPSU.BSE_IDX,01/07/2025,10:30:09,19983.51,0,0,0,0,0,0
BSEPSU.BSE_IDX,01/07/2025,10:30:17,19985,0,0,0,0,0,0
BSEPSU.BSE_IDX,01/07/2025,10:30:25,19989.58,0,0,0,0,0,0
BSEPSU.BSE_IDX,01/07/2025,10:30:33,19989.31,0,0,0,0,0,0
BSEPSU.BSE_IDX,01/07/2025,10:30:41,19990.59,0,0,0,0,0,0
BSEPSU.BSE_IDX,01/07/2025,10:30:49,19989.93,0,0,0,0,0,0
BSEPSU.BSE_IDX,01/07/2025,10:30:57,19986.56,0,0,0,0,0,0
BSEPSU.BSE_IDX,01/07/2025,10:31:05,19985.41,0,0,0,0,0,0
BSEPSU.BSE_IDX,01/07/2025,10:31:13,19985.43,0,0,0,0,0,0
BSEPSU.BSE_IDX,01/07/2025,10:31:21,19984.67,0,0,0,0,0,0
BSEPSU.BSE_IDX,01/07/2025,10:31:29,19982.07,0,0,0,0,0,0
BSEPSU.BSE_IDX,01/07/2025,10:31:37,19984.12,0,0,0,0,0,0
BSEPSU.BSE_IDX,01/07/2025,10:31:45,19982.58,0,0,0,0,0,0
BSEPSU.BSE_IDX,01/07/2025,10:31:53,19981.97,0,0,0,0,0,0
BSEPSU.BSE_IDX,01/07/2025,10:32:01,19981,0,0,0,0,0,0
BSEPSU.BSE_IDX,01/07/2025,10:32:09,19982.44,0,0,0,0,0,0
BSEPSU.BSE_IDX,01/07/2025,10:32:17,19982.81,0,0,0,0,0,0
BSEPSU.BSE_IDX,01/07/2025,10:32:25,19983.29,0,0,0,0,0,0
BSEPSU.BSE_IDX,01/07/2025,10:32:33,19985.47,0,0,0,0,0,0
BSEPSU.BSE_IDX,01/07/2025,10:32:41,19984.75,0,0,0,0,0,0
BSEPSU.BSE_IDX,01/07/2025,10:32:49,19986.58,0,0,0,0,0,0
BSEPSU.BSE_IDX,01/07/2025,10:32:57,19986.68,0,0,0,0,0,0
BSEPSU.BSE_IDX,01/07/2025,10:33:05,19986.04,0,0,0,0,0,0
BSEPSU.BSE_IDX,01/07/2025,10:33:13,19987.92,0,0,0,0,0,0
BSEPSU.BSE_IDX,01/07/2025,10:33:21,19988.29,0,0,0,0,0,0
BSEPSU.BSE_IDX,01/07/2025,10:33:29,19989.77,0,0,0,0,0,0
BSEPSU.BSE_IDX,01/07/2025,10:33:37,19992.49,0,0,0,0,0,0
BSEPSU.BSE_IDX,01/07/2025,10:33:45,19992.24,0,0,0,0,0,0
BSEPSU.BSE_IDX,01/07/2025,10:33:53,19991.31,0,0,0,0,0,0
BSEPSU.BSE_IDX,01/07/2025,10:34:01,19992.91,0,0,0,0,0,0
BSEPSU.BSE_IDX,01/07/2025,10:34:09,19992.38,0,0,0,0,0,0
BSEPSU.BSE_IDX,01/07/2025,10:34:17,19993.6,0,0,0,0,0,0
BSEPSU.BSE_IDX,01/07/2025,10:34:25,19994.23,0,0,0,0,0,0
BSEPSU.BSE_IDX,01/07/2025,10:34:33,19994.79,0,0,0,0,0,0
BSEPSU.BSE_IDX,01/07/2025,10:34:41,19995.17,0,0,0,0,0,0
BSEPSU.BSE_IDX,01/07/2025,10:34:49,19994.84,0,0,0,0,0,0
BSEPSU.BSE_IDX,01/07/2025,10:34:58,19992.83,0,0,0,0,0,0
BSEPSU.BSE_IDX,01/07/2025,10:35:06,19992.39,0,0,0,0,0,0
BSEPSU.BSE_IDX,01/07/2025,10:35:14,19994.96,0,0,0,0,0,0
BSEPSU.BSE_IDX,01/07/2025,10:35:21,19995.41,0,0,0,0,0,0
BSEPSU.BSE_IDX,01/07/2025,10:35:29,19992.17,0,0,0,0,0,0
BSEPSU.BSE_IDX,01/07/2025,10:35:37,19988.15,0,0,0,0,0,0
BSEPSU.BSE_IDX,01/07/2025,10:35:45,19986.76,0,0,0,0,0,0
BSEPSU.BSE_IDX,01/07/2025,10:35:54,19985.71,0,0,0,0,0,0
BSEPSU.BSE_IDX,01/07/2025,10:36:02,19986.51,0,0,0,0,0,0
BSEPSU.BSE_IDX,01/07/2025,10:36:10,19985.66,0,0,0,0,0,0
BSEPSU.BSE_IDX,01/07/2025,10:36:17,19986.93,0,0,0,0,0,0
BSEPSU.BSE_IDX,01/07/2025,10:36:25,19985.2,0,0,0,0,0,0
BSEPSU.BSE_IDX,01/07/2025,10:36:34,19988.36,0,0,0,0,0,0
BSEPSU.BSE_IDX,01/07/2025,10:36:42,19991.23,0,0,0,0,0,0
BSEPSU.BSE_IDX,01/07/2025,10:36:49,19989.93,0,0,0,0,0,0
BSEPSU.BSE_IDX,01/07/2025,10:36:58,19987.79,0,0,0,0,0,0
BSEPSU.BSE_IDX,01/07/2025,10:37:05,19987.71,0,0,0,0,0,0
BSEPSU.BSE_IDX,01/07/2025,10:37:14,19982.7,0,0,0,0,0,0
BSEPSU.BSE_IDX,01/07/2025,10:37:21,19982.07,0,0,0,0,0,0
BSEPSU.BSE_IDX,01/07/2025,10:37:30,19981.43,0,0,0,0,0,0
BSEPSU.BSE_IDX,01/07/2025,10:37:38,19980.89,0,0,0,0,0,0
BSEPSU.BSE_IDX,01/07/2025,10:37:46,19981.51,0,0,0,0,0,0
BSEPSU.BSE_IDX,01/07/2025,10:37:54,19982.24,0,0,0,0,0,0
BSEPSU.BSE_IDX,01/07/2025,10:38:02,19982.26,0,0,0,0,0,0
BSEPSU.BSE_IDX,01/07/2025,10:38:10,19988.09,0,0,0,0,0,0
BSEPSU.BSE_IDX,01/07/2025,10:38:18,19985.62,0,0,0,0,0,0
BSEPSU.BSE_IDX,01/07/2025,10:38:26,19989.36,0,0,0,0,0,0
BSEPSU.BSE_IDX,01/07/2025,10:38:34,19987.14,0,0,0,0,0,0
BSEPSU.BSE_IDX,01/07/2025,10:38:42,19989.16,0,0,0,0,0,0
BSEPSU.BSE_IDX,01/07/2025,10:38:50,19990.68,0,0,0,0,0,0
BSEPSU.BSE_IDX,01/07/2025,10:38:58,19993.31,0,0,0,0,0,0
BSEPSU.BSE_IDX,01/07/2025,10:39:06,19992.99,0,0,0,0,0,0
BSEPSU.BSE_IDX,01/07/2025,10:39:14,19994.18,0,0,0,0,0,0
BSEPSU.BSE_IDX,01/07/2025,10:39:22,19998.52,0,0,0,0,0,0
BSEPSU.BSE_IDX,01/07/2025,10:39:30,19998.62,0,0,0,0,0,0
BSEPSU.BSE_IDX,01/07/2025,10:39:38,20000.36,0,0,0,0,0,0
BSEPSU.BSE_IDX,01/07/2025,10:39:46,20000.99,0,0,0,0,0,0
BSEPSU.BSE_IDX,01/07/2025,10:39:54,20002.78,0,0,0,0,0,0
BSEPSU.BSE_IDX,01/07/2025,10:40:02,20003.51,0,0,0,0,0,0
BSEPSU.BSE_IDX,01/07/2025,10:40:10,20000.12,0,0,0,0,0,0
BSEPSU.BSE_IDX,01/07/2025,10:40:18,20001.57,0,0,0,0,0,0
BSEPSU.BSE_IDX,01/07/2025,10:40:26,19996.52,0,0,0,0,0,0
BSEPSU.BSE_IDX,01/07/2025,10:40:34,19996.35,0,0,0,0,0,0
BSEPSU.BSE_IDX,01/07/2025,10:40:42,19995.51,0,0,0,0,0,0
BSEPSU.BSE_IDX,01/07/2025,10:40:50,19992.94,0,0,0,0,0,0
BSEPSU.BSE_IDX,01/07/2025,10:40:58,19993.46,0,0,0,0,0,0
BSEPSU.BSE_IDX,01/07/2025,10:41:06,19992.58,0,0,0,0,0,0
BSEPSU.BSE_IDX,01/07/2025,10:41:14,19991.59,0,0,0,0,0,0
BSEPSU.BSE_IDX,01/07/2025,10:41:22,19992.77,0,0,0,0,0,0
BSEPSU.BSE_IDX,01/07/2025,10:41:30,19994.05,0,0,0,0,0,0
BSEPSU.BSE_IDX,01/07/2025,10:41:38,19995.42,0,0,0,0,0,0
BSEPSU.BSE_IDX,01/07/2025,10:41:46,19997.08,0,0,0,0,0,0
BSEPSU.BSE_IDX,01/07/2025,10:41:54,19995.83,0,0,0,0,0,0
BSEPSU.BSE_IDX,01/07/2025,10:42:02,19995.32,0,0,0,0,0,0
BSEPSU.BSE_IDX,01/07/2025,10:42:10,19993.85,0,0,0,0,0,0
BSEPSU.BSE_IDX,01/07/2025,10:42:18,19994.12,0,0,0,0,0,0
BSEPSU.BSE_IDX,01/07/2025,10:42:26,19994.26,0,0,0,0,0,0
BSEPSU.BSE_IDX,01/07/2025,10:42:34,19994.14,0,0,0,0,0,0
BSEPSU.BSE_IDX,01/07/2025,10:42:42,19993.46,0,0,0,0,0,0
BSEPSU.BSE_IDX,01/07/2025,10:42:50,19995.44,0,0,0,0,0,0
BSEPSU.BSE_IDX,01/07/2025,10:42:58,19992.68,0,0,0,0,0,0
BSEPSU.BSE_IDX,01/07/2025,10:43:06,19994.98,0,0,0,0,0,0
BSEPSU.BSE_IDX,01/07/2025,10:43:14,19996.31,0,0,0,0,0,0
BSEPSU.BSE_IDX,01/07/2025,10:43:22,19993.29,0,0,0,0,0,0
BSEPSU.BSE_IDX,01/07/2025,10:43:30,19995.79,0,0,0,0,0,0
BSEPSU.BSE_IDX,01/07/2025,10:43:38,19994.74,0,0,0,0,0,0
BSEPSU.BSE_IDX,01/07/2025,10:43:46,19994.93,0,0,0,0,0,0
BSEPSU.BSE_IDX,01/07/2025,10:43:54,19994.39,0,0,0,0,0,0
BSEPSU.BSE_IDX,01/07/2025,10:44:02,19994.06,0,0,0,0,0,0
BSEPSU.BSE_IDX,01/07/2025,10:44:10,19994.33,0,0,0,0,0,0
BSEPSU.BSE_IDX,01/07/2025,10:44:18,19993.45,0,0,0,0,0,0
BSEPSU.BSE_IDX,01/07/2025,10:44:26,19992.28,0,0,0,0,0,0
BSEPSU.BSE_IDX,01/07/2025,10:44:34,19993.71,0,0,0,0,0,0
BSEPSU.BSE_IDX,01/07/2025,10:44:42,19993.93,0,0,0,0,0,0
BSEPSU.BSE_IDX,01/07/2025,10:44:50,19992.27,0,0,0,0,0,0
BSEPSU.BSE_IDX,01/07/2025,10:44:58,19989.33,0,0,0,0,0,0
BSEPSU.BSE_IDX,01/07/2025,10:45:07,19986.42,0,0,0,0,0,0
BSEPSU.BSE_IDX,01/07/2025,10:45:14,19986.47,0,0,0,0,0,0
BSEPSU.BSE_IDX,01/07/2025,10:45:22,19984.78,0,0,0,0,0,0
BSEPSU.BSE_IDX,01/07/2025,10:45:30,19984.82,0,0,0,0,0,0
BSEPSU.BSE_IDX,01/07/2025,10:45:38,19985.99,0,0,0,0,0,0
BSEPSU.BSE_IDX,01/07/2025,10:45:46,19987.46,0,0,0,0,0,0
BSEPSU.BSE_IDX,01/07/2025,10:45:54,19986.65,0,0,0,0,0,0
BSEPSU.BSE_IDX,01/07/2025,10:46:02,19986.73,0,0,0,0,0,0
BSEPSU.BSE_IDX,01/07/2025,10:46:10,19985.28,0,0,0,0,0,0
BSEPSU.BSE_IDX,01/07/2025,10:46:18,19983.35,0,0,0,0,0,0
BSEPSU.BSE_IDX,01/07/2025,10:46:26,19985.5,0,0,0,0,0,0
BSEPSU.BSE_IDX,01/07/2025,10:46:34,19986.14,0,0,0,0,0,0
BSEPSU.BSE_IDX,01/07/2025,10:46:42,19986.96,0,0,0,0,0,0
BSEPSU.BSE_IDX,01/07/2025,10:46:50,19986.29,0,0,0,0,0,0
BSEPSU.BSE_IDX,01/07/2025,10:46:58,19984.93,0,0,0,0,0,0
BSEPSU.BSE_IDX,01/07/2025,10:47:06,19984.67,0,0,0,0,0,0
BSEPSU.BSE_IDX,01/07/2025,10:47:14,19983.16,0,0,0,0,0,0
BSEPSU.BSE_IDX,01/07/2025,10:47:22,19984.78,0,0,0,0,0,0
BSEPSU.BSE_IDX,01/07/2025,10:47:30,19987.19,0,0,0,0,0,0
BSEPSU.BSE_IDX,01/07/2025,10:47:38,19988.52,0,0,0,0,0,0
BSEPSU.BSE_IDX,01/07/2025,10:47:46,19990.82,0,0,0,0,0,0
BSEPSU.BSE_IDX,01/07/2025,10:47:54,19991.97,0,0,0,0,0,0
BSEPSU.BSE_IDX,01/07/2025,10:48:02,19994.01,0,0,0,0,0,0
BSEPSU.BSE_IDX,01/07/2025,10:48:10,19996.31,0,0,0,0,0,0
BSEPSU.BSE_IDX,01/07/2025,10:48:18,19997.91,0,0,0,0,0,0
BSEPSU.BSE_IDX,01/07/2025,10:48:26,20000.08,0,0,0,0,0,0
BSEPSU.BSE_IDX,01/07/2025,10:48:34,19999.27,0,0,0,0,0,0
BSEPSU.BSE_IDX,01/07/2025,10:48:42,19999.18,0,0,0,0,0,0
BSEPSU.BSE_IDX,01/07/2025,10:48:50,19997.35,0,0,0,0,0,0
BSEPSU.BSE_IDX,01/07/2025,10:48:58,19996.29,0,0,0,0,0,0
BSEPSU.BSE_IDX,01/07/2025,10:49:06,19996.14,0,0,0,0,0,0
BSEPSU.BSE_IDX,01/07/2025,10:49:14,19992.09,0,0,0,0,0,0
BSEPSU.BSE_IDX,01/07/2025,10:49:22,19991.14,0,0,0,0,0,0
BSEPSU.BSE_IDX,01/07/2025,10:49:30,19991.14,0,0,0,0,0,0
BSEPSU.BSE_IDX,01/07/2025,10:49:38,19989.6,0,0,0,0,0,0
BSEPSU.BSE_IDX,01/07/2025,10:49:46,19989.38,0,0,0,0,0,0
BSEPSU.BSE_IDX,01/07/2025,10:49:54,19989.26,0,0,0,0,0,0
BSEPSU.BSE_IDX,01/07/2025,10:50:02,19987.59,0,0,0,0,0,0
BSEPSU.BSE_IDX,01/07/2025,10:50:10,19985.71,0,0,0,0,0,0
BSEPSU.BSE_IDX,01/07/2025,10:50:18,19986.83,0,0,0,0,0,0
BSEPSU.BSE_IDX,01/07/2025,10:50:26,19987.09,0,0,0,0,0,0
BSEPSU.BSE_IDX,01/07/2025,10:50:34,19988.08,0,0,0,0,0,0
BSEPSU.BSE_IDX,01/07/2025,10:50:42,19988.02,0,0,0,0,0,0
BSEPSU.BSE_IDX,01/07/2025,10:50:50,19987.78,0,0,0,0,0,0
BSEPSU.BSE_IDX,01/07/2025,10:50:58,19984.95,0,0,0,0,0,0
BSEPSU.BSE_IDX,01/07/2025,10:51:06,19984.64,0,0,0,0,0,0
BSEPSU.BSE_IDX,01/07/2025,10:51:14,19983.85,0,0,0,0,0,0
BSEPSU.BSE_IDX,01/07/2025,10:51:22,19984.39,0,0,0,0,0,0
BSEPSU.BSE_IDX,01/07/2025,10:51:30,19979.91,0,0,0,0,0,0
BSEPSU.BSE_IDX,01/07/2025,10:51:38,19978.21,0,0,0,0,0,0
BSEPSU.BSE_IDX,01/07/2025,10:51:46,19980.21,0,0,0,0,0,0
BSEPSU.BSE_IDX,01/07/2025,10:51:54,19974,0,0,0,0,0,0
BSEPSU.BSE_IDX,01/07/2025,10:52:02,19972.78,0,0,0,0,0,0
BSEPSU.BSE_IDX,01/07/2025,10:52:10,19973.4,0,0,0,0,0,0
BSEPSU.BSE_IDX,01/07/2025,10:52:18,19973.91,0,0,0,0,0,0
BSEPSU.BSE_IDX,01/07/2025,10:52:26,19970.79,0,0,0,0,0,0
BSEPSU.BSE_IDX,01/07/2025,10:52:34,19970.48,0,0,0,0,0,0
BSEPSU.BSE_IDX,01/07/2025,10:52:43,19967.12,0,0,0,0,0,0
BSEPSU.BSE_IDX,01/07/2025,10:52:50,19965.98,0,0,0,0,0,0
BSEPSU.BSE_IDX,01/07/2025,10:52:58,19963.31,0,0,0,0,0,0
BSEPSU.BSE_IDX,01/07/2025,10:53:06,19962.66,0,0,0,0,0,0
BSEPSU.BSE_IDX,01/07/2025,10:53:14,19960.14,0,0,0,0,0,0
BSEPSU.BSE_IDX,01/07/2025,10:53:22,19962.21,0,0,0,0,0,0
BSEPSU.BSE_IDX,01/07/2025,10:53:30,19961.33,0,0,0,0,0,0
BSEPSU.BSE_IDX,01/07/2025,10:53:38,19965.5,0,0,0,0,0,0
BSEPSU.BSE_IDX,01/07/2025,10:53:46,19964.63,0,0,0,0,0,0
BSEPSU.BSE_IDX,01/07/2025,10:53:54,19964.67,0,0,0,0,0,0
BSEPSU.BSE_IDX,01/07/2025,10:54:02,19965.67,0,0,0,0,0,0
BSEPSU.BSE_IDX,01/07/2025,10:54:10,19966,0,0,0,0,0,0
BSEPSU.BSE_IDX,01/07/2025,10:54:18,19965.05,0,0,0,0,0,0
BSEPSU.BSE_IDX,01/07/2025,10:54:26,19966.25,0,0,0,0,0,0
BSEPSU.BSE_IDX,01/07/2025,10:54:34,19970.96,0,0,0,0,0,0
BSEPSU.BSE_IDX,01/07/2025,10:54:42,19973.53,0,0,0,0,0,0
BSEPSU.BSE_IDX,01/07/2025,10:54:51,19973.03,0,0,0,0,0,0
BSEPSU.BSE_IDX,01/07/2025,10:54:58,19971.43,0,0,0,0,0,0
BSEPSU.BSE_IDX,01/07/2025,10:55:06,19972.01,0,0,0,0,0,0
BSEPSU.BSE_IDX,01/07/2025,10:55:14,19972.67,0,0,0,0,0,0
BSEPSU.BSE_IDX,01/07/2025,10:55:22,19975.55,0,0,0,0,0,0
BSEPSU.BSE_IDX,01/07/2025,10:55:30,19975.44,0,0,0,0,0,0
BSEPSU.BSE_IDX,01/07/2025,10:55:38,19973.86,0,0,0,0,0,0
BSEPSU.BSE_IDX,01/07/2025,10:55:46,19975.69,0,0,0,0,0,0
BSEPSU.BSE_IDX,01/07/2025,10:55:54,19972.1,0,0,0,0,0,0
BSEPSU.BSE_IDX,01/07/2025,10:56:02,19972.97,0,0,0,0,0,0
BSEPSU.BSE_IDX,01/07/2025,10:56:10,19968.23,0,0,0,0,0,0
BSEPSU.BSE_IDX,01/07/2025,10:56:18,19968.71,0,0,0,0,0,0
BSEPSU.BSE_IDX,01/07/2025,10:56:26,19967.24,0,0,0,0,0,0
BSEPSU.BSE_IDX,01/07/2025,10:56:34,19967.37,0,0,0,0,0,0
BSEPSU.BSE_IDX,01/07/2025,10:56:42,19967.75,0,0,0,0,0,0
BSEPSU.BSE_IDX,01/07/2025,10:56:50,19966.55,0,0,0,0,0,0
BSEPSU.BSE_IDX,01/07/2025,10:56:58,19965.79,0,0,0,0,0,0
BSEPSU.BSE_IDX,01/07/2025,10:57:06,19964.43,0,0,0,0,0,0
BSEPSU.BSE_IDX,01/07/2025,10:57:14,19960.38,0,0,0,0,0,0
BSEPSU.BSE_IDX,01/07/2025,10:57:22,19961.51,0,0,0,0,0,0
BSEPSU.BSE_IDX,01/07/2025,10:57:30,19961.36,0,0,0,0,0,0
BSEPSU.BSE_IDX,01/07/2025,10:57:39,19961.02,0,0,0,0,0,0
BSEPSU.BSE_IDX,01/07/2025,10:57:46,19961.49,0,0,0,0,0,0
BSEPSU.BSE_IDX,01/07/2025,10:57:54,19960.69,0,0,0,0,0,0
BSEPSU.BSE_IDX,01/07/2025,10:58:02,19959.96,0,0,0,0,0,0
BSEPSU.BSE_IDX,01/07/2025,10:58:10,19960.39,0,0,0,0,0,0
BSEPSU.BSE_IDX,01/07/2025,10:58:18,19960.67,0,0,0,0,0,0
BSEPSU.BSE_IDX,01/07/2025,10:58:26,19961.22,0,0,0,0,0,0
BSEPSU.BSE_IDX,01/07/2025,10:58:34,19962.47,0,0,0,0,0,0
BSEPSU.BSE_IDX,01/07/2025,10:58:42,19963.26,0,0,0,0,0,0
BSEPSU.BSE_IDX,01/07/2025,10:58:50,19964,0,0,0,0,0,0
BSEPSU.BSE_IDX,01/07/2025,10:58:58,19963.66,0,0,0,0,0,0
BSEPSU.BSE_IDX,01/07/2025,10:59:06,19965.44,0,0,0,0,0,0
BSEPSU.BSE_IDX,01/07/2025,10:59:14,19964.82,0,0,0,0,0,0
BSEPSU.BSE_IDX,01/07/2025,10:59:22,19965.65,0,0,0,0,0,0
BSEPSU.BSE_IDX,01/07/2025,10:59:30,19965.58,0,0,0,0,0,0
BSEPSU.BSE_IDX,01/07/2025,10:59:38,19964.07,0,0,0,0,0,0
BSEPSU.BSE_IDX,01/07/2025,10:59:47,19964.1,0,0,0,0,0,0
BSEPSU.BSE_IDX,01/07/2025,10:59:55,19963.08,0,0,0,0,0,0
BSEPSU.BSE_IDX,01/07/2025,11:00:03,19961.83,0,0,0,0,0,0
BSEPSU.BSE_IDX,01/07/2025,11:00:11,19961.51,0,0,0,0,0,0
BSEPSU.BSE_IDX,01/07/2025,11:00:18,19961.91,0,0,0,0,0,0
BSEPSU.BSE_IDX,01/07/2025,11:00:26,19962.93,0,0,0,0,0,0
BSEPSU.BSE_IDX,01/07/2025,11:00:34,19961.44,0,0,0,0,0,0
BSEPSU.BSE_IDX,01/07/2025,11:00:42,19961.66,0,0,0,0,0,0
BSEPSU.BSE_IDX,01/07/2025,11:00:50,19961.57,0,0,0,0,0,0
BSEPSU.BSE_IDX,01/07/2025,11:00:58,19963.34,0,0,0,0,0,0
BSEPSU.BSE_IDX,01/07/2025,11:01:06,19962.63,0,0,0,0,0,0
BSEPSU.BSE_IDX,01/07/2025,11:01:15,19962.3,0,0,0,0,0,0
BSEPSU.BSE_IDX,01/07/2025,11:01:22,19963.81,0,0,0,0,0,0
BSEPSU.BSE_IDX,01/07/2025,11:01:30,19962.46,0,0,0,0,0,0
BSEPSU.BSE_IDX,01/07/2025,11:01:38,19960.72,0,0,0,0,0,0
BSEPSU.BSE_IDX,01/07/2025,11:01:46,19960.08,0,0,0,0,0,0
BSEPSU.BSE_IDX,01/07/2025,11:01:54,19959.72,0,0,0,0,0,0
BSEPSU.BSE_IDX,01/07/2025,11:02:02,19961.35,0,0,0,0,0,0
BSEPSU.BSE_IDX,01/07/2025,11:02:10,19959.73,0,0,0,0,0,0
BSEPSU.BSE_IDX,01/07/2025,11:02:18,19959.9,0,0,0,0,0,0
BSEPSU.BSE_IDX,01/07/2025,11:02:27,19957.86,0,0,0,0,0,0
BSEPSU.BSE_IDX,01/07/2025,11:02:34,19957.24,0,0,0,0,0,0
BSEPSU.BSE_IDX,01/07/2025,11:02:42,19956.06,0,0,0,0,0,0
BSEPSU.BSE_IDX,01/07/2025,11:02:51,19955.71,0,0,0,0,0,0
BSEPSU.BSE_IDX,01/07/2025,11:02:58,19952.92,0,0,0,0,0,0
BSEPSU.BSE_IDX,01/07/2025,11:03:06,19952.58,0,0,0,0,0,0
BSEPSU.BSE_IDX,01/07/2025,11:03:14,19952,0,0,0,0,0,0
BSEPSU.BSE_IDX,01/07/2025,11:03:22,19952.81,0,0,0,0,0,0
BSEPSU.BSE_IDX,01/07/2025,11:03:31,19953.02,0,0,0,0,0,0
BSEPSU.BSE_IDX,01/07/2025,11:03:38,19952.35,0,0,0,0,0,0
BSEPSU.BSE_IDX,01/07/2025,11:03:46,19953.21,0,0,0,0,0,0
BSEPSU.BSE_IDX,01/07/2025,11:03:54,19955.11,0,0,0,0,0,0
BSEPSU.BSE_IDX,01/07/2025,11:04:02,19954.49,0,0,0,0,0,0
BSEPSU.BSE_IDX,01/07/2025,11:04:10,19952.75,0,0,0,0,0,0
BSEPSU.BSE_IDX,01/07/2025,11:04:18,19952.45,0,0,0,0,0,0
BSEPSU.BSE_IDX,01/07/2025,11:04:27,19952.87,0,0,0,0,0,0
BSEPSU.BSE_IDX,01/07/2025,11:04:34,19953.56,0,0,0,0,0,0
BSEPSU.BSE_IDX,01/07/2025,11:04:42,19953.72,0,0,0,0,0,0
BSEPSU.BSE_IDX,01/07/2025,11:04:51,19952.94,0,0,0,0,0,0
BSEPSU.BSE_IDX,01/07/2025,11:04:58,19952.42,0,0,0,0,0,0
BSEPSU.BSE_IDX,01/07/2025,11:05:06,19955.28,0,0,0,0,0,0
BSEPSU.BSE_IDX,01/07/2025,11:05:14,19956.49,0,0,0,0,0,0
BSEPSU.BSE_IDX,01/07/2025,11:05:22,19958.21,0,0,0,0,0,0
BSEPSU.BSE_IDX,01/07/2025,11:05:30,19958.74,0,0,0,0,0,0
BSEPSU.BSE_IDX,01/07/2025,11:05:38,19960.21,0,0,0,0,0,0
BSEPSU.BSE_IDX,01/07/2025,11:05:46,19961.92,0,0,0,0,0,0
BSEPSU.BSE_IDX,01/07/2025,11:05:54,19960.87,0,0,0,0,0,0
BSEPSU.BSE_IDX,01/07/2025,11:06:02,19962.46,0,0,0,0,0,0
BSEPSU.BSE_IDX,01/07/2025,11:06:11,19965.31,0,0,0,0,0,0
BSEPSU.BSE_IDX,01/07/2025,11:06:19,19965.3,0,0,0,0,0,0
BSEPSU.BSE_IDX,01/07/2025,11:06:26,19965.06,0,0,0,0,0,0
BSEPSU.BSE_IDX,01/07/2025,11:06:34,19964.77,0,0,0,0,0,0
BSEPSU.BSE_IDX,01/07/2025,11:06:42,19964.51,0,0,0,0,0,0
BSEPSU.BSE_IDX,01/07/2025,11:06:50,19964.7,0,0,0,0,0,0
BSEPSU.BSE_IDX,01/07/2025,11:06:58,19966.11,0,0,0,0,0,0
BSEPSU.BSE_IDX,01/07/2025,11:07:06,19968.95,0,0,0,0,0,0
BSEPSU.BSE_IDX,01/07/2025,11:07:15,19970.83,0,0,0,0,0,0
BSEPSU.BSE_IDX,01/07/2025,11:07:22,19971.78,0,0,0,0,0,0
BSEPSU.BSE_IDX,01/07/2025,11:07:30,19971.45,0,0,0,0,0,0
BSEPSU.BSE_IDX,01/07/2025,11:07:38,19972.04,0,0,0,0,0,0
BSEPSU.BSE_IDX,01/07/2025,11:07:46,19972.45,0,0,0,0,0,0
BSEPSU.BSE_IDX,01/07/2025,11:07:54,19973.18,0,0,0,0,0,0
BSEPSU.BSE_IDX,01/07/2025,11:08:02,19973.77,0,0,0,0,0,0
BSEPSU.BSE_IDX,01/07/2025,11:08:11,19975.34,0,0,0,0,0,0
BSEPSU.BSE_IDX,01/07/2025,11:08:18,19974.76,0,0,0,0,0,0
BSEPSU.BSE_IDX,01/07/2025,11:08:26,19975.94,0,0,0,0,0,0
BSEPSU.BSE_IDX,01/07/2025,11:08:35,19974.73,0,0,0,0,0,0
BSEPSU.BSE_IDX,01/07/2025,11:08:43,19975.19,0,0,0,0,0,0
BSEPSU.BSE_IDX,01/07/2025,11:08:51,19976.38,0,0,0,0,0,0
BSEPSU.BSE_IDX,01/07/2025,11:08:58,19975.24,0,0,0,0,0,0
BSEPSU.BSE_IDX,01/07/2025,11:09:07,19974.69,0,0,0,0,0,0
BSEPSU.BSE_IDX,01/07/2025,11:09:15,19974.99,0,0,0,0,0,0
BSEPSU.BSE_IDX,01/07/2025,11:09:23,19973.65,0,0,0,0,0,0
BSEPSU.BSE_IDX,01/07/2025,11:09:31,19974.7,0,0,0,0,0,0
BSEPSU.BSE_IDX,01/07/2025,11:09:39,19975.61,0,0,0,0,0,0
BSEPSU.BSE_IDX,01/07/2025,11:09:46,19975.57,0,0,0,0,0,0
BSEPSU.BSE_IDX,01/07/2025,11:09:55,19974.74,0,0,0,0,0,0
BSEPSU.BSE_IDX,01/07/2025,11:10:03,19974.63,0,0,0,0,0,0
BSEPSU.BSE_IDX,01/07/2025,11:10:11,19974.72,0,0,0,0,0,0
BSEPSU.BSE_IDX,01/07/2025,11:10:19,19975.62,0,0,0,0,0,0
BSEPSU.BSE_IDX,01/07/2025,11:10:27,19975.36,0,0,0,0,0,0
BSEPSU.BSE_IDX,01/07/2025,11:10:35,19976.68,0,0,0,0,0,0
BSEPSU.BSE_IDX,01/07/2025,11:10:43,19979.73,0,0,0,0,0,0
BSEPSU.BSE_IDX,01/07/2025,11:10:51,19980.15,0,0,0,0,0,0
BSEPSU.BSE_IDX,01/07/2025,11:10:59,19981.07,0,0,0,0,0,0
BSEPSU.BSE_IDX,01/07/2025,11:11:07,19980.74,0,0,0,0,0,0
BSEPSU.BSE_IDX,01/07/2025,11:11:15,19981.1,0,0,0,0,0,0
BSEPSU.BSE_IDX,01/07/2025,11:11:23,19982.62,0,0,0,0,0,0
BSEPSU.BSE_IDX,01/07/2025,11:11:31,19979.96,0,0,0,0,0,0
BSEPSU.BSE_IDX,01/07/2025,11:11:39,19979.1,0,0,0,0,0,0
BSEPSU.BSE_IDX,01/07/2025,11:11:47,19979.53,0,0,0,0,0,0
BSEPSU.BSE_IDX,01/07/2025,11:11:55,19978.67,0,0,0,0,0,0
BSEPSU.BSE_IDX,01/07/2025,11:12:03,19981.53,0,0,0,0,0,0
BSEPSU.BSE_IDX,01/07/2025,11:12:11,19982.8,0,0,0,0,0,0
BSEPSU.BSE_IDX,01/07/2025,11:12:19,19982.21,0,0,0,0,0,0
BSEPSU.BSE_IDX,01/07/2025,11:12:27,19982.77,0,0,0,0,0,0
BSEPSU.BSE_IDX,01/07/2025,11:12:35,19983.56,0,0,0,0,0,0
BSEPSU.BSE_IDX,01/07/2025,11:12:43,19983.86,0,0,0,0,0,0
BSEPSU.BSE_IDX,01/07/2025,11:12:51,19984.74,0,0,0,0,0,0
BSEPSU.BSE_IDX,01/07/2025,11:12:59,19983.17,0,0,0,0,0,0
BSEPSU.BSE_IDX,01/07/2025,11:13:07,19983.99,0,0,0,0,0,0
BSEPSU.BSE_IDX,01/07/2025,11:13:16,19983.04,0,0,0,0,0,0
BSEPSU.BSE_IDX,01/07/2025,11:13:23,19983.34,0,0,0,0,0,0
BSEPSU.BSE_IDX,01/07/2025,11:13:31,19983.92,0,0,0,0,0,0
BSEPSU.BSE_IDX,01/07/2025,11:13:39,19986.43,0,0,0,0,0,0
BSEPSU.BSE_IDX,01/07/2025,11:13:47,19985.03,0,0,0,0,0,0
BSEPSU.BSE_IDX,01/07/2025,11:13:55,19988.29,0,0,0,0,0,0
BSEPSU.BSE_IDX,01/07/2025,11:14:03,19988.75,0,0,0,0,0,0
BSEPSU.BSE_IDX,01/07/2025,11:14:11,19989.55,0,0,0,0,0,0
BSEPSU.BSE_IDX,01/07/2025,11:14:19,19993.29,0,0,0,0,0,0
BSEPSU.BSE_IDX,01/07/2025,11:14:27,19993.6,0,0,0,0,0,0
BSEPSU.BSE_IDX,01/07/2025,11:14:35,19994.88,0,0,0,0,0,0
BSEPSU.BSE_IDX,01/07/2025,11:14:43,19996.77,0,0,0,0,0,0
BSEPSU.BSE_IDX,01/07/2025,11:14:51,19997.25,0,0,0,0,0,0
BSEPSU.BSE_IDX,01/07/2025,11:14:59,19999.62,0,0,0,0,0,0
BSEPSU.BSE_IDX,01/07/2025,11:15:07,19999.37,0,0,0,0,0,0
BSEPSU.BSE_IDX,01/07/2025,11:15:15,19998.28,0,0,0,0,0,0
BSEPSU.BSE_IDX,01/07/2025,11:15:23,19999.44,0,0,0,0,0,0
BSEPSU.BSE_IDX,01/07/2025,11:15:31,19997.71,0,0,0,0,0,0
BSEPSU.BSE_IDX,01/07/2025,11:15:39,20000.03,0,0,0,0,0,0
BSEPSU.BSE_IDX,01/07/2025,11:15:47,20001.13,0,0,0,0,0,0
BSEPSU.BSE_IDX,01/07/2025,11:15:56,20001.68,0,0,0,0,0,0
BSEPSU.BSE_IDX,01/07/2025,11:16:03,20001.38,0,0,0,0,0,0
BSEPSU.BSE_IDX,01/07/2025,11:16:11,20001.67,0,0,0,0,0,0
BSEPSU.BSE_IDX,01/07/2025,11:16:19,20002.2,0,0,0,0,0,0
BSEPSU.BSE_IDX,01/07/2025,11:16:27,20001.56,0,0,0,0,0,0
BSEPSU.BSE_IDX,01/07/2025,11:16:35,20000.16,0,0,0,0,0,0
BSEPSU.BSE_IDX,01/07/2025,11:16:43,20000.35,0,0,0,0,0,0
BSEPSU.BSE_IDX,01/07/2025,11:16:51,20000.94,0,0,0,0,0,0
BSEPSU.BSE_IDX,01/07/2025,11:16:59,19998.06,0,0,0,0,0,0
BSEPSU.BSE_IDX,01/07/2025,11:17:07,19999.27,0,0,0,0,0,0
BSEPSU.BSE_IDX,01/07/2025,11:17:15,20000.18,0,0,0,0,0,0
BSEPSU.BSE_IDX,01/07/2025,11:17:23,20000.75,0,0,0,0,0,0
BSEPSU.BSE_IDX,01/07/2025,11:17:31,20003.46,0,0,0,0,0,0
BSEPSU.BSE_IDX,01/07/2025,11:17:39,20006.67,0,0,0,0,0,0
BSEPSU.BSE_IDX,01/07/2025,11:17:47,20010.23,0,0,0,0,0,0
BSEPSU.BSE_IDX,01/07/2025,11:17:57,20010.18,0,0,0,0,0,0
BSEPSU.BSE_IDX,01/07/2025,11:18:03,20011.51,0,0,0,0,0,0
BSEPSU.BSE_IDX,01/07/2025,11:18:11,20009.82,0,0,0,0,0,0
BSEPSU.BSE_IDX,01/07/2025,11:18:19,20010.92,0,0,0,0,0,0
BSEPSU.BSE_IDX,01/07/2025,11:18:27,20011.26,0,0,0,0,0,0
BSEPSU.BSE_IDX,01/07/2025,11:18:35,20013.72,0,0,0,0,0,0
BSEPSU.BSE_IDX,01/07/2025,11:18:44,20014.55,0,0,0,0,0,0
BSEPSU.BSE_IDX,01/07/2025,11:18:51,20013.03,0,0,0,0,0,0
BSEPSU.BSE_IDX,01/07/2025,11:18:59,20010.48,0,0,0,0,0,0
BSEPSU.BSE_IDX,01/07/2025,11:19:08,20009.66,0,0,0,0,0,0
BSEPSU.BSE_IDX,01/07/2025,11:19:15,20006.47,0,0,0,0,0,0
BSEPSU.BSE_IDX,01/07/2025,11:19:23,20006.79,0,0,0,0,0,0
BSEPSU.BSE_IDX,01/07/2025,11:19:31,20003.56,0,0,0,0,0,0
BSEPSU.BSE_IDX,01/07/2025,11:19:39,20003.2,0,0,0,0,0,0
BSEPSU.BSE_IDX,01/07/2025,11:19:47,20001.98,0,0,0,0,0,0
BSEPSU.BSE_IDX,01/07/2025,11:19:55,19997.48,0,0,0,0,0,0
BSEPSU.BSE_IDX,01/07/2025,11:20:03,19991.74,0,0,0,0,0,0
BSEPSU.BSE_IDX,01/07/2025,11:20:11,19993.86,0,0,0,0,0,0
BSEPSU.BSE_IDX,01/07/2025,11:20:19,19994.32,0,0,0,0,0,0
BSEPSU.BSE_IDX,01/07/2025,11:20:27,19994.83,0,0,0,0,0,0
BSEPSU.BSE_IDX,01/07/2025,11:20:35,19996.08,0,0,0,0,0,0
BSEPSU.BSE_IDX,01/07/2025,11:20:43,19996.05,0,0,0,0,0,0
BSEPSU.BSE_IDX,01/07/2025,11:20:51,19997.39,0,0,0,0,0,0
BSEPSU.BSE_IDX,01/07/2025,11:20:59,19998.94,0,0,0,0,0,0
BSEPSU.BSE_IDX,01/07/2025,11:21:07,19999.55,0,0,0,0,0,0
BSEPSU.BSE_IDX,01/07/2025,11:21:15,20000.11,0,0,0,0,0,0
BSEPSU.BSE_IDX,01/07/2025,11:21:24,20001.01,0,0,0,0,0,0
BSEPSU.BSE_IDX,01/07/2025,11:21:31,20002.81,0,0,0,0,0,0
BSEPSU.BSE_IDX,01/07/2025,11:21:39,19999.25,0,0,0,0,0,0
BSEPSU.BSE_IDX,01/07/2025,11:21:47,20000.52,0,0,0,0,0,0
BSEPSU.BSE_IDX,01/07/2025,11:21:56,20000.66,0,0,0,0,0,0
BSEPSU.BSE_IDX,01/07/2025,11:22:03,20002.31,0,0,0,0,0,0
BSEPSU.BSE_IDX,01/07/2025,11:22:11,20002.45,0,0,0,0,0,0
BSEPSU.BSE_IDX,01/07/2025,11:22:19,20001.94,0,0,0,0,0,0
BSEPSU.BSE_IDX,01/07/2025,11:22:28,20001.58,0,0,0,0,0,0
BSEPSU.BSE_IDX,01/07/2025,11:22:35,20001.83,0,0,0,0,0,0
BSEPSU.BSE_IDX,01/07/2025,11:22:43,20003,0,0,0,0,0,0
BSEPSU.BSE_IDX,01/07/2025,11:22:51,20002.38,0,0,0,0,0,0
BSEPSU.BSE_IDX,01/07/2025,11:22:59,20003.21,0,0,0,0,0,0
BSEPSU.BSE_IDX,01/07/2025,11:23:07,20003.06,0,0,0,0,0,0
BSEPSU.BSE_IDX,01/07/2025,11:23:15,20002.49,0,0,0,0,0,0
BSEPSU.BSE_IDX,01/07/2025,11:23:23,20001.25,0,0,0,0,0,0
BSEPSU.BSE_IDX,01/07/2025,11:23:31,20000.99,0,0,0,0,0,0
BSEPSU.BSE_IDX,01/07/2025,11:23:39,20000.75,0,0,0,0,0,0
BSEPSU.BSE_IDX,01/07/2025,11:23:47,20000.11,0,0,0,0,0,0
BSEPSU.BSE_IDX,01/07/2025,11:23:55,20001.55,0,0,0,0,0,0
BSEPSU.BSE_IDX,01/07/2025,11:24:04,19999.43,0,0,0,0,0,0
BSEPSU.BSE_IDX,01/07/2025,11:24:11,19999.97,0,0,0,0,0,0
BSEPSU.BSE_IDX,01/07/2025,11:24:19,20000.88,0,0,0,0,0,0
BSEPSU.BSE_IDX,01/07/2025,11:24:27,20002.15,0,0,0,0,0,0
BSEPSU.BSE_IDX,01/07/2025,11:24:35,20002.01,0,0,0,0,0,0
BSEPSU.BSE_IDX,01/07/2025,11:24:43,20002.18,0,0,0,0,0,0
BSEPSU.BSE_IDX,01/07/2025,11:24:52,20002.24,0,0,0,0,0,0
BSEPSU.BSE_IDX,01/07/2025,11:25:00,20004.89,0,0,0,0,0,0
BSEPSU.BSE_IDX,01/07/2025,11:25:07,20003.81,0,0,0,0,0,0
BSEPSU.BSE_IDX,01/07/2025,11:25:15,20003.94,0,0,0,0,0,0
BSEPSU.BSE_IDX,01/07/2025,11:25:23,20002.28,0,0,0,0,0,0
BSEPSU.BSE_IDX,01/07/2025,11:25:31,20002.74,0,0,0,0,0,0
BSEPSU.BSE_IDX,01/07/2025,11:25:41,20002.44,0,0,0,0,0,0
BSEPSU.BSE_IDX,01/07/2025,11:25:47,19997.73,0,0,0,0,0,0
BSEPSU.BSE_IDX,01/07/2025,11:25:55,19996.49,0,0,0,0,0,0
BSEPSU.BSE_IDX,01/07/2025,11:26:03,19997.42,0,0,0,0,0,0
BSEPSU.BSE_IDX,01/07/2025,11:26:11,19996.74,0,0,0,0,0,0
BSEPSU.BSE_IDX,01/07/2025,11:26:19,19996.66,0,0,0,0,0,0
BSEPSU.BSE_IDX,01/07/2025,11:26:27,19996.68,0,0,0,0,0,0
BSEPSU.BSE_IDX,01/07/2025,11:26:35,19995.58,0,0,0,0,0,0
BSEPSU.BSE_IDX,01/07/2025,11:26:43,19994.94,0,0,0,0,0,0
BSEPSU.BSE_IDX,01/07/2025,11:26:51,19995.27,0,0,0,0,0,0
BSEPSU.BSE_IDX,01/07/2025,11:26:59,19997.25,0,0,0,0,0,0
BSEPSU.BSE_IDX,01/07/2025,11:27:07,20000.13,0,0,0,0,0,0
BSEPSU.BSE_IDX,01/07/2025,11:27:15,19999.92,0,0,0,0,0,0
BSEPSU.BSE_IDX,01/07/2025,11:27:23,19998.61,0,0,0,0,0,0
BSEPSU.BSE_IDX,01/07/2025,11:27:31,19999.69,0,0,0,0,0,0
BSEPSU.BSE_IDX,01/07/2025,11:27:39,19998.8,0,0,0,0,0,0
BSEPSU.BSE_IDX,01/07/2025,11:27:47,19997.17,0,0,0,0,0,0
BSEPSU.BSE_IDX,01/07/2025,11:27:55,20001.45,0,0,0,0,0,0
BSEPSU.BSE_IDX,01/07/2025,11:28:03,20000.39,0,0,0,0,0,0
BSEPSU.BSE_IDX,01/07/2025,11:28:11,20000.94,0,0,0,0,0,0
BSEPSU.BSE_IDX,01/07/2025,11:28:19,19999.92,0,0,0,0,0,0
BSEPSU.BSE_IDX,01/07/2025,11:28:27,20000.16,0,0,0,0,0,0
BSEPSU.BSE_IDX,01/07/2025,11:28:36,20000.92,0,0,0,0,0,0
BSEPSU.BSE_IDX,01/07/2025,11:28:43,20000.12,0,0,0,0,0,0
BSEPSU.BSE_IDX,01/07/2025,11:28:51,19998.85,0,0,0,0,0,0
BSEPSU.BSE_IDX,01/07/2025,11:28:59,20000.75,0,0,0,0,0,0
BSEPSU.BSE_IDX,01/07/2025,11:29:07,20000.77,0,0,0,0,0,0
BSEPSU.BSE_IDX,01/07/2025,11:29:16,19999.66,0,0,0,0,0,0
BSEPSU.BSE_IDX,01/07/2025,11:29:24,19999.28,0,0,0,0,0,0
BSEPSU.BSE_IDX,01/07/2025,11:29:31,19998.25,0,0,0,0,0,0
BSEPSU.BSE_IDX,01/07/2025,11:29:39,19998.79,0,0,0,0,0,0
BSEPSU.BSE_IDX,01/07/2025,11:29:47,20001.29,0,0,0,0,0,0
BSEPSU.BSE_IDX,01/07/2025,11:29:55,20001.41,0,0,0,0,0,0
BSEPSU.BSE_IDX,01/07/2025,11:30:03,20002.3,0,0,0,0,0,0
BSEPSU.BSE_IDX,01/07/2025,11:30:11,20002.55,0,0,0,0,0,0
BSEPSU.BSE_IDX,01/07/2025,11:30:19,20001.97,0,0,0,0,0,0
BSEPSU.BSE_IDX,01/07/2025,11:30:27,20000.82,0,0,0,0,0,0
BSEPSU.BSE_IDX,01/07/2025,11:30:35,20001.08,0,0,0,0,0,0
BSEPSU.BSE_IDX,01/07/2025,11:30:43,20004.12,0,0,0,0,0,0
BSEPSU.BSE_IDX,01/07/2025,11:30:51,20004.12,0,0,0,0,0,0
BSEPSU.BSE_IDX,01/07/2025,11:30:59,20001.15,0,0,0,0,0,0
BSEPSU.BSE_IDX,01/07/2025,11:31:07,20002.19,0,0,0,0,0,0
BSEPSU.BSE_IDX,01/07/2025,11:31:15,19999.51,0,0,0,0,0,0
BSEPSU.BSE_IDX,01/07/2025,11:31:23,19999.06,0,0,0,0,0,0
BSEPSU.BSE_IDX,01/07/2025,11:31:31,19999.83,0,0,0,0,0,0
BSEPSU.BSE_IDX,01/07/2025,11:31:39,19999.98,0,0,0,0,0,0
BSEPSU.BSE_IDX,01/07/2025,11:31:47,19999.9,0,0,0,0,0,0
BSEPSU.BSE_IDX,01/07/2025,11:31:55,19998.76,0,0,0,0,0,0
BSEPSU.BSE_IDX,01/07/2025,11:32:04,19999.66,0,0,0,0,0,0
BSEPSU.BSE_IDX,01/07/2025,11:32:11,19998.14,0,0,0,0,0,0
BSEPSU.BSE_IDX,01/07/2025,11:32:19,19996.31,0,0,0,0,0,0
BSEPSU.BSE_IDX,01/07/2025,11:32:27,19997.25,0,0,0,0,0,0
BSEPSU.BSE_IDX,01/07/2025,11:32:35,19997.06,0,0,0,0,0,0
BSEPSU.BSE_IDX,01/07/2025,11:32:43,19996.15,0,0,0,0,0,0
BSEPSU.BSE_IDX,01/07/2025,11:32:51,19997.28,0,0,0,0,0,0
BSEPSU.BSE_IDX,01/07/2025,11:32:59,19996.97,0,0,0,0,0,0
BSEPSU.BSE_IDX,01/07/2025,11:33:07,19992.93,0,0,0,0,0,0
BSEPSU.BSE_IDX,01/07/2025,11:33:15,19993.21,0,0,0,0,0,0
BSEPSU.BSE_IDX,01/07/2025,11:33:23,19992.22,0,0,0,0,0,0
BSEPSU.BSE_IDX,01/07/2025,11:33:31,19993.4,0,0,0,0,0,0
BSEPSU.BSE_IDX,01/07/2025,11:33:39,19993.24,0,0,0,0,0,0
BSEPSU.BSE_IDX,01/07/2025,11:33:47,19993.56,0,0,0,0,0,0
BSEPSU.BSE_IDX,01/07/2025,11:33:55,19992.84,0,0,0,0,0,0
BSEPSU.BSE_IDX,01/07/2025,11:34:03,19993.52,0,0,0,0,0,0
BSEPSU.BSE_IDX,01/07/2025,11:34:12,19996.32,0,0,0,0,0,0
BSEPSU.BSE_IDX,01/07/2025,11:34:19,19993.81,0,0,0,0,0,0
BSEPSU.BSE_IDX,01/07/2025,11:34:27,19995.42,0,0,0,0,0,0
BSEPSU.BSE_IDX,01/07/2025,11:34:35,19995.74,0,0,0,0,0,0
BSEPSU.BSE_IDX,01/07/2025,11:34:43,19996.16,0,0,0,0,0,0
BSEPSU.BSE_IDX,01/07/2025,11:34:51,19994.95,0,0,0,0,0,0
BSEPSU.BSE_IDX,01/07/2025,11:34:59,19992,0,0,0,0,0,0
BSEPSU.BSE_IDX,01/07/2025,11:35:07,19991.27,0,0,0,0,0,0
BSEPSU.BSE_IDX,01/07/2025,11:35:16,19994.9,0,0,0,0,0,0
BSEPSU.BSE_IDX,01/07/2025,11:35:23,19994.67,0,0,0,0,0,0
BSEPSU.BSE_IDX,01/07/2025,11:35:32,19995,0,0,0,0,0,0
BSEPSU.BSE_IDX,01/07/2025,11:35:39,19995.8,0,0,0,0,0,0
BSEPSU.BSE_IDX,01/07/2025,11:35:47,19995.79,0,0,0,0,0,0
BSEPSU.BSE_IDX,01/07/2025,11:35:55,19994.35,0,0,0,0,0,0
BSEPSU.BSE_IDX,01/07/2025,11:36:04,19994.9,0,0,0,0,0,0
BSEPSU.BSE_IDX,01/07/2025,11:36:11,19995.21,0,0,0,0,0,0
BSEPSU.BSE_IDX,01/07/2025,11:36:19,19993.57,0,0,0,0,0,0
BSEPSU.BSE_IDX,01/07/2025,11:36:28,19994.95,0,0,0,0,0,0
BSEPSU.BSE_IDX,01/07/2025,11:36:35,19991.36,0,0,0,0,0,0
BSEPSU.BSE_IDX,01/07/2025,11:36:43,19992.43,0,0,0,0,0,0
BSEPSU.BSE_IDX,01/07/2025,11:36:54,19991.76,0,0,0,0,0,0
BSEPSU.BSE_IDX,01/07/2025,11:36:59,19989.86,0,0,0,0,0,0
BSEPSU.BSE_IDX,01/07/2025,11:37:07,19989.68,0,0,0,0,0,0
BSEPSU.BSE_IDX,01/07/2025,11:37:15,19989.9,0,0,0,0,0,0
BSEPSU.BSE_IDX,01/07/2025,11:37:23,19987.94,0,0,0,0,0,0
BSEPSU.BSE_IDX,01/07/2025,11:37:31,19989.21,0,0,0,0,0,0
BSEPSU.BSE_IDX,01/07/2025,11:37:41,19988.51,0,0,0,0,0,0
BSEPSU.BSE_IDX,01/07/2025,11:37:47,19990.5,0,0,0,0,0,0
BSEPSU.BSE_IDX,01/07/2025,11:37:55,19990.44,0,0,0,0,0,0
BSEPSU.BSE_IDX,01/07/2025,11:38:03,19990.64,0,0,0,0,0,0
BSEPSU.BSE_IDX,01/07/2025,11:38:11,19991.06,0,0,0,0,0,0
BSEPSU.BSE_IDX,01/07/2025,11:38:20,19988.15,0,0,0,0,0,0
BSEPSU.BSE_IDX,01/07/2025,11:38:27,19987.47,0,0,0,0,0,0
BSEPSU.BSE_IDX,01/07/2025,11:38:35,19989.97,0,0,0,0,0,0
BSEPSU.BSE_IDX,01/07/2025,11:38:43,19989.67,0,0,0,0,0,0
BSEPSU.BSE_IDX,01/07/2025,11:38:51,19989.94,0,0,0,0,0,0
BSEPSU.BSE_IDX,01/07/2025,11:38:59,19989.12,0,0,0,0,0,0
BSEPSU.BSE_IDX,01/07/2025,11:39:07,19990.99,0,0,0,0,0,0
BSEPSU.BSE_IDX,01/07/2025,11:39:16,19991.75,0,0,0,0,0,0
BSEPSU.BSE_IDX,01/07/2025,11:39:23,19993.23,0,0,0,0,0,0
BSEPSU.BSE_IDX,01/07/2025,11:39:31,19992.77,0,0,0,0,0,0
BSEPSU.BSE_IDX,01/07/2025,11:39:39,19989.57,0,0,0,0,0,0
BSEPSU.BSE_IDX,01/07/2025,11:39:47,19989.48,0,0,0,0,0,0
BSEPSU.BSE_IDX,01/07/2025,11:39:55,19987.43,0,0,0,0,0,0
BSEPSU.BSE_IDX,01/07/2025,11:40:03,19988.75,0,0,0,0,0,0
BSEPSU.BSE_IDX,01/07/2025,11:40:11,19988.36,0,0,0,0,0,0
BSEPSU.BSE_IDX,01/07/2025,11:40:19,19987.68,0,0,0,0,0,0
BSEPSU.BSE_IDX,01/07/2025,11:40:27,19987.66,0,0,0,0,0,0
BSEPSU.BSE_IDX,01/07/2025,11:40:35,19987.63,0,0,0,0,0,0
BSEPSU.BSE_IDX,01/07/2025,11:40:43,19987.47,0,0,0,0,0,0
BSEPSU.BSE_IDX,01/07/2025,11:40:51,19987.32,0,0,0,0,0,0
BSEPSU.BSE_IDX,01/07/2025,11:41:00,19989.68,0,0,0,0,0,0
BSEPSU.BSE_IDX,01/07/2025,11:41:07,19990.81,0,0,0,0,0,0
BSEPSU.BSE_IDX,01/07/2025,11:41:15,19988.18,0,0,0,0,0,0
BSEPSU.BSE_IDX,01/07/2025,11:41:24,19989.03,0,0,0,0,0,0
BSEPSU.BSE_IDX,01/07/2025,11:41:32,19987.41,0,0,0,0,0,0
BSEPSU.BSE_IDX,01/07/2025,11:41:39,19987.4,0,0,0,0,0,0
BSEPSU.BSE_IDX,01/07/2025,11:41:48,19987.98,0,0,0,0,0,0
BSEPSU.BSE_IDX,01/07/2025,11:41:56,19987.02,0,0,0,0,0,0
BSEPSU.BSE_IDX,01/07/2025,11:42:04,19988.44,0,0,0,0,0,0
BSEPSU.BSE_IDX,01/07/2025,11:42:12,19990.45,0,0,0,0,0,0
BSEPSU.BSE_IDX,01/07/2025,11:42:20,19991.38,0,0,0,0,0,0
BSEPSU.BSE_IDX,01/07/2025,11:42:28,19991.79,0,0,0,0,0,0
BSEPSU.BSE_IDX,01/07/2025,11:42:36,19991.98,0,0,0,0,0,0
BSEPSU.BSE_IDX,01/07/2025,11:42:44,19992.13,0,0,0,0,0,0
BSEPSU.BSE_IDX,01/07/2025,11:42:52,19992.89,0,0,0,0,0,0
BSEPSU.BSE_IDX,01/07/2025,11:43:00,19991.77,0,0,0,0,0,0
BSEPSU.BSE_IDX,01/07/2025,11:43:08,19992.16,0,0,0,0,0,0
BSEPSU.BSE_IDX,01/07/2025,11:43:16,19990.32,0,0,0,0,0,0
BSEPSU.BSE_IDX,01/07/2025,11:43:24,19989.05,0,0,0,0,0,0
BSEPSU.BSE_IDX,01/07/2025,11:43:32,19990.07,0,0,0,0,0,0
BSEPSU.BSE_IDX,01/07/2025,11:43:40,19990.46,0,0,0,0,0,0
BSEPSU.BSE_IDX,01/07/2025,11:43:48,19988.76,0,0,0,0,0,0
BSEPSU.BSE_IDX,01/07/2025,11:43:56,19988.67,0,0,0,0,0,0
BSEPSU.BSE_IDX,01/07/2025,11:44:04,19990.92,0,0,0,0,0,0
BSEPSU.BSE_IDX,01/07/2025,11:44:12,19989.52,0,0,0,0,0,0
BSEPSU.BSE_IDX,01/07/2025,11:44:20,19990.77,0,0,0,0,0,0
BSEPSU.BSE_IDX,01/07/2025,11:44:28,19990.05,0,0,0,0,0,0
BSEPSU.BSE_IDX,01/07/2025,11:44:36,19986.19,0,0,0,0,0,0
BSEPSU.BSE_IDX,01/07/2025,11:44:44,19987.12,0,0,0,0,0,0
BSEPSU.BSE_IDX,01/07/2025,11:44:52,19988.1,0,0,0,0,0,0
BSEPSU.BSE_IDX,01/07/2025,11:45:00,19987.27,0,0,0,0,0,0
BSEPSU.BSE_IDX,01/07/2025,11:45:08,19988.45,0,0,0,0,0,0
BSEPSU.BSE_IDX,01/07/2025,11:45:16,19988.17,0,0,0,0,0,0
BSEPSU.BSE_IDX,01/07/2025,11:45:24,19989.9,0,0,0,0,0,0
BSEPSU.BSE_IDX,01/07/2025,11:45:32,19989.36,0,0,0,0,0,0
BSEPSU.BSE_IDX,01/07/2025,11:45:40,19989.68,0,0,0,0,0,0
BSEPSU.BSE_IDX,01/07/2025,11:45:48,19989.03,0,0,0,0,0,0
BSEPSU.BSE_IDX,01/07/2025,11:45:56,19990.95,0,0,0,0,0,0
BSEPSU.BSE_IDX,01/07/2025,11:46:04,19992.53,0,0,0,0,0,0
BSEPSU.BSE_IDX,01/07/2025,11:46:12,19994.44,0,0,0,0,0,0
BSEPSU.BSE_IDX,01/07/2025,11:46:20,19993.58,0,0,0,0,0,0
BSEPSU.BSE_IDX,01/07/2025,11:46:28,19993.6,0,0,0,0,0,0
BSEPSU.BSE_IDX,01/07/2025,11:46:36,19993.37,0,0,0,0,0,0
BSEPSU.BSE_IDX,01/07/2025,11:46:44,19992.27,0,0,0,0,0,0
BSEPSU.BSE_IDX,01/07/2025,11:46:52,19992.66,0,0,0,0,0,0
BSEPSU.BSE_IDX,01/07/2025,11:47:00,19993.28,0,0,0,0,0,0
BSEPSU.BSE_IDX,01/07/2025,11:47:08,19992.86,0,0,0,0,0,0
BSEPSU.BSE_IDX,01/07/2025,11:47:16,19990.98,0,0,0,0,0,0
BSEPSU.BSE_IDX,01/07/2025,11:47:24,19989.39,0,0,0,0,0,0
BSEPSU.BSE_IDX,01/07/2025,11:47:32,19989.2,0,0,0,0,0,0
BSEPSU.BSE_IDX,01/07/2025,11:47:40,19991.46,0,0,0,0,0,0
BSEPSU.BSE_IDX,01/07/2025,11:47:48,19991.16,0,0,0,0,0,0
BSEPSU.BSE_IDX,01/07/2025,11:47:56,19991.07,0,0,0,0,0,0
BSEPSU.BSE_IDX,01/07/2025,11:48:04,19992.28,0,0,0,0,0,0
BSEPSU.BSE_IDX,01/07/2025,11:48:12,19992.54,0,0,0,0,0,0
BSEPSU.BSE_IDX,01/07/2025,11:48:20,19992.75,0,0,0,0,0,0
BSEPSU.BSE_IDX,01/07/2025,11:48:28,19992.29,0,0,0,0,0,0
BSEPSU.BSE_IDX,01/07/2025,11:48:36,19992.44,0,0,0,0,0,0
BSEPSU.BSE_IDX,01/07/2025,11:48:44,19992.97,0,0,0,0,0,0
BSEPSU.BSE_IDX,01/07/2025,11:48:52,19994.99,0,0,0,0,0,0
BSEPSU.BSE_IDX,01/07/2025,11:49:01,19995.06,0,0,0,0,0,0
BSEPSU.BSE_IDX,01/07/2025,11:49:09,19994.77,0,0,0,0,0,0
BSEPSU.BSE_IDX,01/07/2025,11:49:16,19994.22,0,0,0,0,0,0
BSEPSU.BSE_IDX,01/07/2025,11:49:24,19993.6,0,0,0,0,0,0
BSEPSU.BSE_IDX,01/07/2025,11:49:32,19990.07,0,0,0,0,0,0
BSEPSU.BSE_IDX,01/07/2025,11:49:40,19988.91,0,0,0,0,0,0
BSEPSU.BSE_IDX,01/07/2025,11:49:49,19989.7,0,0,0,0,0,0
BSEPSU.BSE_IDX,01/07/2025,11:49:56,19988.31,0,0,0,0,0,0
BSEPSU.BSE_IDX,01/07/2025,11:50:04,19989.47,0,0,0,0,0,0
BSEPSU.BSE_IDX,01/07/2025,11:50:12,19985.15,0,0,0,0,0,0
BSEPSU.BSE_IDX,01/07/2025,11:50:20,19985.54,0,0,0,0,0,0
BSEPSU.BSE_IDX,01/07/2025,11:50:28,19983.07,0,0,0,0,0,0
BSEPSU.BSE_IDX,01/07/2025,11:50:36,19983.68,0,0,0,0,0,0
BSEPSU.BSE_IDX,01/07/2025,11:50:44,19983.96,0,0,0,0,0,0
BSEPSU.BSE_IDX,01/07/2025,11:50:52,19983.8,0,0,0,0,0,0
BSEPSU.BSE_IDX,01/07/2025,11:51:00,19982.5,0,0,0,0,0,0
BSEPSU.BSE_IDX,01/07/2025,11:51:08,19982.44,0,0,0,0,0,0
BSEPSU.BSE_IDX,01/07/2025,11:51:16,19983.54,0,0,0,0,0,0
BSEPSU.BSE_IDX,01/07/2025,11:51:24,19983.22,0,0,0,0,0,0
BSEPSU.BSE_IDX,01/07/2025,11:51:32,19983.29,0,0,0,0,0,0
BSEPSU.BSE_IDX,01/07/2025,11:51:40,19982.99,0,0,0,0,0,0
BSEPSU.BSE_IDX,01/07/2025,11:51:48,19984.4,0,0,0,0,0,0
BSEPSU.BSE_IDX,01/07/2025,11:51:56,19984.56,0,0,0,0,0,0
BSEPSU.BSE_IDX,01/07/2025,11:52:04,19983.94,0,0,0,0,0,0
BSEPSU.BSE_IDX,01/07/2025,11:52:12,19983.19,0,0,0,0,0,0
BSEPSU.BSE_IDX,01/07/2025,11:52:20,19982.65,0,0,0,0,0,0
BSEPSU.BSE_IDX,01/07/2025,11:52:28,19983.01,0,0,0,0,0,0
BSEPSU.BSE_IDX,01/07/2025,11:52:36,19981.04,0,0,0,0,0,0
BSEPSU.BSE_IDX,01/07/2025,11:52:44,19978.92,0,0,0,0,0,0
BSEPSU.BSE_IDX,01/07/2025,11:52:52,19979.76,0,0,0,0,0,0
BSEPSU.BSE_IDX,01/07/2025,11:53:00,19976.5,0,0,0,0,0,0
BSEPSU.BSE_IDX,01/07/2025,11:53:08,19974.47,0,0,0,0,0,0
BSEPSU.BSE_IDX,01/07/2025,11:53:16,19973.08,0,0,0,0,0,0
BSEPSU.BSE_IDX,01/07/2025,11:53:24,19973.93,0,0,0,0,0,0
BSEPSU.BSE_IDX,01/07/2025,11:53:32,19973.48,0,0,0,0,0,0
BSEPSU.BSE_IDX,01/07/2025,11:53:40,19974.13,0,0,0,0,0,0
BSEPSU.BSE_IDX,01/07/2025,11:53:48,19974.09,0,0,0,0,0,0
BSEPSU.BSE_IDX,01/07/2025,11:53:56,19974.17,0,0,0,0,0,0
BSEPSU.BSE_IDX,01/07/2025,11:54:04,19970.24,0,0,0,0,0,0
BSEPSU.BSE_IDX,01/07/2025,11:54:12,19969.35,0,0,0,0,0,0
BSEPSU.BSE_IDX,01/07/2025,11:54:20,19968.26,0,0,0,0,0,0
BSEPSU.BSE_IDX,01/07/2025,11:54:28,19967.14,0,0,0,0,0,0
BSEPSU.BSE_IDX,01/07/2025,11:54:36,19966.54,0,0,0,0,0,0
BSEPSU.BSE_IDX,01/07/2025,11:54:44,19965.65,0,0,0,0,0,0
BSEPSU.BSE_IDX,01/07/2025,11:54:52,19964.59,0,0,0,0,0,0
BSEPSU.BSE_IDX,01/07/2025,11:55:00,19964.99,0,0,0,0,0,0
BSEPSU.BSE_IDX,01/07/2025,11:55:08,19965.55,0,0,0,0,0,0
BSEPSU.BSE_IDX,01/07/2025,11:55:17,19966.65,0,0,0,0,0,0
BSEPSU.BSE_IDX,01/07/2025,11:55:24,19967.88,0,0,0,0,0,0
BSEPSU.BSE_IDX,01/07/2025,11:55:32,19968.97,0,0,0,0,0,0
BSEPSU.BSE_IDX,01/07/2025,11:55:40,19971.62,0,0,0,0,0,0
BSEPSU.BSE_IDX,01/07/2025,11:55:48,19971.35,0,0,0,0,0,0
BSEPSU.BSE_IDX,01/07/2025,11:55:56,19971.03,0,0,0,0,0,0
BSEPSU.BSE_IDX,01/07/2025,11:56:05,19972.04,0,0,0,0,0,0
BSEPSU.BSE_IDX,01/07/2025,11:56:12,19969.7,0,0,0,0,0,0
BSEPSU.BSE_IDX,01/07/2025,11:56:20,19967.31,0,0,0,0,0,0
BSEPSU.BSE_IDX,01/07/2025,11:56:28,19965.27,0,0,0,0,0,0
BSEPSU.BSE_IDX,01/07/2025,11:56:36,19962.8,0,0,0,0,0,0
BSEPSU.BSE_IDX,01/07/2025,11:56:44,19964.75,0,0,0,0,0,0
BSEPSU.BSE_IDX,01/07/2025,11:56:52,19963.95,0,0,0,0,0,0
BSEPSU.BSE_IDX,01/07/2025,11:57:00,19963.54,0,0,0,0,0,0
BSEPSU.BSE_IDX,01/07/2025,11:57:08,19960.84,0,0,0,0,0,0
BSEPSU.BSE_IDX,01/07/2025,11:57:16,19961.19,0,0,0,0,0,0
BSEPSU.BSE_IDX,01/07/2025,11:57:24,19960.26,0,0,0,0,0,0
BSEPSU.BSE_IDX,01/07/2025,11:57:32,19959.99,0,0,0,0,0,0
BSEPSU.BSE_IDX,01/07/2025,11:57:40,19958.46,0,0,0,0,0,0
BSEPSU.BSE_IDX,01/07/2025,11:57:48,19959.86,0,0,0,0,0,0
BSEPSU.BSE_IDX,01/07/2025,11:57:56,19958.23,0,0,0,0,0,0
BSEPSU.BSE_IDX,01/07/2025,11:58:04,19958.92,0,0,0,0,0,0
BSEPSU.BSE_IDX,01/07/2025,11:58:12,19959.36,0,0,0,0,0,0
BSEPSU.BSE_IDX,01/07/2025,11:58:20,19959.03,0,0,0,0,0,0
BSEPSU.BSE_IDX,01/07/2025,11:58:28,19959.09,0,0,0,0,0,0
BSEPSU.BSE_IDX,01/07/2025,11:58:36,19959.92,0,0,0,0,0,0
BSEPSU.BSE_IDX,01/07/2025,11:58:44,19961.7,0,0,0,0,0,0
BSEPSU.BSE_IDX,01/07/2025,11:58:52,19962.92,0,0,0,0,0,0
BSEPSU.BSE_IDX,01/07/2025,11:59:00,19962.01,0,0,0,0,0,0
BSEPSU.BSE_IDX,01/07/2025,11:59:08,19961.29,0,0,0,0,0,0
BSEPSU.BSE_IDX,01/07/2025,11:59:16,19960.04,0,0,0,0,0,0
BSEPSU.BSE_IDX,01/07/2025,11:59:24,19960.8,0,0,0,0,0,0
BSEPSU.BSE_IDX,01/07/2025,11:59:32,19964.85,0,0,0,0,0,0
BSEPSU.BSE_IDX,01/07/2025,11:59:40,19968.18,0,0,0,0,0,0
BSEPSU.BSE_IDX,01/07/2025,11:59:48,19969.16,0,0,0,0,0,0
BSEPSU.BSE_IDX,01/07/2025,11:59:56,19968.85,0,0,0,0,0,0
BSEPSU.BSE_IDX,01/07/2025,12:00:05,19968.77,0,0,0,0,0,0
BSEPSU.BSE_IDX,01/07/2025,12:00:12,19969,0,0,0,0,0,0
BSEPSU.BSE_IDX,01/07/2025,12:00:20,19966.32,0,0,0,0,0,0
BSEPSU.BSE_IDX,01/07/2025,12:00:28,19964.31,0,0,0,0,0,0
BSEPSU.BSE_IDX,01/07/2025,12:00:37,19963.47,0,0,0,0,0,0
BSEPSU.BSE_IDX,01/07/2025,12:00:44,19962.91,0,0,0,0,0,0
BSEPSU.BSE_IDX,01/07/2025,12:00:52,19963.34,0,0,0,0,0,0
BSEPSU.BSE_IDX,01/07/2025,12:01:00,19961.98,0,0,0,0,0,0
BSEPSU.BSE_IDX,01/07/2025,12:01:08,19961.72,0,0,0,0,0,0
BSEPSU.BSE_IDX,01/07/2025,12:01:16,19963.47,0,0,0,0,0,0
BSEPSU.BSE_IDX,01/07/2025,12:01:24,19963.37,0,0,0,0,0,0
BSEPSU.BSE_IDX,01/07/2025,12:01:32,19965.86,0,0,0,0,0,0
BSEPSU.BSE_IDX,01/07/2025,12:01:40,19965.07,0,0,0,0,0,0
BSEPSU.BSE_IDX,01/07/2025,12:01:48,19963.93,0,0,0,0,0,0
BSEPSU.BSE_IDX,01/07/2025,12:01:57,19963.19,0,0,0,0,0,0
BSEPSU.BSE_IDX,01/07/2025,12:02:04,19963.79,0,0,0,0,0,0
BSEPSU.BSE_IDX,01/07/2025,12:02:12,19964.88,0,0,0,0,0,0
BSEPSU.BSE_IDX,01/07/2025,12:02:20,19962.96,0,0,0,0,0,0
BSEPSU.BSE_IDX,01/07/2025,12:02:28,19961.94,0,0,0,0,0,0
BSEPSU.BSE_IDX,01/07/2025,12:02:36,19963.43,0,0,0,0,0,0
BSEPSU.BSE_IDX,01/07/2025,12:02:44,19962.89,0,0,0,0,0,0
BSEPSU.BSE_IDX,01/07/2025,12:02:52,19964.38,0,0,0,0,0,0
BSEPSU.BSE_IDX,01/07/2025,12:03:00,19961.23,0,0,0,0,0,0
BSEPSU.BSE_IDX,01/07/2025,12:03:08,19961.06,0,0,0,0,0,0
BSEPSU.BSE_IDX,01/07/2025,12:03:17,19959.85,0,0,0,0,0,0
BSEPSU.BSE_IDX,01/07/2025,12:03:24,19960.19,0,0,0,0,0,0
BSEPSU.BSE_IDX,01/07/2025,12:03:32,19960.7,0,0,0,0,0,0
BSEPSU.BSE_IDX,01/07/2025,12:03:40,19961.21,0,0,0,0,0,0
BSEPSU.BSE_IDX,01/07/2025,12:03:48,19960.5,0,0,0,0,0,0
BSEPSU.BSE_IDX,01/07/2025,12:03:56,19959.98,0,0,0,0,0,0
BSEPSU.BSE_IDX,01/07/2025,12:04:04,19960.41,0,0,0,0,0,0
BSEPSU.BSE_IDX,01/07/2025,12:04:12,19958.97,0,0,0,0,0,0
BSEPSU.BSE_IDX,01/07/2025,12:04:20,19959.52,0,0,0,0,0,0
BSEPSU.BSE_IDX,01/07/2025,12:04:28,19960.44,0,0,0,0,0,0
BSEPSU.BSE_IDX,01/07/2025,12:04:36,19960.41,0,0,0,0,0,0
BSEPSU.BSE_IDX,01/07/2025,12:04:44,19960.73,0,0,0,0,0,0
BSEPSU.BSE_IDX,01/07/2025,12:04:52,19960.85,0,0,0,0,0,0
BSEPSU.BSE_IDX,01/07/2025,12:05:01,19962,0,0,0,0,0,0
BSEPSU.BSE_IDX,01/07/2025,12:05:08,19961.11,0,0,0,0,0,0
BSEPSU.BSE_IDX,01/07/2025,12:05:16,19960.83,0,0,0,0,0,0
BSEPSU.BSE_IDX,01/07/2025,12:05:24,19961.43,0,0,0,0,0,0
BSEPSU.BSE_IDX,01/07/2025,12:05:32,19960.92,0,0,0,0,0,0
BSEPSU.BSE_IDX,01/07/2025,12:05:40,19960.72,0,0,0,0,0,0
BSEPSU.BSE_IDX,01/07/2025,12:05:48,19960.04,0,0,0,0,0,0
BSEPSU.BSE_IDX,01/07/2025,12:05:56,19959.84,0,0,0,0,0,0
BSEPSU.BSE_IDX,01/07/2025,12:06:04,19962.49,0,0,0,0,0,0
BSEPSU.BSE_IDX,01/07/2025,12:06:12,19964.5,0,0,0,0,0,0
BSEPSU.BSE_IDX,01/07/2025,12:06:20,19964.39,0,0,0,0,0,0
BSEPSU.BSE_IDX,01/07/2025,12:06:28,19962.68,0,0,0,0,0,0
BSEPSU.BSE_IDX,01/07/2025,12:06:36,19964.73,0,0,0,0,0,0
BSEPSU.BSE_IDX,01/07/2025,12:06:44,19962.25,0,0,0,0,0,0
BSEPSU.BSE_IDX,01/07/2025,12:06:53,19963.5,0,0,0,0,0,0
BSEPSU.BSE_IDX,01/07/2025,12:07:00,19962.71,0,0,0,0,0,0
BSEPSU.BSE_IDX,01/07/2025,12:07:08,19961.11,0,0,0,0,0,0
BSEPSU.BSE_IDX,01/07/2025,12:07:16,19963.55,0,0,0,0,0,0
BSEPSU.BSE_IDX,01/07/2025,12:07:24,19962.11,0,0,0,0,0,0
BSEPSU.BSE_IDX,01/07/2025,12:07:32,19961.9,0,0,0,0,0,0
BSEPSU.BSE_IDX,01/07/2025,12:07:40,19962.31,0,0,0,0,0,0
BSEPSU.BSE_IDX,01/07/2025,12:07:48,19961.65,0,0,0,0,0,0
BSEPSU.BSE_IDX,01/07/2025,12:07:56,19961.24,0,0,0,0,0,0
BSEPSU.BSE_IDX,01/07/2025,12:08:04,19962.8,0,0,0,0,0,0
BSEPSU.BSE_IDX,01/07/2025,12:08:12,19961.24,0,0,0,0,0,0
BSEPSU.BSE_IDX,01/07/2025,12:08:20,19960.32,0,0,0,0,0,0
BSEPSU.BSE_IDX,01/07/2025,12:08:28,19963.57,0,0,0,0,0,0
BSEPSU.BSE_IDX,01/07/2025,12:08:36,19961.8,0,0,0,0,0,0
BSEPSU.BSE_IDX,01/07/2025,12:08:44,19961.95,0,0,0,0,0,0
BSEPSU.BSE_IDX,01/07/2025,12:08:52,19964.58,0,0,0,0,0,0
BSEPSU.BSE_IDX,01/07/2025,12:09:00,19966,0,0,0,0,0,0
BSEPSU.BSE_IDX,01/07/2025,12:09:08,19967.92,0,0,0,0,0,0
BSEPSU.BSE_IDX,01/07/2025,12:09:16,19968.15,0,0,0,0,0,0
BSEPSU.BSE_IDX,01/07/2025,12:09:25,19967.15,0,0,0,0,0,0
BSEPSU.BSE_IDX,01/07/2025,12:09:32,19967.37,0,0,0,0,0,0
BSEPSU.BSE_IDX,01/07/2025,12:09:40,19968.36,0,0,0,0,0,0
BSEPSU.BSE_IDX,01/07/2025,12:09:48,19968.11,0,0,0,0,0,0
BSEPSU.BSE_IDX,01/07/2025,12:09:57,19969.39,0,0,0,0,0,0
BSEPSU.BSE_IDX,01/07/2025,12:10:05,19967.57,0,0,0,0,0,0
BSEPSU.BSE_IDX,01/07/2025,12:10:13,19968.65,0,0,0,0,0,0
BSEPSU.BSE_IDX,01/07/2025,12:10:22,19968.61,0,0,0,0,0,0
BSEPSU.BSE_IDX,01/07/2025,12:10:28,19968.93,0,0,0,0,0,0
BSEPSU.BSE_IDX,01/07/2025,12:10:36,19968.9,0,0,0,0,0,0
BSEPSU.BSE_IDX,01/07/2025,12:10:45,19968.94,0,0,0,0,0,0
BSEPSU.BSE_IDX,01/07/2025,12:10:52,19968.93,0,0,0,0,0,0
BSEPSU.BSE_IDX,01/07/2025,12:11:00,19969.09,0,0,0,0,0,0
BSEPSU.BSE_IDX,01/07/2025,12:11:08,19968.83,0,0,0,0,0,0
BSEPSU.BSE_IDX,01/07/2025,12:11:17,19967.55,0,0,0,0,0,0
BSEPSU.BSE_IDX,01/07/2025,12:11:24,19969.52,0,0,0,0,0,0
BSEPSU.BSE_IDX,01/07/2025,12:11:32,19968.8,0,0,0,0,0,0
BSEPSU.BSE_IDX,01/07/2025,12:11:40,19969.75,0,0,0,0,0,0
BSEPSU.BSE_IDX,01/07/2025,12:11:49,19972.78,0,0,0,0,0,0
BSEPSU.BSE_IDX,01/07/2025,12:11:57,19974.63,0,0,0,0,0,0
BSEPSU.BSE_IDX,01/07/2025,12:12:05,19975.16,0,0,0,0,0,0
BSEPSU.BSE_IDX,01/07/2025,12:12:13,19976.04,0,0,0,0,0,0
BSEPSU.BSE_IDX,01/07/2025,12:12:21,19975.99,0,0,0,0,0,0
BSEPSU.BSE_IDX,01/07/2025,12:12:29,19977.03,0,0,0,0,0,0
BSEPSU.BSE_IDX,01/07/2025,12:12:37,19976.16,0,0,0,0,0,0
BSEPSU.BSE_IDX,01/07/2025,12:12:45,19974.94,0,0,0,0,0,0
BSEPSU.BSE_IDX,01/07/2025,12:12:53,19974.94,0,0,0,0,0,0
BSEPSU.BSE_IDX,01/07/2025,12:13:01,19973.68,0,0,0,0,0,0
BSEPSU.BSE_IDX,01/07/2025,12:13:09,19972.83,0,0,0,0,0,0
BSEPSU.BSE_IDX,01/07/2025,12:13:17,19974.77,0,0,0,0,0,0
BSEPSU.BSE_IDX,01/07/2025,12:13:25,19974.73,0,0,0,0,0,0
BSEPSU.BSE_IDX,01/07/2025,12:13:33,19976.42,0,0,0,0,0,0
BSEPSU.BSE_IDX,01/07/2025,12:13:41,19975.54,0,0,0,0,0,0
BSEPSU.BSE_IDX,01/07/2025,12:13:49,19975.63,0,0,0,0,0,0
BSEPSU.BSE_IDX,01/07/2025,12:13:57,19976.69,0,0,0,0,0,0
BSEPSU.BSE_IDX,01/07/2025,12:14:05,19975.16,0,0,0,0,0,0
BSEPSU.BSE_IDX,01/07/2025,12:14:13,19974.89,0,0,0,0,0,0
BSEPSU.BSE_IDX,01/07/2025,12:14:21,19976.72,0,0,0,0,0,0
BSEPSU.BSE_IDX,01/07/2025,12:14:29,19976.11,0,0,0,0,0,0
BSEPSU.BSE_IDX,01/07/2025,12:14:37,19976.32,0,0,0,0,0,0
BSEPSU.BSE_IDX,01/07/2025,12:14:46,19977.04,0,0,0,0,0,0
BSEPSU.BSE_IDX,01/07/2025,12:14:54,19976.74,0,0,0,0,0,0
BSEPSU.BSE_IDX,01/07/2025,12:15:01,19976.5,0,0,0,0,0,0
BSEPSU.BSE_IDX,01/07/2025,12:15:09,19976.52,0,0,0,0,0,0
BSEPSU.BSE_IDX,01/07/2025,12:15:17,19978,0,0,0,0,0,0
BSEPSU.BSE_IDX,01/07/2025,12:15:25,19976.09,0,0,0,0,0,0
BSEPSU.BSE_IDX,01/07/2025,12:15:33,19974.49,0,0,0,0,0,0
BSEPSU.BSE_IDX,01/07/2025,12:15:41,19974.44,0,0,0,0,0,0
BSEPSU.BSE_IDX,01/07/2025,12:15:49,19975.51,0,0,0,0,0,0
BSEPSU.BSE_IDX,01/07/2025,12:15:57,19976.9,0,0,0,0,0,0
BSEPSU.BSE_IDX,01/07/2025,12:16:05,19976.57,0,0,0,0,0,0
BSEPSU.BSE_IDX,01/07/2025,12:16:13,19979,0,0,0,0,0,0
BSEPSU.BSE_IDX,01/07/2025,12:16:21,19980.23,0,0,0,0,0,0
BSEPSU.BSE_IDX,01/07/2025,12:16:29,19980.47,0,0,0,0,0,0
BSEPSU.BSE_IDX,01/07/2025,12:16:37,19980.57,0,0,0,0,0,0
BSEPSU.BSE_IDX,01/07/2025,12:16:45,19978.95,0,0,0,0,0,0
BSEPSU.BSE_IDX,01/07/2025,12:16:53,19980.37,0,0,0,0,0,0
BSEPSU.BSE_IDX,01/07/2025,12:17:01,19981.15,0,0,0,0,0,0
BSEPSU.BSE_IDX,01/07/2025,12:17:09,19980.32,0,0,0,0,0,0
BSEPSU.BSE_IDX,01/07/2025,12:17:17,19983.9,0,0,0,0,0,0
BSEPSU.BSE_IDX,01/07/2025,12:17:25,19981.46,0,0,0,0,0,0
BSEPSU.BSE_IDX,01/07/2025,12:17:33,19984.13,0,0,0,0,0,0
BSEPSU.BSE_IDX,01/07/2025,12:17:41,19983.6,0,0,0,0,0,0
BSEPSU.BSE_IDX,01/07/2025,12:17:49,19983.9,0,0,0,0,0,0
BSEPSU.BSE_IDX,01/07/2025,12:17:57,19983.9,0,0,0,0,0,0
BSEPSU.BSE_IDX,01/07/2025,12:18:05,19985.31,0,0,0,0,0,0
BSEPSU.BSE_IDX,01/07/2025,12:18:13,19987.06,0,0,0,0,0,0
BSEPSU.BSE_IDX,01/07/2025,12:18:21,19985.23,0,0,0,0,0,0
BSEPSU.BSE_IDX,01/07/2025,12:18:29,19986.22,0,0,0,0,0,0
BSEPSU.BSE_IDX,01/07/2025,12:18:37,19988.2,0,0,0,0,0,0
BSEPSU.BSE_IDX,01/07/2025,12:18:45,19986.78,0,0,0,0,0,0
BSEPSU.BSE_IDX,01/07/2025,12:18:53,19985.43,0,0,0,0,0,0
BSEPSU.BSE_IDX,01/07/2025,12:19:01,19988.18,0,0,0,0,0,0
BSEPSU.BSE_IDX,01/07/2025,12:19:09,19988.27,0,0,0,0,0,0
BSEPSU.BSE_IDX,01/07/2025,12:19:17,19990.33,0,0,0,0,0,0
BSEPSU.BSE_IDX,01/07/2025,12:19:25,19991.65,0,0,0,0,0,0
BSEPSU.BSE_IDX,01/07/2025,12:19:33,19994.68,0,0,0,0,0,0
BSEPSU.BSE_IDX,01/07/2025,12:19:41,19997.34,0,0,0,0,0,0
BSEPSU.BSE_IDX,01/07/2025,12:19:49,20000.64,0,0,0,0,0,0
BSEPSU.BSE_IDX,01/07/2025,12:19:57,20002.07,0,0,0,0,0,0
BSEPSU.BSE_IDX,01/07/2025,12:20:05,20000.95,0,0,0,0,0,0
BSEPSU.BSE_IDX,01/07/2025,12:20:13,20000.56,0,0,0,0,0,0
BSEPSU.BSE_IDX,01/07/2025,12:20:21,20003.77,0,0,0,0,0,0
BSEPSU.BSE_IDX,01/07/2025,12:20:29,20005.5,0,0,0,0,0,0
BSEPSU.BSE_IDX,01/07/2025,12:20:37,20004.07,0,0,0,0,0,0
BSEPSU.BSE_IDX,01/07/2025,12:20:45,20005.09,0,0,0,0,0,0
BSEPSU.BSE_IDX,01/07/2025,12:20:53,20004.75,0,0,0,0,0,0
BSEPSU.BSE_IDX,01/07/2025,12:21:01,20004.48,0,0,0,0,0,0
BSEPSU.BSE_IDX,01/07/2025,12:21:09,20003.39,0,0,0,0,0,0
BSEPSU.BSE_IDX,01/07/2025,12:21:17,20000.25,0,0,0,0,0,0
BSEPSU.BSE_IDX,01/07/2025,12:21:25,20000.88,0,0,0,0,0,0
BSEPSU.BSE_IDX,01/07/2025,12:21:33,20002.49,0,0,0,0,0,0
BSEPSU.BSE_IDX,01/07/2025,12:21:41,20006.27,0,0,0,0,0,0
BSEPSU.BSE_IDX,01/07/2025,12:21:49,20009.07,0,0,0,0,0,0
BSEPSU.BSE_IDX,01/07/2025,12:21:57,20011.18,0,0,0,0,0,0
BSEPSU.BSE_IDX,01/07/2025,12:22:05,20012.39,0,0,0,0,0,0
BSEPSU.BSE_IDX,01/07/2025,12:22:13,20012.89,0,0,0,0,0,0
BSEPSU.BSE_IDX,01/07/2025,12:22:21,20013.85,0,0,0,0,0,0
BSEPSU.BSE_IDX,01/07/2025,12:22:29,20013.49,0,0,0,0,0,0
BSEPSU.BSE_IDX,01/07/2025,12:22:37,20012.15,0,0,0,0,0,0
BSEPSU.BSE_IDX,01/07/2025,12:22:45,20013.14,0,0,0,0,0,0
BSEPSU.BSE_IDX,01/07/2025,12:22:53,20013.95,0,0,0,0,0,0
BSEPSU.BSE_IDX,01/07/2025,12:23:02,20014.02,0,0,0,0,0,0
BSEPSU.BSE_IDX,01/07/2025,12:23:09,20013.86,0,0,0,0,0,0
BSEPSU.BSE_IDX,01/07/2025,12:23:17,20013.81,0,0,0,0,0,0
BSEPSU.BSE_IDX,01/07/2025,12:23:25,20014.52,0,0,0,0,0,0
BSEPSU.BSE_IDX,01/07/2025,12:23:33,20016.18,0,0,0,0,0,0
BSEPSU.BSE_IDX,01/07/2025,12:23:41,20016.55,0,0,0,0,0,0
BSEPSU.BSE_IDX,01/07/2025,12:23:49,20016.88,0,0,0,0,0,0
BSEPSU.BSE_IDX,01/07/2025,12:23:57,20014.66,0,0,0,0,0,0
BSEPSU.BSE_IDX,01/07/2025,12:24:05,20016.76,0,0,0,0,0,0
BSEPSU.BSE_IDX,01/07/2025,12:24:13,20017.85,0,0,0,0,0,0
BSEPSU.BSE_IDX,01/07/2025,12:24:21,20018.37,0,0,0,0,0,0
BSEPSU.BSE_IDX,01/07/2025,12:24:29,20020,0,0,0,0,0,0
BSEPSU.BSE_IDX,01/07/2025,12:24:37,20018.52,0,0,0,0,0,0
BSEPSU.BSE_IDX,01/07/2025,12:24:45,20020.36,0,0,0,0,0,0
BSEPSU.BSE_IDX,01/07/2025,12:24:53,20020.31,0,0,0,0,0,0
BSEPSU.BSE_IDX,01/07/2025,12:25:01,20020.26,0,0,0,0,0,0
BSEPSU.BSE_IDX,01/07/2025,12:25:09,20021.08,0,0,0,0,0,0
BSEPSU.BSE_IDX,01/07/2025,12:25:17,20021.97,0,0,0,0,0,0
BSEPSU.BSE_IDX,01/07/2025,12:25:25,20023.66,0,0,0,0,0,0
BSEPSU.BSE_IDX,01/07/2025,12:25:33,20023.02,0,0,0,0,0,0
BSEPSU.BSE_IDX,01/07/2025,12:25:41,20023.04,0,0,0,0,0,0
BSEPSU.BSE_IDX,01/07/2025,12:25:49,20024.24,0,0,0,0,0,0
BSEPSU.BSE_IDX,01/07/2025,12:25:57,20024.63,0,0,0,0,0,0
BSEPSU.BSE_IDX,01/07/2025,12:26:05,20024.68,0,0,0,0,0,0
BSEPSU.BSE_IDX,01/07/2025,12:26:13,20024.15,0,0,0,0,0,0
BSEPSU.BSE_IDX,01/07/2025,12:26:21,20024.69,0,0,0,0,0,0
BSEPSU.BSE_IDX,01/07/2025,12:26:31,20026.38,0,0,0,0,0,0
BSEPSU.BSE_IDX,01/07/2025,12:26:37,20025.33,0,0,0,0,0,0
BSEPSU.BSE_IDX,01/07/2025,12:26:45,20025.82,0,0,0,0,0,0
BSEPSU.BSE_IDX,01/07/2025,12:26:53,20024.88,0,0,0,0,0,0
BSEPSU.BSE_IDX,01/07/2025,12:27:01,20021.81,0,0,0,0,0,0
BSEPSU.BSE_IDX,01/07/2025,12:27:09,20019.71,0,0,0,0,0,0
BSEPSU.BSE_IDX,01/07/2025,12:27:17,20021.52,0,0,0,0,0,0
BSEPSU.BSE_IDX,01/07/2025,12:27:25,20022.38,0,0,0,0,0,0
BSEPSU.BSE_IDX,01/07/2025,12:27:33,20022.56,0,0,0,0,0,0
BSEPSU.BSE_IDX,01/07/2025,12:27:41,20022.65,0,0,0,0,0,0
BSEPSU.BSE_IDX,01/07/2025,12:27:49,20022.08,0,0,0,0,0,0
BSEPSU.BSE_IDX,01/07/2025,12:27:57,20023.33,0,0,0,0,0,0
BSEPSU.BSE_IDX,01/07/2025,12:28:05,20023.31,0,0,0,0,0,0
BSEPSU.BSE_IDX,01/07/2025,12:28:13,20023.81,0,0,0,0,0,0
BSEPSU.BSE_IDX,01/07/2025,12:28:21,20024.5,0,0,0,0,0,0
BSEPSU.BSE_IDX,01/07/2025,12:28:29,20023.42,0,0,0,0,0,0
BSEPSU.BSE_IDX,01/07/2025,12:28:37,20023.12,0,0,0,0,0,0
BSEPSU.BSE_IDX,01/07/2025,12:28:45,20024.08,0,0,0,0,0,0
BSEPSU.BSE_IDX,01/07/2025,12:28:53,20020.77,0,0,0,0,0,0
BSEPSU.BSE_IDX,01/07/2025,12:29:01,20020.65,0,0,0,0,0,0
BSEPSU.BSE_IDX,01/07/2025,12:29:10,20020.58,0,0,0,0,0,0
BSEPSU.BSE_IDX,01/07/2025,12:29:18,20020.42,0,0,0,0,0,0
BSEPSU.BSE_IDX,01/07/2025,12:29:25,20021.76,0,0,0,0,0,0
BSEPSU.BSE_IDX,01/07/2025,12:29:33,20022.41,0,0,0,0,0,0
BSEPSU.BSE_IDX,01/07/2025,12:29:41,20020.19,0,0,0,0,0,0
BSEPSU.BSE_IDX,01/07/2025,12:29:49,20020.87,0,0,0,0,0,0
BSEPSU.BSE_IDX,01/07/2025,12:29:57,20023.34,0,0,0,0,0,0
BSEPSU.BSE_IDX,01/07/2025,12:30:05,20029.31,0,0,0,0,0,0
BSEPSU.BSE_IDX,01/07/2025,12:30:13,20031.71,0,0,0,0,0,0
BSEPSU.BSE_IDX,01/07/2025,12:30:22,20032.75,0,0,0,0,0,0
BSEPSU.BSE_IDX,01/07/2025,12:30:29,20034.05,0,0,0,0,0,0
BSEPSU.BSE_IDX,01/07/2025,12:30:37,20034.76,0,0,0,0,0,0
BSEPSU.BSE_IDX,01/07/2025,12:30:45,20037.73,0,0,0,0,0,0
BSEPSU.BSE_IDX,01/07/2025,12:30:53,20036.16,0,0,0,0,0,0
BSEPSU.BSE_IDX,01/07/2025,12:31:01,20037.32,0,0,0,0,0,0
BSEPSU.BSE_IDX,01/07/2025,12:31:09,20035.16,0,0,0,0,0,0
BSEPSU.BSE_IDX,01/07/2025,12:31:17,20035.82,0,0,0,0,0,0
BSEPSU.BSE_IDX,01/07/2025,12:31:25,20035.51,0,0,0,0,0,0
BSEPSU.BSE_IDX,01/07/2025,12:31:34,20034.81,0,0,0,0,0,0
BSEPSU.BSE_IDX,01/07/2025,12:31:41,20035.03,0,0,0,0,0,0
BSEPSU.BSE_IDX,01/07/2025,12:31:49,20033.49,0,0,0,0,0,0
BSEPSU.BSE_IDX,01/07/2025,12:31:57,20031.9,0,0,0,0,0,0
BSEPSU.BSE_IDX,01/07/2025,12:32:05,20035.71,0,0,0,0,0,0
BSEPSU.BSE_IDX,01/07/2025,12:32:13,20037.14,0,0,0,0,0,0
BSEPSU.BSE_IDX,01/07/2025,12:32:21,20036.38,0,0,0,0,0,0
BSEPSU.BSE_IDX,01/07/2025,12:32:29,20035.41,0,0,0,0,0,0
BSEPSU.BSE_IDX,01/07/2025,12:32:37,20035.1,0,0,0,0,0,0
BSEPSU.BSE_IDX,01/07/2025,12:32:45,20035.35,0,0,0,0,0,0
BSEPSU.BSE_IDX,01/07/2025,12:32:53,20034.55,0,0,0,0,0,0
BSEPSU.BSE_IDX,01/07/2025,12:33:01,20034.4,0,0,0,0,0,0
BSEPSU.BSE_IDX,01/07/2025,12:33:09,20034.17,0,0,0,0,0,0
BSEPSU.BSE_IDX,01/07/2025,12:33:17,20037.07,0,0,0,0,0,0
BSEPSU.BSE_IDX,01/07/2025,12:33:26,20035.91,0,0,0,0,0,0
BSEPSU.BSE_IDX,01/07/2025,12:33:33,20036.98,0,0,0,0,0,0
BSEPSU.BSE_IDX,01/07/2025,12:33:41,20037.17,0,0,0,0,0,0
BSEPSU.BSE_IDX,01/07/2025,12:33:49,20035.74,0,0,0,0,0,0
BSEPSU.BSE_IDX,01/07/2025,12:33:57,20037.03,0,0,0,0,0,0
BSEPSU.BSE_IDX,01/07/2025,12:34:05,20036.53,0,0,0,0,0,0
BSEPSU.BSE_IDX,01/07/2025,12:34:13,20037.92,0,0,0,0,0,0
BSEPSU.BSE_IDX,01/07/2025,12:34:21,20038.47,0,0,0,0,0,0
BSEPSU.BSE_IDX,01/07/2025,12:34:29,20037.97,0,0,0,0,0,0
BSEPSU.BSE_IDX,01/07/2025,12:34:37,20038.09,0,0,0,0,0,0
BSEPSU.BSE_IDX,01/07/2025,12:34:45,20037.95,0,0,0,0,0,0
BSEPSU.BSE_IDX,01/07/2025,12:34:53,20038.57,0,0,0,0,0,0
BSEPSU.BSE_IDX,01/07/2025,12:35:01,20043.67,0,0,0,0,0,0
BSEPSU.BSE_IDX,01/07/2025,12:35:09,20048.76,0,0,0,0,0,0
BSEPSU.BSE_IDX,01/07/2025,12:35:17,20050.79,0,0,0,0,0,0
BSEPSU.BSE_IDX,01/07/2025,12:35:25,20054.06,0,0,0,0,0,0
BSEPSU.BSE_IDX,01/07/2025,12:35:33,20055.04,0,0,0,0,0,0
BSEPSU.BSE_IDX,01/07/2025,12:35:41,20054.64,0,0,0,0,0,0
BSEPSU.BSE_IDX,01/07/2025,12:35:49,20052.65,0,0,0,0,0,0
BSEPSU.BSE_IDX,01/07/2025,12:35:57,20051.53,0,0,0,0,0,0
BSEPSU.BSE_IDX,01/07/2025,12:36:05,20054.58,0,0,0,0,0,0
BSEPSU.BSE_IDX,01/07/2025,12:36:13,20055.34,0,0,0,0,0,0
BSEPSU.BSE_IDX,01/07/2025,12:36:21,20054.15,0,0,0,0,0,0
BSEPSU.BSE_IDX,01/07/2025,12:36:29,20054.26,0,0,0,0,0,0
BSEPSU.BSE_IDX,01/07/2025,12:36:37,20054.85,0,0,0,0,0,0
BSEPSU.BSE_IDX,01/07/2025,12:36:45,20056.75,0,0,0,0,0,0
BSEPSU.BSE_IDX,01/07/2025,12:36:53,20056.91,0,0,0,0,0,0
BSEPSU.BSE_IDX,01/07/2025,12:37:01,20055.76,0,0,0,0,0,0
BSEPSU.BSE_IDX,01/07/2025,12:37:09,20056.37,0,0,0,0,0,0
BSEPSU.BSE_IDX,01/07/2025,12:37:17,20058.42,0,0,0,0,0,0
BSEPSU.BSE_IDX,01/07/2025,12:37:25,20053.82,0,0,0,0,0,0
BSEPSU.BSE_IDX,01/07/2025,12:37:33,20051.09,0,0,0,0,0,0
BSEPSU.BSE_IDX,01/07/2025,12:37:41,20049.76,0,0,0,0,0,0
BSEPSU.BSE_IDX,01/07/2025,12:37:49,20049.18,0,0,0,0,0,0
BSEPSU.BSE_IDX,01/07/2025,12:37:57,20048.52,0,0,0,0,0,0
BSEPSU.BSE_IDX,01/07/2025,12:38:05,20049.04,0,0,0,0,0,0
BSEPSU.BSE_IDX,01/07/2025,12:38:13,20049.05,0,0,0,0,0,0
BSEPSU.BSE_IDX,01/07/2025,12:38:22,20050.04,0,0,0,0,0,0
BSEPSU.BSE_IDX,01/07/2025,12:38:29,20049.33,0,0,0,0,0,0
BSEPSU.BSE_IDX,01/07/2025,12:38:39,20050.64,0,0,0,0,0,0
BSEPSU.BSE_IDX,01/07/2025,12:38:45,20052.03,0,0,0,0,0,0
BSEPSU.BSE_IDX,01/07/2025,12:38:53,20050.43,0,0,0,0,0,0
BSEPSU.BSE_IDX,01/07/2025,12:39:01,20049.64,0,0,0,0,0,0
BSEPSU.BSE_IDX,01/07/2025,12:39:10,20049.48,0,0,0,0,0,0
BSEPSU.BSE_IDX,01/07/2025,12:39:17,20050.19,0,0,0,0,0,0
BSEPSU.BSE_IDX,01/07/2025,12:39:25,20049.74,0,0,0,0,0,0
BSEPSU.BSE_IDX,01/07/2025,12:39:34,20051.2,0,0,0,0,0,0
BSEPSU.BSE_IDX,01/07/2025,12:39:42,20051.44,0,0,0,0,0,0
BSEPSU.BSE_IDX,01/07/2025,12:39:49,20049.72,0,0,0,0,0,0
BSEPSU.BSE_IDX,01/07/2025,12:39:57,20050.19,0,0,0,0,0,0
BSEPSU.BSE_IDX,01/07/2025,12:40:05,20050.28,0,0,0,0,0,0
BSEPSU.BSE_IDX,01/07/2025,12:40:14,20049.78,0,0,0,0,0,0
BSEPSU.BSE_IDX,01/07/2025,12:40:21,20050.36,0,0,0,0,0,0
BSEPSU.BSE_IDX,01/07/2025,12:40:29,20047.59,0,0,0,0,0,0
BSEPSU.BSE_IDX,01/07/2025,12:40:37,20048.59,0,0,0,0,0,0
BSEPSU.BSE_IDX,01/07/2025,12:40:45,20049.05,0,0,0,0,0,0
BSEPSU.BSE_IDX,01/07/2025,12:40:54,20049.97,0,0,0,0,0,0
BSEPSU.BSE_IDX,01/07/2025,12:41:01,20049.47,0,0,0,0,0,0
BSEPSU.BSE_IDX,01/07/2025,12:41:09,20047.7,0,0,0,0,0,0
BSEPSU.BSE_IDX,01/07/2025,12:41:17,20047.3,0,0,0,0,0,0
BSEPSU.BSE_IDX,01/07/2025,12:41:25,20046.96,0,0,0,0,0,0
BSEPSU.BSE_IDX,01/07/2025,12:41:33,20048.29,0,0,0,0,0,0
BSEPSU.BSE_IDX,01/07/2025,12:41:41,20047.55,0,0,0,0,0,0
BSEPSU.BSE_IDX,01/07/2025,12:41:49,20047.94,0,0,0,0,0,0
BSEPSU.BSE_IDX,01/07/2025,12:41:57,20046.53,0,0,0,0,0,0
BSEPSU.BSE_IDX,01/07/2025,12:42:05,20046.4,0,0,0,0,0,0
BSEPSU.BSE_IDX,01/07/2025,12:42:13,20047.99,0,0,0,0,0,0
BSEPSU.BSE_IDX,01/07/2025,12:42:21,20051.26,0,0,0,0,0,0
BSEPSU.BSE_IDX,01/07/2025,12:42:29,20053.63,0,0,0,0,0,0
BSEPSU.BSE_IDX,01/07/2025,12:42:37,20052.48,0,0,0,0,0,0
BSEPSU.BSE_IDX,01/07/2025,12:42:45,20051.93,0,0,0,0,0,0
BSEPSU.BSE_IDX,01/07/2025,12:42:53,20051.29,0,0,0,0,0,0
BSEPSU.BSE_IDX,01/07/2025,12:43:01,20050.8,0,0,0,0,0,0
BSEPSU.BSE_IDX,01/07/2025,12:43:10,20051.12,0,0,0,0,0,0
BSEPSU.BSE_IDX,01/07/2025,12:43:17,20052.35,0,0,0,0,0,0
BSEPSU.BSE_IDX,01/07/2025,12:43:26,20052.39,0,0,0,0,0,0
BSEPSU.BSE_IDX,01/07/2025,12:43:33,20052.45,0,0,0,0,0,0
BSEPSU.BSE_IDX,01/07/2025,12:43:41,20051.82,0,0,0,0,0,0
BSEPSU.BSE_IDX,01/07/2025,12:43:49,20052.48,0,0,0,0,0,0
BSEPSU.BSE_IDX,01/07/2025,12:43:58,20052.89,0,0,0,0,0,0
BSEPSU.BSE_IDX,01/07/2025,12:44:05,20051.17,0,0,0,0,0,0
BSEPSU.BSE_IDX,01/07/2025,12:44:14,20049.16,0,0,0,0,0,0
BSEPSU.BSE_IDX,01/07/2025,12:44:21,20046.82,0,0,0,0,0,0
BSEPSU.BSE_IDX,01/07/2025,12:44:29,20044.51,0,0,0,0,0,0
BSEPSU.BSE_IDX,01/07/2025,12:44:38,20045.56,0,0,0,0,0,0
BSEPSU.BSE_IDX,01/07/2025,12:44:45,20045.66,0,0,0,0,0,0
BSEPSU.BSE_IDX,01/07/2025,12:44:53,20044.61,0,0,0,0,0,0
BSEPSU.BSE_IDX,01/07/2025,12:45:01,20045.31,0,0,0,0,0,0
BSEPSU.BSE_IDX,01/07/2025,12:45:11,20044.63,0,0,0,0,0,0
BSEPSU.BSE_IDX,01/07/2025,12:45:17,20043.16,0,0,0,0,0,0
BSEPSU.BSE_IDX,01/07/2025,12:45:25,20042.7,0,0,0,0,0,0
BSEPSU.BSE_IDX,01/07/2025,12:45:34,20045.6,0,0,0,0,0,0
BSEPSU.BSE_IDX,01/07/2025,12:45:42,20044.29,0,0,0,0,0,0
BSEPSU.BSE_IDX,01/07/2025,12:45:50,20043.72,0,0,0,0,0,0
BSEPSU.BSE_IDX,01/07/2025,12:45:58,20042.36,0,0,0,0,0,0
BSEPSU.BSE_IDX,01/07/2025,12:46:06,20041.08,0,0,0,0,0,0
BSEPSU.BSE_IDX,01/07/2025,12:46:14,20042.39,0,0,0,0,0,0
BSEPSU.BSE_IDX,01/07/2025,12:46:22,20042.43,0,0,0,0,0,0
BSEPSU.BSE_IDX,01/07/2025,12:46:30,20039.18,0,0,0,0,0,0
BSEPSU.BSE_IDX,01/07/2025,12:46:38,20040.66,0,0,0,0,0,0
BSEPSU.BSE_IDX,01/07/2025,12:46:46,20041.81,0,0,0,0,0,0
BSEPSU.BSE_IDX,01/07/2025,12:46:54,20038.6,0,0,0,0,0,0
BSEPSU.BSE_IDX,01/07/2025,12:47:02,20038.44,0,0,0,0,0,0
BSEPSU.BSE_IDX,01/07/2025,12:47:10,20038.23,0,0,0,0,0,0
BSEPSU.BSE_IDX,01/07/2025,12:47:18,20038.96,0,0,0,0,0,0
BSEPSU.BSE_IDX,01/07/2025,12:47:26,20039.46,0,0,0,0,0,0
BSEPSU.BSE_IDX,01/07/2025,12:47:34,20043.22,0,0,0,0,0,0
BSEPSU.BSE_IDX,01/07/2025,12:47:42,20041.47,0,0,0,0,0,0
BSEPSU.BSE_IDX,01/07/2025,12:47:50,20040.78,0,0,0,0,0,0
BSEPSU.BSE_IDX,01/07/2025,12:47:58,20039.18,0,0,0,0,0,0
BSEPSU.BSE_IDX,01/07/2025,12:48:06,20039.64,0,0,0,0,0,0
BSEPSU.BSE_IDX,01/07/2025,12:48:14,20040.15,0,0,0,0,0,0
BSEPSU.BSE_IDX,01/07/2025,12:48:22,20042.19,0,0,0,0,0,0
BSEPSU.BSE_IDX,01/07/2025,12:48:30,20040.39,0,0,0,0,0,0
BSEPSU.BSE_IDX,01/07/2025,12:48:38,20041.42,0,0,0,0,0,0
BSEPSU.BSE_IDX,01/07/2025,12:48:46,20039.74,0,0,0,0,0,0
BSEPSU.BSE_IDX,01/07/2025,12:48:54,20042.37,0,0,0,0,0,0
BSEPSU.BSE_IDX,01/07/2025,12:49:02,20042.02,0,0,0,0,0,0
BSEPSU.BSE_IDX,01/07/2025,12:49:10,20040.95,0,0,0,0,0,0
BSEPSU.BSE_IDX,01/07/2025,12:49:18,20040.2,0,0,0,0,0,0
BSEPSU.BSE_IDX,01/07/2025,12:49:26,20037.98,0,0,0,0,0,0
BSEPSU.BSE_IDX,01/07/2025,12:49:34,20038.78,0,0,0,0,0,0
BSEPSU.BSE_IDX,01/07/2025,12:49:42,20039.11,0,0,0,0,0,0
BSEPSU.BSE_IDX,01/07/2025,12:49:50,20040.26,0,0,0,0,0,0
BSEPSU.BSE_IDX,01/07/2025,12:49:58,20039.88,0,0,0,0,0,0
BSEPSU.BSE_IDX,01/07/2025,12:50:06,20040.35,0,0,0,0,0,0
BSEPSU.BSE_IDX,01/07/2025,12:50:14,20038.05,0,0,0,0,0,0
BSEPSU.BSE_IDX,01/07/2025,12:50:22,20040.46,0,0,0,0,0,0
BSEPSU.BSE_IDX,01/07/2025,12:50:30,20041.13,0,0,0,0,0,0
BSEPSU.BSE_IDX,01/07/2025,12:50:38,20042.24,0,0,0,0,0,0
BSEPSU.BSE_IDX,01/07/2025,12:50:47,20040.24,0,0,0,0,0,0
BSEPSU.BSE_IDX,01/07/2025,12:50:54,20042.99,0,0,0,0,0,0
BSEPSU.BSE_IDX,01/07/2025,12:51:02,20044.09,0,0,0,0,0,0
BSEPSU.BSE_IDX,01/07/2025,12:51:10,20044.66,0,0,0,0,0,0
BSEPSU.BSE_IDX,01/07/2025,12:51:19,20046.45,0,0,0,0,0,0
BSEPSU.BSE_IDX,01/07/2025,12:51:26,20048.2,0,0,0,0,0,0
BSEPSU.BSE_IDX,01/07/2025,12:51:34,20049.25,0,0,0,0,0,0
BSEPSU.BSE_IDX,01/07/2025,12:51:42,20048.56,0,0,0,0,0,0
BSEPSU.BSE_IDX,01/07/2025,12:51:50,20048.99,0,0,0,0,0,0
BSEPSU.BSE_IDX,01/07/2025,12:51:58,20048.35,0,0,0,0,0,0
BSEPSU.BSE_IDX,01/07/2025,12:52:06,20048.87,0,0,0,0,0,0
BSEPSU.BSE_IDX,01/07/2025,12:52:14,20049.92,0,0,0,0,0,0
BSEPSU.BSE_IDX,01/07/2025,12:52:22,20047.68,0,0,0,0,0,0
BSEPSU.BSE_IDX,01/07/2025,12:52:30,20047.67,0,0,0,0,0,0
BSEPSU.BSE_IDX,01/07/2025,12:52:38,20049.28,0,0,0,0,0,0
BSEPSU.BSE_IDX,01/07/2025,12:52:46,20048.84,0,0,0,0,0,0
BSEPSU.BSE_IDX,01/07/2025,12:52:54,20052.55,0,0,0,0,0,0
BSEPSU.BSE_IDX,01/07/2025,12:53:02,20055.47,0,0,0,0,0,0
BSEPSU.BSE_IDX,01/07/2025,12:53:10,20056.03,0,0,0,0,0,0
BSEPSU.BSE_IDX,01/07/2025,12:53:18,20054.83,0,0,0,0,0,0
BSEPSU.BSE_IDX,01/07/2025,12:53:26,20055.17,0,0,0,0,0,0
BSEPSU.BSE_IDX,01/07/2025,12:53:34,20052.09,0,0,0,0,0,0
BSEPSU.BSE_IDX,01/07/2025,12:53:42,20053.23,0,0,0,0,0,0
BSEPSU.BSE_IDX,01/07/2025,12:53:50,20053.35,0,0,0,0,0,0
BSEPSU.BSE_IDX,01/07/2025,12:53:58,20053.65,0,0,0,0,0,0
BSEPSU.BSE_IDX,01/07/2025,12:54:06,20054.31,0,0,0,0,0,0
BSEPSU.BSE_IDX,01/07/2025,12:54:14,20053.3,0,0,0,0,0,0
