Ticker,Date,Time,LTP,BuyPrice,BuyQty,SellPrice,SellQty,LTQ,OpenInterest
BSEPBI.BSE_IDX,01/07/2025,09:00:00,20531.56,0,0,0,0,0,0
BSEPBI.BSE_IDX,01/07/2025,09:00:07,20581.93,0,0,0,0,0,0
BSEPBI.BSE_IDX,01/07/2025,09:00:15,20558.04,0,0,0,0,0,0
BSEPBI.BSE_IDX,01/07/2025,09:00:23,20652.1,0,0,0,0,0,0
BSEPBI.BSE_IDX,01/07/2025,09:00:31,20661.9,0,0,0,0,0,0
BSEPBI.BSE_IDX,01/07/2025,09:00:39,20663.41,0,0,0,0,0,0
BSEPBI.BSE_IDX,01/07/2025,09:00:47,20626.79,0,0,0,0,0,0
BSEPBI.BSE_IDX,01/07/2025,09:00:55,20626.79,0,0,0,0,0,0
BSEPBI.BSE_IDX,01/07/2025,09:01:03,20626.79,0,0,0,0,0,0
BSEPBI.BSE_IDX,01/07/2025,09:01:11,20626.79,0,0,0,0,0,0
BSEPBI.BSE_IDX,01/07/2025,09:01:19,20626.79,0,0,0,0,0,0
BSEPBI.BSE_IDX,01/07/2025,09:01:27,20613.16,0,0,0,0,0,0
BSEPBI.BSE_IDX,01/07/2025,09:01:35,20613.16,0,0,0,0,0,0
BSEPBI.BSE_IDX,01/07/2025,09:01:43,20613.16,0,0,0,0,0,0
BSEPBI.BSE_IDX,01/07/2025,09:01:51,20613.16,0,0,0,0,0,0
BSEPBI.BSE_IDX,01/07/2025,09:01:59,20642.85,0,0,0,0,0,0
BSEPBI.BSE_IDX,01/07/2025,09:02:07,20641.5,0,0,0,0,0,0
BSEPBI.BSE_IDX,01/07/2025,09:02:15,20641.5,0,0,0,0,0,0
BSEPBI.BSE_IDX,01/07/2025,09:02:23,20641.5,0,0,0,0,0,0
BSEPBI.BSE_IDX,01/07/2025,09:02:31,20655.13,0,0,0,0,0,0
BSEPBI.BSE_IDX,01/07/2025,09:02:39,20655.13,0,0,0,0,0,0
BSEPBI.BSE_IDX,01/07/2025,09:02:47,20655.13,0,0,0,0,0,0
BSEPBI.BSE_IDX,01/07/2025,09:02:55,20655.06,0,0,0,0,0,0
BSEPBI.BSE_IDX,01/07/2025,09:03:03,20655.06,0,0,0,0,0,0
BSEPBI.BSE_IDX,01/07/2025,09:03:11,20654.45,0,0,0,0,0,0
BSEPBI.BSE_IDX,01/07/2025,09:03:19,20656.63,0,0,0,0,0,0
BSEPBI.BSE_IDX,01/07/2025,09:03:27,20656.69,0,0,0,0,0,0
BSEPBI.BSE_IDX,01/07/2025,09:03:35,20659.58,0,0,0,0,0,0
BSEPBI.BSE_IDX,01/07/2025,09:03:43,20631.1,0,0,0,0,0,0
BSEPBI.BSE_IDX,01/07/2025,09:03:51,20639.89,0,0,0,0,0,0
BSEPBI.BSE_IDX,01/07/2025,09:03:59,20594.72,0,0,0,0,0,0
BSEPBI.BSE_IDX,01/07/2025,09:04:07,20590.1,0,0,0,0,0,0
BSEPBI.BSE_IDX,01/07/2025,09:04:15,20581.33,0,0,0,0,0,0
BSEPBI.BSE_IDX,01/07/2025,09:04:23,20581.47,0,0,0,0,0,0
BSEPBI.BSE_IDX,01/07/2025,09:04:31,20579.13,0,0,0,0,0,0
BSEPBI.BSE_IDX,01/07/2025,09:04:39,20580.61,0,0,0,0,0,0
BSEPBI.BSE_IDX,01/07/2025,09:04:47,20564.87,0,0,0,0,0,0
BSEPBI.BSE_IDX,01/07/2025,09:04:55,20555.91,0,0,0,0,0,0
BSEPBI.BSE_IDX,01/07/2025,09:05:03,20554.8,0,0,0,0,0,0
BSEPBI.BSE_IDX,01/07/2025,09:05:11,20553.13,0,0,0,0,0,0
BSEPBI.BSE_IDX,01/07/2025,09:05:19,20558.6,0,0,0,0,0,0
BSEPBI.BSE_IDX,01/07/2025,09:05:27,20557.04,0,0,0,0,0,0
BSEPBI.BSE_IDX,01/07/2025,09:05:35,20567.26,0,0,0,0,0,0
BSEPBI.BSE_IDX,01/07/2025,09:05:43,20563.05,0,0,0,0,0,0
BSEPBI.BSE_IDX,01/07/2025,09:05:51,20570.81,0,0,0,0,0,0
BSEPBI.BSE_IDX,01/07/2025,09:05:59,20571.85,0,0,0,0,0,0
BSEPBI.BSE_IDX,01/07/2025,09:06:07,20571.85,0,0,0,0,0,0
BSEPBI.BSE_IDX,01/07/2025,09:06:15,20567.45,0,0,0,0,0,0
BSEPBI.BSE_IDX,01/07/2025,09:06:23,20572.88,0,0,0,0,0,0
BSEPBI.BSE_IDX,01/07/2025,09:06:31,20569.9,0,0,0,0,0,0
BSEPBI.BSE_IDX,01/07/2025,09:06:39,20557.69,0,0,0,0,0,0
BSEPBI.BSE_IDX,01/07/2025,09:06:47,20550.98,0,0,0,0,0,0
BSEPBI.BSE_IDX,01/07/2025,09:06:55,20552.68,0,0,0,0,0,0
BSEPBI.BSE_IDX,01/07/2025,09:07:04,20542.4,0,0,0,0,0,0
BSEPBI.BSE_IDX,01/07/2025,09:07:11,20542.4,0,0,0,0,0,0
BSEPBI.BSE_IDX,01/07/2025,09:07:19,20542.4,0,0,0,0,0,0
BSEPBI.BSE_IDX,01/07/2025,09:07:27,20542.4,0,0,0,0,0,0
BSEPBI.BSE_IDX,01/07/2025,09:07:35,20542.4,0,0,0,0,0,0
BSEPBI.BSE_IDX,01/07/2025,09:07:43,20542.4,0,0,0,0,0,0
BSEPBI.BSE_IDX,01/07/2025,09:07:51,20542.4,0,0,0,0,0,0
BSEPBI.BSE_IDX,01/07/2025,09:07:59,20542.4,0,0,0,0,0,0
BSEPBI.BSE_IDX,01/07/2025,09:08:07,20542.4,0,0,0,0,0,0
BSEPBI.BSE_IDX,01/07/2025,09:08:15,20542.4,0,0,0,0,0,0
BSEPBI.BSE_IDX,01/07/2025,09:08:23,20542.4,0,0,0,0,0,0
BSEPBI.BSE_IDX,01/07/2025,09:08:31,20542.4,0,0,0,0,0,0
BSEPBI.BSE_IDX,01/07/2025,09:08:39,20542.4,0,0,0,0,0,0
BSEPBI.BSE_IDX,01/07/2025,09:08:47,20542.4,0,0,0,0,0,0
BSEPBI.BSE_IDX,01/07/2025,09:08:55,20542.4,0,0,0,0,0,0
BSEPBI.BSE_IDX,01/07/2025,09:09:03,20542.46,0,0,0,0,0,0
BSEPBI.BSE_IDX,01/07/2025,09:09:11,20542.46,0,0,0,0,0,0
BSEPBI.BSE_IDX,01/07/2025,09:09:20,20542.46,0,0,0,0,0,0
BSEPBI.BSE_IDX,01/07/2025,09:09:27,20542.46,0,0,0,0,0,0
BSEPBI.BSE_IDX,01/07/2025,09:09:36,20542.46,0,0,0,0,0,0
BSEPBI.BSE_IDX,01/07/2025,09:09:43,20542.46,0,0,0,0,0,0
BSEPBI.BSE_IDX,01/07/2025,09:09:51,20542.46,0,0,0,0,0,0
BSEPBI.BSE_IDX,01/07/2025,09:09:59,20542.46,0,0,0,0,0,0
BSEPBI.BSE_IDX,01/07/2025,09:10:07,20542.46,0,0,0,0,0,0
BSEPBI.BSE_IDX,01/07/2025,09:10:16,20542.46,0,0,0,0,0,0
BSEPBI.BSE_IDX,01/07/2025,09:10:24,20542.46,0,0,0,0,0,0
BSEPBI.BSE_IDX,01/07/2025,09:10:32,20542.46,0,0,0,0,0,0
BSEPBI.BSE_IDX,01/07/2025,09:10:39,20542.46,0,0,0,0,0,0
BSEPBI.BSE_IDX,01/07/2025,09:10:47,20542.46,0,0,0,0,0,0
BSEPBI.BSE_IDX,01/07/2025,09:10:55,20542.46,0,0,0,0,0,0
BSEPBI.BSE_IDX,01/07/2025,09:11:03,20542.46,0,0,0,0,0,0
BSEPBI.BSE_IDX,01/07/2025,09:11:11,20542.46,0,0,0,0,0,0
BSEPBI.BSE_IDX,01/07/2025,09:11:19,20542.46,0,0,0,0,0,0
BSEPBI.BSE_IDX,01/07/2025,09:11:27,20542.46,0,0,0,0,0,0
BSEPBI.BSE_IDX,01/07/2025,09:11:35,20542.46,0,0,0,0,0,0
BSEPBI.BSE_IDX,01/07/2025,09:11:43,20542.46,0,0,0,0,0,0
BSEPBI.BSE_IDX,01/07/2025,09:11:51,20542.46,0,0,0,0,0,0
BSEPBI.BSE_IDX,01/07/2025,09:11:59,20542.46,0,0,0,0,0,0
BSEPBI.BSE_IDX,01/07/2025,09:12:07,20542.46,0,0,0,0,0,0
BSEPBI.BSE_IDX,01/07/2025,09:12:16,20542.46,0,0,0,0,0,0
BSEPBI.BSE_IDX,01/07/2025,09:12:23,20542.46,0,0,0,0,0,0
BSEPBI.BSE_IDX,01/07/2025,09:12:31,20542.46,0,0,0,0,0,0
BSEPBI.BSE_IDX,01/07/2025,09:12:39,20542.46,0,0,0,0,0,0
BSEPBI.BSE_IDX,01/07/2025,09:12:47,20542.46,0,0,0,0,0,0
BSEPBI.BSE_IDX,01/07/2025,09:12:55,20542.46,0,0,0,0,0,0
BSEPBI.BSE_IDX,01/07/2025,09:13:03,20542.46,0,0,0,0,0,0
BSEPBI.BSE_IDX,01/07/2025,09:13:11,20542.46,0,0,0,0,0,0
BSEPBI.BSE_IDX,01/07/2025,09:13:19,20542.46,0,0,0,0,0,0
BSEPBI.BSE_IDX,01/07/2025,09:13:27,20542.46,0,0,0,0,0,0
BSEPBI.BSE_IDX,01/07/2025,09:13:35,20542.46,0,0,0,0,0,0
BSEPBI.BSE_IDX,01/07/2025,09:13:43,20542.46,0,0,0,0,0,0
BSEPBI.BSE_IDX,01/07/2025,09:13:51,20542.46,0,0,0,0,0,0
BSEPBI.BSE_IDX,01/07/2025,09:13:59,20542.46,0,0,0,0,0,0
BSEPBI.BSE_IDX,01/07/2025,09:14:07,20542.46,0,0,0,0,0,0
BSEPBI.BSE_IDX,01/07/2025,09:14:15,20542.46,0,0,0,0,0,0
BSEPBI.BSE_IDX,01/07/2025,09:14:23,20542.46,0,0,0,0,0,0
BSEPBI.BSE_IDX,01/07/2025,09:14:31,20542.46,0,0,0,0,0,0
BSEPBI.BSE_IDX,01/07/2025,09:14:39,20542.46,0,0,0,0,0,0
BSEPBI.BSE_IDX,01/07/2025,09:14:47,20542.46,0,0,0,0,0,0
BSEPBI.BSE_IDX,01/07/2025,09:14:55,20542.46,0,0,0,0,0,0
BSEPBI.BSE_IDX,01/07/2025,09:15:04,20568.42,0,0,0,0,0,0
BSEPBI.BSE_IDX,01/07/2025,09:15:11,20588.77,0,0,0,0,0,0
BSEPBI.BSE_IDX,01/07/2025,09:15:19,20581.76,0,0,0,0,0,0
BSEPBI.BSE_IDX,01/07/2025,09:15:27,20571.83,0,0,0,0,0,0
BSEPBI.BSE_IDX,01/07/2025,09:15:35,20581.94,0,0,0,0,0,0
BSEPBI.BSE_IDX,01/07/2025,09:15:43,20582.72,0,0,0,0,0,0
BSEPBI.BSE_IDX,01/07/2025,09:15:51,20583.59,0,0,0,0,0,0
BSEPBI.BSE_IDX,01/07/2025,09:15:59,20566.02,0,0,0,0,0,0
BSEPBI.BSE_IDX,01/07/2025,09:16:07,20574.49,0,0,0,0,0,0
BSEPBI.BSE_IDX,01/07/2025,09:16:15,20585.2,0,0,0,0,0,0
BSEPBI.BSE_IDX,01/07/2025,09:16:24,20584.65,0,0,0,0,0,0
BSEPBI.BSE_IDX,01/07/2025,09:16:31,20575.11,0,0,0,0,0,0
BSEPBI.BSE_IDX,01/07/2025,09:16:39,20574.36,0,0,0,0,0,0
BSEPBI.BSE_IDX,01/07/2025,09:16:48,20573.74,0,0,0,0,0,0
BSEPBI.BSE_IDX,01/07/2025,09:16:55,20576.4,0,0,0,0,0,0
BSEPBI.BSE_IDX,01/07/2025,09:17:03,20576.79,0,0,0,0,0,0
BSEPBI.BSE_IDX,01/07/2025,09:17:12,20569.66,0,0,0,0,0,0
BSEPBI.BSE_IDX,01/07/2025,09:17:19,20573.81,0,0,0,0,0,0
BSEPBI.BSE_IDX,01/07/2025,09:17:27,20577.27,0,0,0,0,0,0
BSEPBI.BSE_IDX,01/07/2025,09:17:35,20587.05,0,0,0,0,0,0
BSEPBI.BSE_IDX,01/07/2025,09:17:44,20590.42,0,0,0,0,0,0
BSEPBI.BSE_IDX,01/07/2025,09:17:51,20590.78,0,0,0,0,0,0
BSEPBI.BSE_IDX,01/07/2025,09:17:59,20593.17,0,0,0,0,0,0
BSEPBI.BSE_IDX,01/07/2025,09:18:07,20598.24,0,0,0,0,0,0
BSEPBI.BSE_IDX,01/07/2025,09:18:15,20590.9,0,0,0,0,0,0
BSEPBI.BSE_IDX,01/07/2025,09:18:23,20588.67,0,0,0,0,0,0
BSEPBI.BSE_IDX,01/07/2025,09:18:31,20591.24,0,0,0,0,0,0
BSEPBI.BSE_IDX,01/07/2025,09:18:39,20593.4,0,0,0,0,0,0
BSEPBI.BSE_IDX,01/07/2025,09:18:47,20592.83,0,0,0,0,0,0
BSEPBI.BSE_IDX,01/07/2025,09:18:56,20593.69,0,0,0,0,0,0
BSEPBI.BSE_IDX,01/07/2025,09:19:03,20590.74,0,0,0,0,0,0
BSEPBI.BSE_IDX,01/07/2025,09:19:11,20590.96,0,0,0,0,0,0
BSEPBI.BSE_IDX,01/07/2025,09:19:19,20591.57,0,0,0,0,0,0
BSEPBI.BSE_IDX,01/07/2025,09:19:28,20590.64,0,0,0,0,0,0
BSEPBI.BSE_IDX,01/07/2025,09:19:35,20596.16,0,0,0,0,0,0
BSEPBI.BSE_IDX,01/07/2025,09:19:43,20593.63,0,0,0,0,0,0
BSEPBI.BSE_IDX,01/07/2025,09:19:52,20598.36,0,0,0,0,0,0
BSEPBI.BSE_IDX,01/07/2025,09:19:59,20596.48,0,0,0,0,0,0
BSEPBI.BSE_IDX,01/07/2025,09:20:07,20595.76,0,0,0,0,0,0
BSEPBI.BSE_IDX,01/07/2025,09:20:15,20594.93,0,0,0,0,0,0
BSEPBI.BSE_IDX,01/07/2025,09:20:24,20593.72,0,0,0,0,0,0
BSEPBI.BSE_IDX,01/07/2025,09:20:31,20590.67,0,0,0,0,0,0
BSEPBI.BSE_IDX,01/07/2025,09:20:39,20596.44,0,0,0,0,0,0
BSEPBI.BSE_IDX,01/07/2025,09:20:47,20596.46,0,0,0,0,0,0
BSEPBI.BSE_IDX,01/07/2025,09:20:55,20596.63,0,0,0,0,0,0
BSEPBI.BSE_IDX,01/07/2025,09:21:03,20600.13,0,0,0,0,0,0
BSEPBI.BSE_IDX,01/07/2025,09:21:11,20596.52,0,0,0,0,0,0
BSEPBI.BSE_IDX,01/07/2025,09:21:19,20603.58,0,0,0,0,0,0
BSEPBI.BSE_IDX,01/07/2025,09:21:27,20603.12,0,0,0,0,0,0
BSEPBI.BSE_IDX,01/07/2025,09:21:36,20607.23,0,0,0,0,0,0
BSEPBI.BSE_IDX,01/07/2025,09:21:43,20605.28,0,0,0,0,0,0
BSEPBI.BSE_IDX,01/07/2025,09:21:51,20609.57,0,0,0,0,0,0
BSEPBI.BSE_IDX,01/07/2025,09:22:00,20604.42,0,0,0,0,0,0
BSEPBI.BSE_IDX,01/07/2025,09:22:07,20600.01,0,0,0,0,0,0
BSEPBI.BSE_IDX,01/07/2025,09:22:15,20603.04,0,0,0,0,0,0
BSEPBI.BSE_IDX,01/07/2025,09:22:23,20602.51,0,0,0,0,0,0
BSEPBI.BSE_IDX,01/07/2025,09:22:31,20603.37,0,0,0,0,0,0
BSEPBI.BSE_IDX,01/07/2025,09:22:39,20601.28,0,0,0,0,0,0
BSEPBI.BSE_IDX,01/07/2025,09:22:47,20605.16,0,0,0,0,0,0
BSEPBI.BSE_IDX,01/07/2025,09:22:55,20602.22,0,0,0,0,0,0
BSEPBI.BSE_IDX,01/07/2025,09:23:03,20597.62,0,0,0,0,0,0
BSEPBI.BSE_IDX,01/07/2025,09:23:11,20596.01,0,0,0,0,0,0
BSEPBI.BSE_IDX,01/07/2025,09:23:20,20592.39,0,0,0,0,0,0
BSEPBI.BSE_IDX,01/07/2025,09:23:27,20592.47,0,0,0,0,0,0
BSEPBI.BSE_IDX,01/07/2025,09:23:35,20592.2,0,0,0,0,0,0
BSEPBI.BSE_IDX,01/07/2025,09:23:44,20591.56,0,0,0,0,0,0
BSEPBI.BSE_IDX,01/07/2025,09:23:51,20585.58,0,0,0,0,0,0
BSEPBI.BSE_IDX,01/07/2025,09:23:59,20579.3,0,0,0,0,0,0
BSEPBI.BSE_IDX,01/07/2025,09:24:08,20584.55,0,0,0,0,0,0
BSEPBI.BSE_IDX,01/07/2025,09:24:16,20584.87,0,0,0,0,0,0
BSEPBI.BSE_IDX,01/07/2025,09:24:23,20583.67,0,0,0,0,0,0
BSEPBI.BSE_IDX,01/07/2025,09:24:32,20582.36,0,0,0,0,0,0
BSEPBI.BSE_IDX,01/07/2025,09:24:39,20583.02,0,0,0,0,0,0
BSEPBI.BSE_IDX,01/07/2025,09:24:48,20585.99,0,0,0,0,0,0
BSEPBI.BSE_IDX,01/07/2025,09:24:57,20583.68,0,0,0,0,0,0
BSEPBI.BSE_IDX,01/07/2025,09:25:03,20580.32,0,0,0,0,0,0
BSEPBI.BSE_IDX,01/07/2025,09:25:12,20582.74,0,0,0,0,0,0
BSEPBI.BSE_IDX,01/07/2025,09:25:20,20581.39,0,0,0,0,0,0
BSEPBI.BSE_IDX,01/07/2025,09:25:29,20575.38,0,0,0,0,0,0
BSEPBI.BSE_IDX,01/07/2025,09:25:35,20584.14,0,0,0,0,0,0
BSEPBI.BSE_IDX,01/07/2025,09:25:43,20584.17,0,0,0,0,0,0
BSEPBI.BSE_IDX,01/07/2025,09:25:51,20584.33,0,0,0,0,0,0
BSEPBI.BSE_IDX,01/07/2025,09:25:59,20581.28,0,0,0,0,0,0
BSEPBI.BSE_IDX,01/07/2025,09:26:08,20575.05,0,0,0,0,0,0
BSEPBI.BSE_IDX,01/07/2025,09:26:15,20575.35,0,0,0,0,0,0
BSEPBI.BSE_IDX,01/07/2025,09:26:24,20575.31,0,0,0,0,0,0
BSEPBI.BSE_IDX,01/07/2025,09:26:31,20576.82,0,0,0,0,0,0
BSEPBI.BSE_IDX,01/07/2025,09:26:40,20580.03,0,0,0,0,0,0
BSEPBI.BSE_IDX,01/07/2025,09:26:48,20579.34,0,0,0,0,0,0
BSEPBI.BSE_IDX,01/07/2025,09:26:55,20577.79,0,0,0,0,0,0
BSEPBI.BSE_IDX,01/07/2025,09:27:04,20575.67,0,0,0,0,0,0
BSEPBI.BSE_IDX,01/07/2025,09:27:12,20575.51,0,0,0,0,0,0
BSEPBI.BSE_IDX,01/07/2025,09:27:19,20571.13,0,0,0,0,0,0
BSEPBI.BSE_IDX,01/07/2025,09:27:28,20572.22,0,0,0,0,0,0
BSEPBI.BSE_IDX,01/07/2025,09:27:36,20572.56,0,0,0,0,0,0
BSEPBI.BSE_IDX,01/07/2025,09:27:44,20576.02,0,0,0,0,0,0
BSEPBI.BSE_IDX,01/07/2025,09:27:52,20575.46,0,0,0,0,0,0
BSEPBI.BSE_IDX,01/07/2025,09:28:00,20578.05,0,0,0,0,0,0
BSEPBI.BSE_IDX,01/07/2025,09:28:08,20578.42,0,0,0,0,0,0
BSEPBI.BSE_IDX,01/07/2025,09:28:16,20575.55,0,0,0,0,0,0
BSEPBI.BSE_IDX,01/07/2025,09:28:24,20574.45,0,0,0,0,0,0
BSEPBI.BSE_IDX,01/07/2025,09:28:32,20577.26,0,0,0,0,0,0
BSEPBI.BSE_IDX,01/07/2025,09:28:40,20572.8,0,0,0,0,0,0
BSEPBI.BSE_IDX,01/07/2025,09:28:48,20578.75,0,0,0,0,0,0
BSEPBI.BSE_IDX,01/07/2025,09:28:56,20574.69,0,0,0,0,0,0
BSEPBI.BSE_IDX,01/07/2025,09:29:04,20579.43,0,0,0,0,0,0
BSEPBI.BSE_IDX,01/07/2025,09:29:12,20577.32,0,0,0,0,0,0
BSEPBI.BSE_IDX,01/07/2025,09:29:20,20574.13,0,0,0,0,0,0
BSEPBI.BSE_IDX,01/07/2025,09:29:28,20575.26,0,0,0,0,0,0
BSEPBI.BSE_IDX,01/07/2025,09:29:36,20575.67,0,0,0,0,0,0
BSEPBI.BSE_IDX,01/07/2025,09:29:44,20575.91,0,0,0,0,0,0
BSEPBI.BSE_IDX,01/07/2025,09:29:52,20576.68,0,0,0,0,0,0
BSEPBI.BSE_IDX,01/07/2025,09:30:00,20575.2,0,0,0,0,0,0
BSEPBI.BSE_IDX,01/07/2025,09:30:08,20570.51,0,0,0,0,0,0
BSEPBI.BSE_IDX,01/07/2025,09:30:16,20574.93,0,0,0,0,0,0
BSEPBI.BSE_IDX,01/07/2025,09:30:24,20576.86,0,0,0,0,0,0
BSEPBI.BSE_IDX,01/07/2025,09:30:32,20577.84,0,0,0,0,0,0
BSEPBI.BSE_IDX,01/07/2025,09:30:40,20578.66,0,0,0,0,0,0
BSEPBI.BSE_IDX,01/07/2025,09:30:48,20576.93,0,0,0,0,0,0
BSEPBI.BSE_IDX,01/07/2025,09:30:56,20577.54,0,0,0,0,0,0
BSEPBI.BSE_IDX,01/07/2025,09:31:04,20576.58,0,0,0,0,0,0
BSEPBI.BSE_IDX,01/07/2025,09:31:12,20570.76,0,0,0,0,0,0
BSEPBI.BSE_IDX,01/07/2025,09:31:20,20562.5,0,0,0,0,0,0
BSEPBI.BSE_IDX,01/07/2025,09:31:28,20559.78,0,0,0,0,0,0
BSEPBI.BSE_IDX,01/07/2025,09:31:36,20557.51,0,0,0,0,0,0
BSEPBI.BSE_IDX,01/07/2025,09:31:44,20558.74,0,0,0,0,0,0
BSEPBI.BSE_IDX,01/07/2025,09:31:52,20559.01,0,0,0,0,0,0
BSEPBI.BSE_IDX,01/07/2025,09:32:00,20561.26,0,0,0,0,0,0
BSEPBI.BSE_IDX,01/07/2025,09:32:08,20557.49,0,0,0,0,0,0
BSEPBI.BSE_IDX,01/07/2025,09:32:16,20559.48,0,0,0,0,0,0
BSEPBI.BSE_IDX,01/07/2025,09:32:24,20557.03,0,0,0,0,0,0
BSEPBI.BSE_IDX,01/07/2025,09:32:32,20558.48,0,0,0,0,0,0
BSEPBI.BSE_IDX,01/07/2025,09:32:40,20558.51,0,0,0,0,0,0
BSEPBI.BSE_IDX,01/07/2025,09:32:48,20557.66,0,0,0,0,0,0
BSEPBI.BSE_IDX,01/07/2025,09:32:56,20564.18,0,0,0,0,0,0
BSEPBI.BSE_IDX,01/07/2025,09:33:04,20567.36,0,0,0,0,0,0
BSEPBI.BSE_IDX,01/07/2025,09:33:12,20569.06,0,0,0,0,0,0
BSEPBI.BSE_IDX,01/07/2025,09:33:20,20569.64,0,0,0,0,0,0
BSEPBI.BSE_IDX,01/07/2025,09:33:28,20567.07,0,0,0,0,0,0
BSEPBI.BSE_IDX,01/07/2025,09:33:36,20567.2,0,0,0,0,0,0
BSEPBI.BSE_IDX,01/07/2025,09:33:44,20565.11,0,0,0,0,0,0
BSEPBI.BSE_IDX,01/07/2025,09:33:52,20565.06,0,0,0,0,0,0
BSEPBI.BSE_IDX,01/07/2025,09:34:00,20569.5,0,0,0,0,0,0
BSEPBI.BSE_IDX,01/07/2025,09:34:08,20566.86,0,0,0,0,0,0
BSEPBI.BSE_IDX,01/07/2025,09:34:16,20565.7,0,0,0,0,0,0
BSEPBI.BSE_IDX,01/07/2025,09:34:24,20567.07,0,0,0,0,0,0
BSEPBI.BSE_IDX,01/07/2025,09:34:32,20568.1,0,0,0,0,0,0
BSEPBI.BSE_IDX,01/07/2025,09:34:40,20566.9,0,0,0,0,0,0
BSEPBI.BSE_IDX,01/07/2025,09:34:48,20566.91,0,0,0,0,0,0
BSEPBI.BSE_IDX,01/07/2025,09:34:56,20567.29,0,0,0,0,0,0
BSEPBI.BSE_IDX,01/07/2025,09:35:05,20566.31,0,0,0,0,0,0
BSEPBI.BSE_IDX,01/07/2025,09:35:12,20564.46,0,0,0,0,0,0
BSEPBI.BSE_IDX,01/07/2025,09:35:20,20562.24,0,0,0,0,0,0
BSEPBI.BSE_IDX,01/07/2025,09:35:28,20562.72,0,0,0,0,0,0
BSEPBI.BSE_IDX,01/07/2025,09:35:36,20564.08,0,0,0,0,0,0
BSEPBI.BSE_IDX,01/07/2025,09:35:44,20561.84,0,0,0,0,0,0
BSEPBI.BSE_IDX,01/07/2025,09:35:52,20562.08,0,0,0,0,0,0
BSEPBI.BSE_IDX,01/07/2025,09:36:00,20561.55,0,0,0,0,0,0
BSEPBI.BSE_IDX,01/07/2025,09:36:08,20560.05,0,0,0,0,0,0
BSEPBI.BSE_IDX,01/07/2025,09:36:16,20556.75,0,0,0,0,0,0
BSEPBI.BSE_IDX,01/07/2025,09:36:24,20558.51,0,0,0,0,0,0
BSEPBI.BSE_IDX,01/07/2025,09:36:33,20556.87,0,0,0,0,0,0
BSEPBI.BSE_IDX,01/07/2025,09:36:40,20555.21,0,0,0,0,0,0
BSEPBI.BSE_IDX,01/07/2025,09:36:48,20562.41,0,0,0,0,0,0
BSEPBI.BSE_IDX,01/07/2025,09:36:56,20562.92,0,0,0,0,0,0
BSEPBI.BSE_IDX,01/07/2025,09:37:04,20563.73,0,0,0,0,0,0
BSEPBI.BSE_IDX,01/07/2025,09:37:12,20564.09,0,0,0,0,0,0
BSEPBI.BSE_IDX,01/07/2025,09:37:20,20563.03,0,0,0,0,0,0
BSEPBI.BSE_IDX,01/07/2025,09:37:28,20560.9,0,0,0,0,0,0
BSEPBI.BSE_IDX,01/07/2025,09:37:36,20560.78,0,0,0,0,0,0
BSEPBI.BSE_IDX,01/07/2025,09:37:44,20559.73,0,0,0,0,0,0
BSEPBI.BSE_IDX,01/07/2025,09:37:52,20556.99,0,0,0,0,0,0
BSEPBI.BSE_IDX,01/07/2025,09:38:00,20556.28,0,0,0,0,0,0
BSEPBI.BSE_IDX,01/07/2025,09:38:08,20557.32,0,0,0,0,0,0
BSEPBI.BSE_IDX,01/07/2025,09:38:16,20554.69,0,0,0,0,0,0
BSEPBI.BSE_IDX,01/07/2025,09:38:24,20553.8,0,0,0,0,0,0
BSEPBI.BSE_IDX,01/07/2025,09:38:32,20551.76,0,0,0,0,0,0
BSEPBI.BSE_IDX,01/07/2025,09:38:40,20548.37,0,0,0,0,0,0
BSEPBI.BSE_IDX,01/07/2025,09:38:48,20548.53,0,0,0,0,0,0
BSEPBI.BSE_IDX,01/07/2025,09:38:56,20546.86,0,0,0,0,0,0
BSEPBI.BSE_IDX,01/07/2025,09:39:04,20546.57,0,0,0,0,0,0
BSEPBI.BSE_IDX,01/07/2025,09:39:12,20551.9,0,0,0,0,0,0
BSEPBI.BSE_IDX,01/07/2025,09:39:20,20553.17,0,0,0,0,0,0
BSEPBI.BSE_IDX,01/07/2025,09:39:28,20550.5,0,0,0,0,0,0
BSEPBI.BSE_IDX,01/07/2025,09:39:36,20553.43,0,0,0,0,0,0
BSEPBI.BSE_IDX,01/07/2025,09:39:44,20553.89,0,0,0,0,0,0
BSEPBI.BSE_IDX,01/07/2025,09:39:52,20553.09,0,0,0,0,0,0
BSEPBI.BSE_IDX,01/07/2025,09:40:00,20554.52,0,0,0,0,0,0
BSEPBI.BSE_IDX,01/07/2025,09:40:08,20555.83,0,0,0,0,0,0
BSEPBI.BSE_IDX,01/07/2025,09:40:16,20556.13,0,0,0,0,0,0
BSEPBI.BSE_IDX,01/07/2025,09:40:24,20555.28,0,0,0,0,0,0
BSEPBI.BSE_IDX,01/07/2025,09:40:32,20551.46,0,0,0,0,0,0
BSEPBI.BSE_IDX,01/07/2025,09:40:40,20553.57,0,0,0,0,0,0
BSEPBI.BSE_IDX,01/07/2025,09:40:48,20552.97,0,0,0,0,0,0
BSEPBI.BSE_IDX,01/07/2025,09:40:56,20551.5,0,0,0,0,0,0
BSEPBI.BSE_IDX,01/07/2025,09:41:04,20552.73,0,0,0,0,0,0
BSEPBI.BSE_IDX,01/07/2025,09:41:12,20555.54,0,0,0,0,0,0
BSEPBI.BSE_IDX,01/07/2025,09:41:20,20556.63,0,0,0,0,0,0
BSEPBI.BSE_IDX,01/07/2025,09:41:28,20555.48,0,0,0,0,0,0
BSEPBI.BSE_IDX,01/07/2025,09:41:36,20555.29,0,0,0,0,0,0
BSEPBI.BSE_IDX,01/07/2025,09:41:44,20554.13,0,0,0,0,0,0
BSEPBI.BSE_IDX,01/07/2025,09:41:52,20557.52,0,0,0,0,0,0
BSEPBI.BSE_IDX,01/07/2025,09:42:00,20557.15,0,0,0,0,0,0
BSEPBI.BSE_IDX,01/07/2025,09:42:08,20557.84,0,0,0,0,0,0
BSEPBI.BSE_IDX,01/07/2025,09:42:16,20562.04,0,0,0,0,0,0
BSEPBI.BSE_IDX,01/07/2025,09:42:24,20561.54,0,0,0,0,0,0
BSEPBI.BSE_IDX,01/07/2025,09:42:32,20561.64,0,0,0,0,0,0
BSEPBI.BSE_IDX,01/07/2025,09:42:40,20561.34,0,0,0,0,0,0
BSEPBI.BSE_IDX,01/07/2025,09:42:48,20564.38,0,0,0,0,0,0
BSEPBI.BSE_IDX,01/07/2025,09:42:56,20565.51,0,0,0,0,0,0
BSEPBI.BSE_IDX,01/07/2025,09:43:04,20563.54,0,0,0,0,0,0
BSEPBI.BSE_IDX,01/07/2025,09:43:12,20561.16,0,0,0,0,0,0
BSEPBI.BSE_IDX,01/07/2025,09:43:20,20563.52,0,0,0,0,0,0
BSEPBI.BSE_IDX,01/07/2025,09:43:28,20565.6,0,0,0,0,0,0
BSEPBI.BSE_IDX,01/07/2025,09:43:36,20560.72,0,0,0,0,0,0
BSEPBI.BSE_IDX,01/07/2025,09:43:44,20562.94,0,0,0,0,0,0
BSEPBI.BSE_IDX,01/07/2025,09:43:53,20561.96,0,0,0,0,0,0
BSEPBI.BSE_IDX,01/07/2025,09:44:00,20557.72,0,0,0,0,0,0
BSEPBI.BSE_IDX,01/07/2025,09:44:08,20558.82,0,0,0,0,0,0
BSEPBI.BSE_IDX,01/07/2025,09:44:16,20559.03,0,0,0,0,0,0
BSEPBI.BSE_IDX,01/07/2025,09:44:24,20561.58,0,0,0,0,0,0
BSEPBI.BSE_IDX,01/07/2025,09:44:32,20561.13,0,0,0,0,0,0
BSEPBI.BSE_IDX,01/07/2025,09:44:40,20562.27,0,0,0,0,0,0
BSEPBI.BSE_IDX,01/07/2025,09:44:48,20560.99,0,0,0,0,0,0
BSEPBI.BSE_IDX,01/07/2025,09:44:56,20560.09,0,0,0,0,0,0
BSEPBI.BSE_IDX,01/07/2025,09:45:05,20552.55,0,0,0,0,0,0
BSEPBI.BSE_IDX,01/07/2025,09:45:12,20551.33,0,0,0,0,0,0
BSEPBI.BSE_IDX,01/07/2025,09:45:20,20552.21,0,0,0,0,0,0
BSEPBI.BSE_IDX,01/07/2025,09:45:28,20553.69,0,0,0,0,0,0
BSEPBI.BSE_IDX,01/07/2025,09:45:36,20554.53,0,0,0,0,0,0
BSEPBI.BSE_IDX,01/07/2025,09:45:44,20554.37,0,0,0,0,0,0
BSEPBI.BSE_IDX,01/07/2025,09:45:52,20557.87,0,0,0,0,0,0
BSEPBI.BSE_IDX,01/07/2025,09:46:01,20555.21,0,0,0,0,0,0
BSEPBI.BSE_IDX,01/07/2025,09:46:08,20553.44,0,0,0,0,0,0
BSEPBI.BSE_IDX,01/07/2025,09:46:16,20554.55,0,0,0,0,0,0
BSEPBI.BSE_IDX,01/07/2025,09:46:24,20556.13,0,0,0,0,0,0
BSEPBI.BSE_IDX,01/07/2025,09:46:32,20559.46,0,0,0,0,0,0
BSEPBI.BSE_IDX,01/07/2025,09:46:40,20560.33,0,0,0,0,0,0
BSEPBI.BSE_IDX,01/07/2025,09:46:48,20558.12,0,0,0,0,0,0
BSEPBI.BSE_IDX,01/07/2025,09:46:56,20558.41,0,0,0,0,0,0
BSEPBI.BSE_IDX,01/07/2025,09:47:04,20559.98,0,0,0,0,0,0
BSEPBI.BSE_IDX,01/07/2025,09:47:12,20563.08,0,0,0,0,0,0
BSEPBI.BSE_IDX,01/07/2025,09:47:20,20559.71,0,0,0,0,0,0
BSEPBI.BSE_IDX,01/07/2025,09:47:28,20559.23,0,0,0,0,0,0
BSEPBI.BSE_IDX,01/07/2025,09:47:36,20558.46,0,0,0,0,0,0
BSEPBI.BSE_IDX,01/07/2025,09:47:44,20560.27,0,0,0,0,0,0
BSEPBI.BSE_IDX,01/07/2025,09:47:52,20567.29,0,0,0,0,0,0
BSEPBI.BSE_IDX,01/07/2025,09:48:00,20567.06,0,0,0,0,0,0
BSEPBI.BSE_IDX,01/07/2025,09:48:08,20568.13,0,0,0,0,0,0
BSEPBI.BSE_IDX,01/07/2025,09:48:16,20575.42,0,0,0,0,0,0
BSEPBI.BSE_IDX,01/07/2025,09:48:24,20581.26,0,0,0,0,0,0
BSEPBI.BSE_IDX,01/07/2025,09:48:32,20581.78,0,0,0,0,0,0
BSEPBI.BSE_IDX,01/07/2025,09:48:40,20576.06,0,0,0,0,0,0
BSEPBI.BSE_IDX,01/07/2025,09:48:48,20578.75,0,0,0,0,0,0
BSEPBI.BSE_IDX,01/07/2025,09:48:56,20577.75,0,0,0,0,0,0
BSEPBI.BSE_IDX,01/07/2025,09:49:04,20578.19,0,0,0,0,0,0
BSEPBI.BSE_IDX,01/07/2025,09:49:12,20579.1,0,0,0,0,0,0
BSEPBI.BSE_IDX,01/07/2025,09:49:20,20578.4,0,0,0,0,0,0
BSEPBI.BSE_IDX,01/07/2025,09:49:28,20571.63,0,0,0,0,0,0
BSEPBI.BSE_IDX,01/07/2025,09:49:36,20571.61,0,0,0,0,0,0
BSEPBI.BSE_IDX,01/07/2025,09:49:44,20571.22,0,0,0,0,0,0
BSEPBI.BSE_IDX,01/07/2025,09:49:52,20573.79,0,0,0,0,0,0
BSEPBI.BSE_IDX,01/07/2025,09:50:00,20573.74,0,0,0,0,0,0
BSEPBI.BSE_IDX,01/07/2025,09:50:08,20574.63,0,0,0,0,0,0
BSEPBI.BSE_IDX,01/07/2025,09:50:16,20573.08,0,0,0,0,0,0
BSEPBI.BSE_IDX,01/07/2025,09:50:24,20575.79,0,0,0,0,0,0
BSEPBI.BSE_IDX,01/07/2025,09:50:32,20570.42,0,0,0,0,0,0
BSEPBI.BSE_IDX,01/07/2025,09:50:40,20571.02,0,0,0,0,0,0
BSEPBI.BSE_IDX,01/07/2025,09:50:48,20572.27,0,0,0,0,0,0
BSEPBI.BSE_IDX,01/07/2025,09:50:57,20573.07,0,0,0,0,0,0
BSEPBI.BSE_IDX,01/07/2025,09:51:04,20578.49,0,0,0,0,0,0
BSEPBI.BSE_IDX,01/07/2025,09:51:12,20578.64,0,0,0,0,0,0
BSEPBI.BSE_IDX,01/07/2025,09:51:20,20579.65,0,0,0,0,0,0
BSEPBI.BSE_IDX,01/07/2025,09:51:28,20575.82,0,0,0,0,0,0
BSEPBI.BSE_IDX,01/07/2025,09:51:37,20573.55,0,0,0,0,0,0
BSEPBI.BSE_IDX,01/07/2025,09:51:44,20575.69,0,0,0,0,0,0
BSEPBI.BSE_IDX,01/07/2025,09:51:52,20572.21,0,0,0,0,0,0
BSEPBI.BSE_IDX,01/07/2025,09:52:01,20568.81,0,0,0,0,0,0
BSEPBI.BSE_IDX,01/07/2025,09:52:08,20562.43,0,0,0,0,0,0
BSEPBI.BSE_IDX,01/07/2025,09:52:17,20558.79,0,0,0,0,0,0
BSEPBI.BSE_IDX,01/07/2025,09:52:24,20558.52,0,0,0,0,0,0
BSEPBI.BSE_IDX,01/07/2025,09:52:32,20558.99,0,0,0,0,0,0
BSEPBI.BSE_IDX,01/07/2025,09:52:40,20558.52,0,0,0,0,0,0
BSEPBI.BSE_IDX,01/07/2025,09:52:48,20560.68,0,0,0,0,0,0
BSEPBI.BSE_IDX,01/07/2025,09:52:57,20558.09,0,0,0,0,0,0
BSEPBI.BSE_IDX,01/07/2025,09:53:04,20560.12,0,0,0,0,0,0
BSEPBI.BSE_IDX,01/07/2025,09:53:13,20564.16,0,0,0,0,0,0
BSEPBI.BSE_IDX,01/07/2025,09:53:20,20564.22,0,0,0,0,0,0
BSEPBI.BSE_IDX,01/07/2025,09:53:28,20566.92,0,0,0,0,0,0
BSEPBI.BSE_IDX,01/07/2025,09:53:36,20568.76,0,0,0,0,0,0
BSEPBI.BSE_IDX,01/07/2025,09:53:44,20567.45,0,0,0,0,0,0
BSEPBI.BSE_IDX,01/07/2025,09:53:52,20566.8,0,0,0,0,0,0
BSEPBI.BSE_IDX,01/07/2025,09:54:00,20562.89,0,0,0,0,0,0
BSEPBI.BSE_IDX,01/07/2025,09:54:08,20562.37,0,0,0,0,0,0
BSEPBI.BSE_IDX,01/07/2025,09:54:16,20559.22,0,0,0,0,0,0
BSEPBI.BSE_IDX,01/07/2025,09:54:24,20556.9,0,0,0,0,0,0
BSEPBI.BSE_IDX,01/07/2025,09:54:32,20552.32,0,0,0,0,0,0
BSEPBI.BSE_IDX,01/07/2025,09:54:40,20553.65,0,0,0,0,0,0
BSEPBI.BSE_IDX,01/07/2025,09:54:48,20552.59,0,0,0,0,0,0
BSEPBI.BSE_IDX,01/07/2025,09:54:56,20552.26,0,0,0,0,0,0
BSEPBI.BSE_IDX,01/07/2025,09:55:04,20549.76,0,0,0,0,0,0
BSEPBI.BSE_IDX,01/07/2025,09:55:12,20551.9,0,0,0,0,0,0
BSEPBI.BSE_IDX,01/07/2025,09:55:20,20548.47,0,0,0,0,0,0
BSEPBI.BSE_IDX,01/07/2025,09:55:28,20549.94,0,0,0,0,0,0
BSEPBI.BSE_IDX,01/07/2025,09:55:36,20550.88,0,0,0,0,0,0
BSEPBI.BSE_IDX,01/07/2025,09:55:44,20549.87,0,0,0,0,0,0
BSEPBI.BSE_IDX,01/07/2025,09:55:52,20549.62,0,0,0,0,0,0
BSEPBI.BSE_IDX,01/07/2025,09:56:00,20550.35,0,0,0,0,0,0
BSEPBI.BSE_IDX,01/07/2025,09:56:08,20546.64,0,0,0,0,0,0
BSEPBI.BSE_IDX,01/07/2025,09:56:16,20546.5,0,0,0,0,0,0
BSEPBI.BSE_IDX,01/07/2025,09:56:25,20549.33,0,0,0,0,0,0
BSEPBI.BSE_IDX,01/07/2025,09:56:33,20549.29,0,0,0,0,0,0
BSEPBI.BSE_IDX,01/07/2025,09:56:41,20551.79,0,0,0,0,0,0
BSEPBI.BSE_IDX,01/07/2025,09:56:48,20548.66,0,0,0,0,0,0
BSEPBI.BSE_IDX,01/07/2025,09:56:57,20549.85,0,0,0,0,0,0
BSEPBI.BSE_IDX,01/07/2025,09:57:04,20550.62,0,0,0,0,0,0
BSEPBI.BSE_IDX,01/07/2025,09:57:12,20551.65,0,0,0,0,0,0
BSEPBI.BSE_IDX,01/07/2025,09:57:20,20551.78,0,0,0,0,0,0
BSEPBI.BSE_IDX,01/07/2025,09:57:28,20553.41,0,0,0,0,0,0
BSEPBI.BSE_IDX,01/07/2025,09:57:36,20551.96,0,0,0,0,0,0
BSEPBI.BSE_IDX,01/07/2025,09:57:44,20552.49,0,0,0,0,0,0
BSEPBI.BSE_IDX,01/07/2025,09:57:52,20551.48,0,0,0,0,0,0
BSEPBI.BSE_IDX,01/07/2025,09:58:00,20550.51,0,0,0,0,0,0
BSEPBI.BSE_IDX,01/07/2025,09:58:08,20550.24,0,0,0,0,0,0
BSEPBI.BSE_IDX,01/07/2025,09:58:16,20552.98,0,0,0,0,0,0
BSEPBI.BSE_IDX,01/07/2025,09:58:24,20548.63,0,0,0,0,0,0
BSEPBI.BSE_IDX,01/07/2025,09:58:32,20552.91,0,0,0,0,0,0
BSEPBI.BSE_IDX,01/07/2025,09:58:40,20554.18,0,0,0,0,0,0
BSEPBI.BSE_IDX,01/07/2025,09:58:48,20552.45,0,0,0,0,0,0
BSEPBI.BSE_IDX,01/07/2025,09:58:56,20556.18,0,0,0,0,0,0
BSEPBI.BSE_IDX,01/07/2025,09:59:05,20557.95,0,0,0,0,0,0
BSEPBI.BSE_IDX,01/07/2025,09:59:12,20557.24,0,0,0,0,0,0
BSEPBI.BSE_IDX,01/07/2025,09:59:20,20556.83,0,0,0,0,0,0
BSEPBI.BSE_IDX,01/07/2025,09:59:28,20557.47,0,0,0,0,0,0
BSEPBI.BSE_IDX,01/07/2025,09:59:36,20555.21,0,0,0,0,0,0
BSEPBI.BSE_IDX,01/07/2025,09:59:45,20553.8,0,0,0,0,0,0
BSEPBI.BSE_IDX,01/07/2025,09:59:52,20555.05,0,0,0,0,0,0
BSEPBI.BSE_IDX,01/07/2025,10:00:01,20556.78,0,0,0,0,0,0
BSEPBI.BSE_IDX,01/07/2025,10:00:08,20559.99,0,0,0,0,0,0
BSEPBI.BSE_IDX,01/07/2025,10:00:16,20562.13,0,0,0,0,0,0
BSEPBI.BSE_IDX,01/07/2025,10:00:25,20561.35,0,0,0,0,0,0
BSEPBI.BSE_IDX,01/07/2025,10:00:32,20560.55,0,0,0,0,0,0
BSEPBI.BSE_IDX,01/07/2025,10:00:40,20561.84,0,0,0,0,0,0
BSEPBI.BSE_IDX,01/07/2025,10:00:49,20564.3,0,0,0,0,0,0
BSEPBI.BSE_IDX,01/07/2025,10:00:57,20563.09,0,0,0,0,0,0
BSEPBI.BSE_IDX,01/07/2025,10:01:04,20562.75,0,0,0,0,0,0
BSEPBI.BSE_IDX,01/07/2025,10:01:12,20557.37,0,0,0,0,0,0
BSEPBI.BSE_IDX,01/07/2025,10:01:21,20558.89,0,0,0,0,0,0
BSEPBI.BSE_IDX,01/07/2025,10:01:29,20558.38,0,0,0,0,0,0
BSEPBI.BSE_IDX,01/07/2025,10:01:37,20552.99,0,0,0,0,0,0
BSEPBI.BSE_IDX,01/07/2025,10:01:44,20552.21,0,0,0,0,0,0
BSEPBI.BSE_IDX,01/07/2025,10:01:52,20548.72,0,0,0,0,0,0
BSEPBI.BSE_IDX,01/07/2025,10:02:00,20548.38,0,0,0,0,0,0
BSEPBI.BSE_IDX,01/07/2025,10:02:09,20549.82,0,0,0,0,0,0
BSEPBI.BSE_IDX,01/07/2025,10:02:17,20551.54,0,0,0,0,0,0
BSEPBI.BSE_IDX,01/07/2025,10:02:24,20548.58,0,0,0,0,0,0
BSEPBI.BSE_IDX,01/07/2025,10:02:32,20547.17,0,0,0,0,0,0
BSEPBI.BSE_IDX,01/07/2025,10:02:41,20547.95,0,0,0,0,0,0
BSEPBI.BSE_IDX,01/07/2025,10:02:49,20547.36,0,0,0,0,0,0
BSEPBI.BSE_IDX,01/07/2025,10:02:57,20549.23,0,0,0,0,0,0
BSEPBI.BSE_IDX,01/07/2025,10:03:04,20545.36,0,0,0,0,0,0
BSEPBI.BSE_IDX,01/07/2025,10:03:13,20545.36,0,0,0,0,0,0
BSEPBI.BSE_IDX,01/07/2025,10:03:20,20547.33,0,0,0,0,0,0
BSEPBI.BSE_IDX,01/07/2025,10:03:29,20551.83,0,0,0,0,0,0
BSEPBI.BSE_IDX,01/07/2025,10:03:37,20554.5,0,0,0,0,0,0
BSEPBI.BSE_IDX,01/07/2025,10:03:45,20553.8,0,0,0,0,0,0
BSEPBI.BSE_IDX,01/07/2025,10:03:53,20557.02,0,0,0,0,0,0
BSEPBI.BSE_IDX,01/07/2025,10:04:01,20557.29,0,0,0,0,0,0
BSEPBI.BSE_IDX,01/07/2025,10:04:09,20559.19,0,0,0,0,0,0
BSEPBI.BSE_IDX,01/07/2025,10:04:17,20557.17,0,0,0,0,0,0
BSEPBI.BSE_IDX,01/07/2025,10:04:25,20558.29,0,0,0,0,0,0
BSEPBI.BSE_IDX,01/07/2025,10:04:33,20563.76,0,0,0,0,0,0
BSEPBI.BSE_IDX,01/07/2025,10:04:41,20565.43,0,0,0,0,0,0
BSEPBI.BSE_IDX,01/07/2025,10:04:50,20564.65,0,0,0,0,0,0
BSEPBI.BSE_IDX,01/07/2025,10:04:57,20564.69,0,0,0,0,0,0
BSEPBI.BSE_IDX,01/07/2025,10:05:05,20554.53,0,0,0,0,0,0
BSEPBI.BSE_IDX,01/07/2025,10:05:14,20556.11,0,0,0,0,0,0
BSEPBI.BSE_IDX,01/07/2025,10:05:21,20553.58,0,0,0,0,0,0
BSEPBI.BSE_IDX,01/07/2025,10:05:29,20546.09,0,0,0,0,0,0
BSEPBI.BSE_IDX,01/07/2025,10:05:37,20542.83,0,0,0,0,0,0
BSEPBI.BSE_IDX,01/07/2025,10:05:45,20550.39,0,0,0,0,0,0
BSEPBI.BSE_IDX,01/07/2025,10:05:53,20548.6,0,0,0,0,0,0
BSEPBI.BSE_IDX,01/07/2025,10:06:01,20547.92,0,0,0,0,0,0
BSEPBI.BSE_IDX,01/07/2025,10:06:09,20551.9,0,0,0,0,0,0
BSEPBI.BSE_IDX,01/07/2025,10:06:17,20554.18,0,0,0,0,0,0
BSEPBI.BSE_IDX,01/07/2025,10:06:25,20556.47,0,0,0,0,0,0
BSEPBI.BSE_IDX,01/07/2025,10:06:33,20556.34,0,0,0,0,0,0
BSEPBI.BSE_IDX,01/07/2025,10:06:41,20557.2,0,0,0,0,0,0
BSEPBI.BSE_IDX,01/07/2025,10:06:49,20557.04,0,0,0,0,0,0
BSEPBI.BSE_IDX,01/07/2025,10:06:57,20556.82,0,0,0,0,0,0
BSEPBI.BSE_IDX,01/07/2025,10:07:05,20557.47,0,0,0,0,0,0
BSEPBI.BSE_IDX,01/07/2025,10:07:13,20556.95,0,0,0,0,0,0
BSEPBI.BSE_IDX,01/07/2025,10:07:21,20555.79,0,0,0,0,0,0
BSEPBI.BSE_IDX,01/07/2025,10:07:29,20556.85,0,0,0,0,0,0
BSEPBI.BSE_IDX,01/07/2025,10:07:37,20558.5,0,0,0,0,0,0
BSEPBI.BSE_IDX,01/07/2025,10:07:45,20562.36,0,0,0,0,0,0
BSEPBI.BSE_IDX,01/07/2025,10:07:53,20561.22,0,0,0,0,0,0
BSEPBI.BSE_IDX,01/07/2025,10:08:01,20560.44,0,0,0,0,0,0
BSEPBI.BSE_IDX,01/07/2025,10:08:09,20561.15,0,0,0,0,0,0
BSEPBI.BSE_IDX,01/07/2025,10:08:17,20562.44,0,0,0,0,0,0
BSEPBI.BSE_IDX,01/07/2025,10:08:25,20561.37,0,0,0,0,0,0
BSEPBI.BSE_IDX,01/07/2025,10:08:33,20561.32,0,0,0,0,0,0
BSEPBI.BSE_IDX,01/07/2025,10:08:41,20559.64,0,0,0,0,0,0
BSEPBI.BSE_IDX,01/07/2025,10:08:49,20561.98,0,0,0,0,0,0
BSEPBI.BSE_IDX,01/07/2025,10:08:57,20560.12,0,0,0,0,0,0
BSEPBI.BSE_IDX,01/07/2025,10:09:05,20556.29,0,0,0,0,0,0
BSEPBI.BSE_IDX,01/07/2025,10:09:13,20555.74,0,0,0,0,0,0
BSEPBI.BSE_IDX,01/07/2025,10:09:21,20550.99,0,0,0,0,0,0
BSEPBI.BSE_IDX,01/07/2025,10:09:29,20549.92,0,0,0,0,0,0
BSEPBI.BSE_IDX,01/07/2025,10:09:37,20555.47,0,0,0,0,0,0
BSEPBI.BSE_IDX,01/07/2025,10:09:45,20554.34,0,0,0,0,0,0
BSEPBI.BSE_IDX,01/07/2025,10:09:53,20555.73,0,0,0,0,0,0
BSEPBI.BSE_IDX,01/07/2025,10:10:01,20558.33,0,0,0,0,0,0
BSEPBI.BSE_IDX,01/07/2025,10:10:09,20556.01,0,0,0,0,0,0
BSEPBI.BSE_IDX,01/07/2025,10:10:17,20555.15,0,0,0,0,0,0
BSEPBI.BSE_IDX,01/07/2025,10:10:25,20554.41,0,0,0,0,0,0
BSEPBI.BSE_IDX,01/07/2025,10:10:33,20555.87,0,0,0,0,0,0
BSEPBI.BSE_IDX,01/07/2025,10:10:41,20554.95,0,0,0,0,0,0
BSEPBI.BSE_IDX,01/07/2025,10:10:49,20553.21,0,0,0,0,0,0
BSEPBI.BSE_IDX,01/07/2025,10:10:57,20551.85,0,0,0,0,0,0
BSEPBI.BSE_IDX,01/07/2025,10:11:05,20551.78,0,0,0,0,0,0
BSEPBI.BSE_IDX,01/07/2025,10:11:13,20548.48,0,0,0,0,0,0
BSEPBI.BSE_IDX,01/07/2025,10:11:22,20549.93,0,0,0,0,0,0
BSEPBI.BSE_IDX,01/07/2025,10:11:29,20548.52,0,0,0,0,0,0
BSEPBI.BSE_IDX,01/07/2025,10:11:37,20547.4,0,0,0,0,0,0
BSEPBI.BSE_IDX,01/07/2025,10:11:45,20544.18,0,0,0,0,0,0
BSEPBI.BSE_IDX,01/07/2025,10:11:53,20552.36,0,0,0,0,0,0
BSEPBI.BSE_IDX,01/07/2025,10:12:01,20553.54,0,0,0,0,0,0
BSEPBI.BSE_IDX,01/07/2025,10:12:09,20553.53,0,0,0,0,0,0
BSEPBI.BSE_IDX,01/07/2025,10:12:17,20550.67,0,0,0,0,0,0
BSEPBI.BSE_IDX,01/07/2025,10:12:25,20549.38,0,0,0,0,0,0
BSEPBI.BSE_IDX,01/07/2025,10:12:33,20545.78,0,0,0,0,0,0
BSEPBI.BSE_IDX,01/07/2025,10:12:41,20546.31,0,0,0,0,0,0
BSEPBI.BSE_IDX,01/07/2025,10:12:49,20543.8,0,0,0,0,0,0
BSEPBI.BSE_IDX,01/07/2025,10:12:57,20537.2,0,0,0,0,0,0
BSEPBI.BSE_IDX,01/07/2025,10:13:05,20535.45,0,0,0,0,0,0
BSEPBI.BSE_IDX,01/07/2025,10:13:13,20533.57,0,0,0,0,0,0
BSEPBI.BSE_IDX,01/07/2025,10:13:21,20539.57,0,0,0,0,0,0
BSEPBI.BSE_IDX,01/07/2025,10:13:29,20541.66,0,0,0,0,0,0
BSEPBI.BSE_IDX,01/07/2025,10:13:37,20540.9,0,0,0,0,0,0
BSEPBI.BSE_IDX,01/07/2025,10:13:45,20538.81,0,0,0,0,0,0
BSEPBI.BSE_IDX,01/07/2025,10:13:53,20538.46,0,0,0,0,0,0
BSEPBI.BSE_IDX,01/07/2025,10:14:01,20534.55,0,0,0,0,0,0
BSEPBI.BSE_IDX,01/07/2025,10:14:09,20534.34,0,0,0,0,0,0
BSEPBI.BSE_IDX,01/07/2025,10:14:17,20533.92,0,0,0,0,0,0
BSEPBI.BSE_IDX,01/07/2025,10:14:25,20532.71,0,0,0,0,0,0
BSEPBI.BSE_IDX,01/07/2025,10:14:33,20534.23,0,0,0,0,0,0
BSEPBI.BSE_IDX,01/07/2025,10:14:41,20531.25,0,0,0,0,0,0
BSEPBI.BSE_IDX,01/07/2025,10:14:49,20532.73,0,0,0,0,0,0
BSEPBI.BSE_IDX,01/07/2025,10:14:57,20532.28,0,0,0,0,0,0
BSEPBI.BSE_IDX,01/07/2025,10:15:05,20529.05,0,0,0,0,0,0
BSEPBI.BSE_IDX,01/07/2025,10:15:13,20529.91,0,0,0,0,0,0
BSEPBI.BSE_IDX,01/07/2025,10:15:21,20529.03,0,0,0,0,0,0
BSEPBI.BSE_IDX,01/07/2025,10:15:29,20523.68,0,0,0,0,0,0
BSEPBI.BSE_IDX,01/07/2025,10:15:37,20525.78,0,0,0,0,0,0
BSEPBI.BSE_IDX,01/07/2025,10:15:45,20534.59,0,0,0,0,0,0
BSEPBI.BSE_IDX,01/07/2025,10:15:53,20534.93,0,0,0,0,0,0
BSEPBI.BSE_IDX,01/07/2025,10:16:01,20531.2,0,0,0,0,0,0
BSEPBI.BSE_IDX,01/07/2025,10:16:09,20535.51,0,0,0,0,0,0
BSEPBI.BSE_IDX,01/07/2025,10:16:17,20534.48,0,0,0,0,0,0
BSEPBI.BSE_IDX,01/07/2025,10:16:25,20536.57,0,0,0,0,0,0
BSEPBI.BSE_IDX,01/07/2025,10:16:33,20533.16,0,0,0,0,0,0
BSEPBI.BSE_IDX,01/07/2025,10:16:41,20533.91,0,0,0,0,0,0
BSEPBI.BSE_IDX,01/07/2025,10:16:49,20534.54,0,0,0,0,0,0
BSEPBI.BSE_IDX,01/07/2025,10:16:57,20535.63,0,0,0,0,0,0
BSEPBI.BSE_IDX,01/07/2025,10:17:05,20534.69,0,0,0,0,0,0
BSEPBI.BSE_IDX,01/07/2025,10:17:13,20531.2,0,0,0,0,0,0
BSEPBI.BSE_IDX,01/07/2025,10:17:21,20535.52,0,0,0,0,0,0
BSEPBI.BSE_IDX,01/07/2025,10:17:29,20532.66,0,0,0,0,0,0
BSEPBI.BSE_IDX,01/07/2025,10:17:37,20538.68,0,0,0,0,0,0
BSEPBI.BSE_IDX,01/07/2025,10:17:45,20540.2,0,0,0,0,0,0
BSEPBI.BSE_IDX,01/07/2025,10:17:53,20539.68,0,0,0,0,0,0
BSEPBI.BSE_IDX,01/07/2025,10:18:01,20539.94,0,0,0,0,0,0
BSEPBI.BSE_IDX,01/07/2025,10:18:09,20542.8,0,0,0,0,0,0
BSEPBI.BSE_IDX,01/07/2025,10:18:17,20544.89,0,0,0,0,0,0
BSEPBI.BSE_IDX,01/07/2025,10:18:25,20544.7,0,0,0,0,0,0
BSEPBI.BSE_IDX,01/07/2025,10:18:33,20545.84,0,0,0,0,0,0
BSEPBI.BSE_IDX,01/07/2025,10:18:41,20545.56,0,0,0,0,0,0
BSEPBI.BSE_IDX,01/07/2025,10:18:49,20540.31,0,0,0,0,0,0
BSEPBI.BSE_IDX,01/07/2025,10:18:57,20538.34,0,0,0,0,0,0
BSEPBI.BSE_IDX,01/07/2025,10:19:05,20537.54,0,0,0,0,0,0
BSEPBI.BSE_IDX,01/07/2025,10:19:13,20538.41,0,0,0,0,0,0
BSEPBI.BSE_IDX,01/07/2025,10:19:21,20540.23,0,0,0,0,0,0
BSEPBI.BSE_IDX,01/07/2025,10:19:29,20540.9,0,0,0,0,0,0
BSEPBI.BSE_IDX,01/07/2025,10:19:37,20539.65,0,0,0,0,0,0
BSEPBI.BSE_IDX,01/07/2025,10:19:45,20543.21,0,0,0,0,0,0
BSEPBI.BSE_IDX,01/07/2025,10:19:53,20538.66,0,0,0,0,0,0
BSEPBI.BSE_IDX,01/07/2025,10:20:01,20536.25,0,0,0,0,0,0
BSEPBI.BSE_IDX,01/07/2025,10:20:09,20539.4,0,0,0,0,0,0
BSEPBI.BSE_IDX,01/07/2025,10:20:17,20541.16,0,0,0,0,0,0
BSEPBI.BSE_IDX,01/07/2025,10:20:25,20536.86,0,0,0,0,0,0
BSEPBI.BSE_IDX,01/07/2025,10:20:33,20534.76,0,0,0,0,0,0
BSEPBI.BSE_IDX,01/07/2025,10:20:41,20536.5,0,0,0,0,0,0
BSEPBI.BSE_IDX,01/07/2025,10:20:49,20533.37,0,0,0,0,0,0
BSEPBI.BSE_IDX,01/07/2025,10:20:57,20532.22,0,0,0,0,0,0
BSEPBI.BSE_IDX,01/07/2025,10:21:05,20530.78,0,0,0,0,0,0
BSEPBI.BSE_IDX,01/07/2025,10:21:13,20532.53,0,0,0,0,0,0
BSEPBI.BSE_IDX,01/07/2025,10:21:21,20531.9,0,0,0,0,0,0
BSEPBI.BSE_IDX,01/07/2025,10:21:29,20534.36,0,0,0,0,0,0
BSEPBI.BSE_IDX,01/07/2025,10:21:37,20533.56,0,0,0,0,0,0
BSEPBI.BSE_IDX,01/07/2025,10:21:45,20532.83,0,0,0,0,0,0
BSEPBI.BSE_IDX,01/07/2025,10:21:53,20534.3,0,0,0,0,0,0
BSEPBI.BSE_IDX,01/07/2025,10:22:01,20533.62,0,0,0,0,0,0
BSEPBI.BSE_IDX,01/07/2025,10:22:09,20533.2,0,0,0,0,0,0
BSEPBI.BSE_IDX,01/07/2025,10:22:17,20530.53,0,0,0,0,0,0
BSEPBI.BSE_IDX,01/07/2025,10:22:25,20532.26,0,0,0,0,0,0
BSEPBI.BSE_IDX,01/07/2025,10:22:33,20530.28,0,0,0,0,0,0
BSEPBI.BSE_IDX,01/07/2025,10:22:41,20531.74,0,0,0,0,0,0
BSEPBI.BSE_IDX,01/07/2025,10:22:49,20532.02,0,0,0,0,0,0
BSEPBI.BSE_IDX,01/07/2025,10:22:57,20531.66,0,0,0,0,0,0
BSEPBI.BSE_IDX,01/07/2025,10:23:05,20531.18,0,0,0,0,0,0
BSEPBI.BSE_IDX,01/07/2025,10:23:13,20529.5,0,0,0,0,0,0
BSEPBI.BSE_IDX,01/07/2025,10:23:21,20529,0,0,0,0,0,0
BSEPBI.BSE_IDX,01/07/2025,10:23:29,20529.73,0,0,0,0,0,0
BSEPBI.BSE_IDX,01/07/2025,10:23:37,20529.4,0,0,0,0,0,0
BSEPBI.BSE_IDX,01/07/2025,10:23:45,20533.12,0,0,0,0,0,0
BSEPBI.BSE_IDX,01/07/2025,10:23:53,20527.8,0,0,0,0,0,0
BSEPBI.BSE_IDX,01/07/2025,10:24:01,20530.43,0,0,0,0,0,0
BSEPBI.BSE_IDX,01/07/2025,10:24:09,20530.83,0,0,0,0,0,0
BSEPBI.BSE_IDX,01/07/2025,10:24:17,20530.25,0,0,0,0,0,0
BSEPBI.BSE_IDX,01/07/2025,10:24:25,20529.68,0,0,0,0,0,0
BSEPBI.BSE_IDX,01/07/2025,10:24:33,20529.53,0,0,0,0,0,0
BSEPBI.BSE_IDX,01/07/2025,10:24:41,20530.93,0,0,0,0,0,0
BSEPBI.BSE_IDX,01/07/2025,10:24:49,20532.52,0,0,0,0,0,0
BSEPBI.BSE_IDX,01/07/2025,10:24:57,20532.78,0,0,0,0,0,0
BSEPBI.BSE_IDX,01/07/2025,10:25:05,20530.65,0,0,0,0,0,0
BSEPBI.BSE_IDX,01/07/2025,10:25:13,20530.41,0,0,0,0,0,0
BSEPBI.BSE_IDX,01/07/2025,10:25:21,20529.31,0,0,0,0,0,0
BSEPBI.BSE_IDX,01/07/2025,10:25:29,20530.19,0,0,0,0,0,0
BSEPBI.BSE_IDX,01/07/2025,10:25:37,20529.06,0,0,0,0,0,0
BSEPBI.BSE_IDX,01/07/2025,10:25:45,20527.8,0,0,0,0,0,0
BSEPBI.BSE_IDX,01/07/2025,10:25:53,20532.15,0,0,0,0,0,0
BSEPBI.BSE_IDX,01/07/2025,10:26:01,20531,0,0,0,0,0,0
BSEPBI.BSE_IDX,01/07/2025,10:26:09,20534.43,0,0,0,0,0,0
BSEPBI.BSE_IDX,01/07/2025,10:26:17,20534.52,0,0,0,0,0,0
BSEPBI.BSE_IDX,01/07/2025,10:26:25,20534.1,0,0,0,0,0,0
BSEPBI.BSE_IDX,01/07/2025,10:26:33,20533.69,0,0,0,0,0,0
BSEPBI.BSE_IDX,01/07/2025,10:26:41,20533.54,0,0,0,0,0,0
BSEPBI.BSE_IDX,01/07/2025,10:26:49,20531.73,0,0,0,0,0,0
BSEPBI.BSE_IDX,01/07/2025,10:26:57,20531.36,0,0,0,0,0,0
BSEPBI.BSE_IDX,01/07/2025,10:27:05,20534.63,0,0,0,0,0,0
BSEPBI.BSE_IDX,01/07/2025,10:27:13,20531.83,0,0,0,0,0,0
BSEPBI.BSE_IDX,01/07/2025,10:27:21,20529.62,0,0,0,0,0,0
BSEPBI.BSE_IDX,01/07/2025,10:27:29,20529.53,0,0,0,0,0,0
BSEPBI.BSE_IDX,01/07/2025,10:27:37,20530.83,0,0,0,0,0,0
BSEPBI.BSE_IDX,01/07/2025,10:27:45,20532.43,0,0,0,0,0,0
BSEPBI.BSE_IDX,01/07/2025,10:27:53,20531.68,0,0,0,0,0,0
BSEPBI.BSE_IDX,01/07/2025,10:28:01,20534.84,0,0,0,0,0,0
BSEPBI.BSE_IDX,01/07/2025,10:28:09,20535.16,0,0,0,0,0,0
BSEPBI.BSE_IDX,01/07/2025,10:28:17,20534.8,0,0,0,0,0,0
BSEPBI.BSE_IDX,01/07/2025,10:28:25,20536.16,0,0,0,0,0,0
BSEPBI.BSE_IDX,01/07/2025,10:28:33,20536.56,0,0,0,0,0,0
BSEPBI.BSE_IDX,01/07/2025,10:28:41,20540.6,0,0,0,0,0,0
BSEPBI.BSE_IDX,01/07/2025,10:28:49,20542.56,0,0,0,0,0,0
BSEPBI.BSE_IDX,01/07/2025,10:28:57,20543.96,0,0,0,0,0,0
BSEPBI.BSE_IDX,01/07/2025,10:29:05,20543.39,0,0,0,0,0,0
BSEPBI.BSE_IDX,01/07/2025,10:29:13,20548.21,0,0,0,0,0,0
BSEPBI.BSE_IDX,01/07/2025,10:29:21,20549.38,0,0,0,0,0,0
BSEPBI.BSE_IDX,01/07/2025,10:29:29,20545.84,0,0,0,0,0,0
BSEPBI.BSE_IDX,01/07/2025,10:29:37,20545.3,0,0,0,0,0,0
BSEPBI.BSE_IDX,01/07/2025,10:29:46,20545.82,0,0,0,0,0,0
BSEPBI.BSE_IDX,01/07/2025,10:29:54,20547.02,0,0,0,0,0,0
BSEPBI.BSE_IDX,01/07/2025,10:30:01,20545.29,0,0,0,0,0,0
BSEPBI.BSE_IDX,01/07/2025,10:30:09,20543.47,0,0,0,0,0,0
BSEPBI.BSE_IDX,01/07/2025,10:30:17,20548.33,0,0,0,0,0,0
BSEPBI.BSE_IDX,01/07/2025,10:30:25,20547.97,0,0,0,0,0,0
BSEPBI.BSE_IDX,01/07/2025,10:30:33,20548.65,0,0,0,0,0,0
BSEPBI.BSE_IDX,01/07/2025,10:30:41,20549.43,0,0,0,0,0,0
BSEPBI.BSE_IDX,01/07/2025,10:30:49,20551.88,0,0,0,0,0,0
BSEPBI.BSE_IDX,01/07/2025,10:30:57,20547.6,0,0,0,0,0,0
BSEPBI.BSE_IDX,01/07/2025,10:31:05,20548.34,0,0,0,0,0,0
BSEPBI.BSE_IDX,01/07/2025,10:31:13,20548.33,0,0,0,0,0,0
BSEPBI.BSE_IDX,01/07/2025,10:31:22,20547.61,0,0,0,0,0,0
BSEPBI.BSE_IDX,01/07/2025,10:31:29,20548.39,0,0,0,0,0,0
BSEPBI.BSE_IDX,01/07/2025,10:31:37,20549.46,0,0,0,0,0,0
BSEPBI.BSE_IDX,01/07/2025,10:31:46,20549.56,0,0,0,0,0,0
BSEPBI.BSE_IDX,01/07/2025,10:31:53,20553.22,0,0,0,0,0,0
BSEPBI.BSE_IDX,01/07/2025,10:32:01,20554.04,0,0,0,0,0,0
BSEPBI.BSE_IDX,01/07/2025,10:32:10,20549.06,0,0,0,0,0,0
BSEPBI.BSE_IDX,01/07/2025,10:32:17,20550.5,0,0,0,0,0,0
BSEPBI.BSE_IDX,01/07/2025,10:32:25,20551.79,0,0,0,0,0,0
BSEPBI.BSE_IDX,01/07/2025,10:32:33,20556.9,0,0,0,0,0,0
BSEPBI.BSE_IDX,01/07/2025,10:32:41,20552.73,0,0,0,0,0,0
BSEPBI.BSE_IDX,01/07/2025,10:32:49,20555.74,0,0,0,0,0,0
BSEPBI.BSE_IDX,01/07/2025,10:32:57,20558.01,0,0,0,0,0,0
BSEPBI.BSE_IDX,01/07/2025,10:33:06,20557.21,0,0,0,0,0,0
BSEPBI.BSE_IDX,01/07/2025,10:33:13,20558.54,0,0,0,0,0,0
BSEPBI.BSE_IDX,01/07/2025,10:33:22,20562.13,0,0,0,0,0,0
BSEPBI.BSE_IDX,01/07/2025,10:33:29,20558.38,0,0,0,0,0,0
BSEPBI.BSE_IDX,01/07/2025,10:33:37,20558.27,0,0,0,0,0,0
BSEPBI.BSE_IDX,01/07/2025,10:33:45,20559.43,0,0,0,0,0,0
BSEPBI.BSE_IDX,01/07/2025,10:33:53,20558.12,0,0,0,0,0,0
BSEPBI.BSE_IDX,01/07/2025,10:34:01,20556.7,0,0,0,0,0,0
BSEPBI.BSE_IDX,01/07/2025,10:34:09,20554.14,0,0,0,0,0,0
BSEPBI.BSE_IDX,01/07/2025,10:34:17,20555.23,0,0,0,0,0,0
BSEPBI.BSE_IDX,01/07/2025,10:34:25,20555.29,0,0,0,0,0,0
BSEPBI.BSE_IDX,01/07/2025,10:34:33,20555.66,0,0,0,0,0,0
BSEPBI.BSE_IDX,01/07/2025,10:34:41,20556.82,0,0,0,0,0,0
BSEPBI.BSE_IDX,01/07/2025,10:34:49,20554.06,0,0,0,0,0,0
BSEPBI.BSE_IDX,01/07/2025,10:34:58,20557.96,0,0,0,0,0,0
BSEPBI.BSE_IDX,01/07/2025,10:35:06,20557.84,0,0,0,0,0,0
BSEPBI.BSE_IDX,01/07/2025,10:35:14,20554.57,0,0,0,0,0,0
BSEPBI.BSE_IDX,01/07/2025,10:35:21,20555.84,0,0,0,0,0,0
BSEPBI.BSE_IDX,01/07/2025,10:35:29,20553.41,0,0,0,0,0,0
BSEPBI.BSE_IDX,01/07/2025,10:35:37,20554.43,0,0,0,0,0,0
BSEPBI.BSE_IDX,01/07/2025,10:35:45,20555.11,0,0,0,0,0,0
BSEPBI.BSE_IDX,01/07/2025,10:35:54,20556.74,0,0,0,0,0,0
BSEPBI.BSE_IDX,01/07/2025,10:36:02,20556.36,0,0,0,0,0,0
BSEPBI.BSE_IDX,01/07/2025,10:36:10,20552.04,0,0,0,0,0,0
BSEPBI.BSE_IDX,01/07/2025,10:36:18,20550.4,0,0,0,0,0,0
BSEPBI.BSE_IDX,01/07/2025,10:36:25,20551.54,0,0,0,0,0,0
BSEPBI.BSE_IDX,01/07/2025,10:36:34,20555.26,0,0,0,0,0,0
BSEPBI.BSE_IDX,01/07/2025,10:36:42,20551.21,0,0,0,0,0,0
BSEPBI.BSE_IDX,01/07/2025,10:36:49,20549.99,0,0,0,0,0,0
BSEPBI.BSE_IDX,01/07/2025,10:36:58,20546.06,0,0,0,0,0,0
BSEPBI.BSE_IDX,01/07/2025,10:37:06,20547.6,0,0,0,0,0,0
BSEPBI.BSE_IDX,01/07/2025,10:37:14,20543.34,0,0,0,0,0,0
BSEPBI.BSE_IDX,01/07/2025,10:37:22,20542.28,0,0,0,0,0,0
BSEPBI.BSE_IDX,01/07/2025,10:37:30,20542.1,0,0,0,0,0,0
BSEPBI.BSE_IDX,01/07/2025,10:37:38,20540.54,0,0,0,0,0,0
BSEPBI.BSE_IDX,01/07/2025,10:37:46,20540.54,0,0,0,0,0,0
BSEPBI.BSE_IDX,01/07/2025,10:37:54,20534.1,0,0,0,0,0,0
BSEPBI.BSE_IDX,01/07/2025,10:38:02,20534.6,0,0,0,0,0,0
BSEPBI.BSE_IDX,01/07/2025,10:38:10,20534.8,0,0,0,0,0,0
BSEPBI.BSE_IDX,01/07/2025,10:38:18,20535.59,0,0,0,0,0,0
BSEPBI.BSE_IDX,01/07/2025,10:38:26,20539.17,0,0,0,0,0,0
BSEPBI.BSE_IDX,01/07/2025,10:38:34,20538.08,0,0,0,0,0,0
BSEPBI.BSE_IDX,01/07/2025,10:38:42,20537.62,0,0,0,0,0,0
BSEPBI.BSE_IDX,01/07/2025,10:38:50,20539.58,0,0,0,0,0,0
BSEPBI.BSE_IDX,01/07/2025,10:38:58,20537,0,0,0,0,0,0
BSEPBI.BSE_IDX,01/07/2025,10:39:06,20541.65,0,0,0,0,0,0
BSEPBI.BSE_IDX,01/07/2025,10:39:14,20541.83,0,0,0,0,0,0
BSEPBI.BSE_IDX,01/07/2025,10:39:22,20543.83,0,0,0,0,0,0
BSEPBI.BSE_IDX,01/07/2025,10:39:30,20542.99,0,0,0,0,0,0
BSEPBI.BSE_IDX,01/07/2025,10:39:38,20542.5,0,0,0,0,0,0
BSEPBI.BSE_IDX,01/07/2025,10:39:46,20541.01,0,0,0,0,0,0
BSEPBI.BSE_IDX,01/07/2025,10:39:54,20542.34,0,0,0,0,0,0
BSEPBI.BSE_IDX,01/07/2025,10:40:02,20542.97,0,0,0,0,0,0
BSEPBI.BSE_IDX,01/07/2025,10:40:10,20542.55,0,0,0,0,0,0
BSEPBI.BSE_IDX,01/07/2025,10:40:18,20540.33,0,0,0,0,0,0
BSEPBI.BSE_IDX,01/07/2025,10:40:26,20542.26,0,0,0,0,0,0
BSEPBI.BSE_IDX,01/07/2025,10:40:34,20542.33,0,0,0,0,0,0
BSEPBI.BSE_IDX,01/07/2025,10:40:42,20541.78,0,0,0,0,0,0
BSEPBI.BSE_IDX,01/07/2025,10:40:50,20541.59,0,0,0,0,0,0
BSEPBI.BSE_IDX,01/07/2025,10:40:58,20541.97,0,0,0,0,0,0
BSEPBI.BSE_IDX,01/07/2025,10:41:06,20541.16,0,0,0,0,0,0
BSEPBI.BSE_IDX,01/07/2025,10:41:14,20538,0,0,0,0,0,0
BSEPBI.BSE_IDX,01/07/2025,10:41:22,20542.61,0,0,0,0,0,0
BSEPBI.BSE_IDX,01/07/2025,10:41:30,20540.41,0,0,0,0,0,0
BSEPBI.BSE_IDX,01/07/2025,10:41:38,20543.14,0,0,0,0,0,0
BSEPBI.BSE_IDX,01/07/2025,10:41:46,20540.22,0,0,0,0,0,0
BSEPBI.BSE_IDX,01/07/2025,10:41:54,20541.09,0,0,0,0,0,0
BSEPBI.BSE_IDX,01/07/2025,10:42:02,20542.23,0,0,0,0,0,0
BSEPBI.BSE_IDX,01/07/2025,10:42:10,20544.88,0,0,0,0,0,0
BSEPBI.BSE_IDX,01/07/2025,10:42:18,20544.99,0,0,0,0,0,0
BSEPBI.BSE_IDX,01/07/2025,10:42:26,20543.68,0,0,0,0,0,0
BSEPBI.BSE_IDX,01/07/2025,10:42:34,20544.7,0,0,0,0,0,0
BSEPBI.BSE_IDX,01/07/2025,10:42:42,20541.86,0,0,0,0,0,0
BSEPBI.BSE_IDX,01/07/2025,10:42:50,20540.9,0,0,0,0,0,0
BSEPBI.BSE_IDX,01/07/2025,10:42:58,20541.91,0,0,0,0,0,0
BSEPBI.BSE_IDX,01/07/2025,10:43:06,20542.32,0,0,0,0,0,0
BSEPBI.BSE_IDX,01/07/2025,10:43:14,20543.7,0,0,0,0,0,0
BSEPBI.BSE_IDX,01/07/2025,10:43:22,20544.18,0,0,0,0,0,0
BSEPBI.BSE_IDX,01/07/2025,10:43:30,20544.04,0,0,0,0,0,0
BSEPBI.BSE_IDX,01/07/2025,10:43:38,20542.79,0,0,0,0,0,0
BSEPBI.BSE_IDX,01/07/2025,10:43:46,20544.78,0,0,0,0,0,0
BSEPBI.BSE_IDX,01/07/2025,10:43:54,20542.58,0,0,0,0,0,0
BSEPBI.BSE_IDX,01/07/2025,10:44:02,20539.74,0,0,0,0,0,0
BSEPBI.BSE_IDX,01/07/2025,10:44:10,20535.81,0,0,0,0,0,0
BSEPBI.BSE_IDX,01/07/2025,10:44:18,20534.83,0,0,0,0,0,0
BSEPBI.BSE_IDX,01/07/2025,10:44:26,20536.03,0,0,0,0,0,0
BSEPBI.BSE_IDX,01/07/2025,10:44:34,20536.1,0,0,0,0,0,0
BSEPBI.BSE_IDX,01/07/2025,10:44:42,20534.6,0,0,0,0,0,0
BSEPBI.BSE_IDX,01/07/2025,10:44:50,20537.55,0,0,0,0,0,0
BSEPBI.BSE_IDX,01/07/2025,10:44:58,20535.44,0,0,0,0,0,0
BSEPBI.BSE_IDX,01/07/2025,10:45:07,20536.65,0,0,0,0,0,0
BSEPBI.BSE_IDX,01/07/2025,10:45:14,20535.48,0,0,0,0,0,0
BSEPBI.BSE_IDX,01/07/2025,10:45:22,20535.92,0,0,0,0,0,0
BSEPBI.BSE_IDX,01/07/2025,10:45:30,20536.33,0,0,0,0,0,0
BSEPBI.BSE_IDX,01/07/2025,10:45:38,20534.92,0,0,0,0,0,0
BSEPBI.BSE_IDX,01/07/2025,10:45:46,20534.98,0,0,0,0,0,0
BSEPBI.BSE_IDX,01/07/2025,10:45:54,20535.14,0,0,0,0,0,0
BSEPBI.BSE_IDX,01/07/2025,10:46:02,20534.53,0,0,0,0,0,0
BSEPBI.BSE_IDX,01/07/2025,10:46:10,20532.87,0,0,0,0,0,0
BSEPBI.BSE_IDX,01/07/2025,10:46:18,20535.62,0,0,0,0,0,0
BSEPBI.BSE_IDX,01/07/2025,10:46:26,20534.94,0,0,0,0,0,0
BSEPBI.BSE_IDX,01/07/2025,10:46:34,20532.93,0,0,0,0,0,0
BSEPBI.BSE_IDX,01/07/2025,10:46:42,20531.35,0,0,0,0,0,0
BSEPBI.BSE_IDX,01/07/2025,10:46:50,20532.88,0,0,0,0,0,0
BSEPBI.BSE_IDX,01/07/2025,10:46:58,20530.63,0,0,0,0,0,0
BSEPBI.BSE_IDX,01/07/2025,10:47:06,20532.9,0,0,0,0,0,0
BSEPBI.BSE_IDX,01/07/2025,10:47:14,20532.96,0,0,0,0,0,0
BSEPBI.BSE_IDX,01/07/2025,10:47:22,20532.35,0,0,0,0,0,0
BSEPBI.BSE_IDX,01/07/2025,10:47:30,20531.39,0,0,0,0,0,0
BSEPBI.BSE_IDX,01/07/2025,10:47:38,20531.64,0,0,0,0,0,0
BSEPBI.BSE_IDX,01/07/2025,10:47:46,20532.33,0,0,0,0,0,0
BSEPBI.BSE_IDX,01/07/2025,10:47:54,20532.24,0,0,0,0,0,0
BSEPBI.BSE_IDX,01/07/2025,10:48:02,20531.23,0,0,0,0,0,0
BSEPBI.BSE_IDX,01/07/2025,10:48:10,20530.14,0,0,0,0,0,0
BSEPBI.BSE_IDX,01/07/2025,10:48:18,20532.05,0,0,0,0,0,0
BSEPBI.BSE_IDX,01/07/2025,10:48:26,20533.65,0,0,0,0,0,0
BSEPBI.BSE_IDX,01/07/2025,10:48:34,20533.65,0,0,0,0,0,0
BSEPBI.BSE_IDX,01/07/2025,10:48:42,20536.51,0,0,0,0,0,0
BSEPBI.BSE_IDX,01/07/2025,10:48:50,20541.17,0,0,0,0,0,0
BSEPBI.BSE_IDX,01/07/2025,10:48:58,20541.2,0,0,0,0,0,0
BSEPBI.BSE_IDX,01/07/2025,10:49:06,20541.38,0,0,0,0,0,0
BSEPBI.BSE_IDX,01/07/2025,10:49:14,20541.07,0,0,0,0,0,0
BSEPBI.BSE_IDX,01/07/2025,10:49:22,20537.7,0,0,0,0,0,0
BSEPBI.BSE_IDX,01/07/2025,10:49:30,20539.27,0,0,0,0,0,0
BSEPBI.BSE_IDX,01/07/2025,10:49:38,20539.67,0,0,0,0,0,0
BSEPBI.BSE_IDX,01/07/2025,10:49:46,20538.03,0,0,0,0,0,0
BSEPBI.BSE_IDX,01/07/2025,10:49:54,20537.45,0,0,0,0,0,0
BSEPBI.BSE_IDX,01/07/2025,10:50:02,20538.64,0,0,0,0,0,0
BSEPBI.BSE_IDX,01/07/2025,10:50:10,20536.23,0,0,0,0,0,0
BSEPBI.BSE_IDX,01/07/2025,10:50:18,20536.54,0,0,0,0,0,0
BSEPBI.BSE_IDX,01/07/2025,10:50:26,20538.05,0,0,0,0,0,0
BSEPBI.BSE_IDX,01/07/2025,10:50:34,20542.4,0,0,0,0,0,0
BSEPBI.BSE_IDX,01/07/2025,10:50:42,20542.4,0,0,0,0,0,0
BSEPBI.BSE_IDX,01/07/2025,10:50:50,20542.68,0,0,0,0,0,0
BSEPBI.BSE_IDX,01/07/2025,10:50:58,20542.8,0,0,0,0,0,0
BSEPBI.BSE_IDX,01/07/2025,10:51:06,20542.41,0,0,0,0,0,0
BSEPBI.BSE_IDX,01/07/2025,10:51:14,20541.04,0,0,0,0,0,0
BSEPBI.BSE_IDX,01/07/2025,10:51:22,20540.48,0,0,0,0,0,0
BSEPBI.BSE_IDX,01/07/2025,10:51:30,20540.67,0,0,0,0,0,0
BSEPBI.BSE_IDX,01/07/2025,10:51:38,20544.51,0,0,0,0,0,0
BSEPBI.BSE_IDX,01/07/2025,10:51:46,20545.13,0,0,0,0,0,0
BSEPBI.BSE_IDX,01/07/2025,10:51:54,20544.05,0,0,0,0,0,0
BSEPBI.BSE_IDX,01/07/2025,10:52:02,20544.47,0,0,0,0,0,0
BSEPBI.BSE_IDX,01/07/2025,10:52:10,20543.08,0,0,0,0,0,0
BSEPBI.BSE_IDX,01/07/2025,10:52:18,20540.23,0,0,0,0,0,0
BSEPBI.BSE_IDX,01/07/2025,10:52:26,20542.86,0,0,0,0,0,0
BSEPBI.BSE_IDX,01/07/2025,10:52:34,20542.42,0,0,0,0,0,0
BSEPBI.BSE_IDX,01/07/2025,10:52:43,20536.91,0,0,0,0,0,0
BSEPBI.BSE_IDX,01/07/2025,10:52:50,20537.95,0,0,0,0,0,0
BSEPBI.BSE_IDX,01/07/2025,10:52:58,20534.99,0,0,0,0,0,0
BSEPBI.BSE_IDX,01/07/2025,10:53:06,20539.91,0,0,0,0,0,0
BSEPBI.BSE_IDX,01/07/2025,10:53:14,20538.59,0,0,0,0,0,0
BSEPBI.BSE_IDX,01/07/2025,10:53:22,20539.73,0,0,0,0,0,0
BSEPBI.BSE_IDX,01/07/2025,10:53:30,20542.53,0,0,0,0,0,0
BSEPBI.BSE_IDX,01/07/2025,10:53:38,20540.77,0,0,0,0,0,0
BSEPBI.BSE_IDX,01/07/2025,10:53:46,20544.54,0,0,0,0,0,0
BSEPBI.BSE_IDX,01/07/2025,10:53:54,20541.9,0,0,0,0,0,0
BSEPBI.BSE_IDX,01/07/2025,10:54:02,20542.9,0,0,0,0,0,0
BSEPBI.BSE_IDX,01/07/2025,10:54:10,20541.58,0,0,0,0,0,0
BSEPBI.BSE_IDX,01/07/2025,10:54:18,20543.7,0,0,0,0,0,0
BSEPBI.BSE_IDX,01/07/2025,10:54:26,20540.57,0,0,0,0,0,0
BSEPBI.BSE_IDX,01/07/2025,10:54:34,20543.53,0,0,0,0,0,0
BSEPBI.BSE_IDX,01/07/2025,10:54:42,20543.53,0,0,0,0,0,0
BSEPBI.BSE_IDX,01/07/2025,10:54:51,20544.66,0,0,0,0,0,0
BSEPBI.BSE_IDX,01/07/2025,10:54:58,20546.05,0,0,0,0,0,0
BSEPBI.BSE_IDX,01/07/2025,10:55:06,20543.83,0,0,0,0,0,0
BSEPBI.BSE_IDX,01/07/2025,10:55:14,20544.8,0,0,0,0,0,0
BSEPBI.BSE_IDX,01/07/2025,10:55:22,20545.64,0,0,0,0,0,0
BSEPBI.BSE_IDX,01/07/2025,10:55:30,20545.71,0,0,0,0,0,0
BSEPBI.BSE_IDX,01/07/2025,10:55:38,20545.53,0,0,0,0,0,0
BSEPBI.BSE_IDX,01/07/2025,10:55:46,20541.81,0,0,0,0,0,0
BSEPBI.BSE_IDX,01/07/2025,10:55:54,20543.83,0,0,0,0,0,0
BSEPBI.BSE_IDX,01/07/2025,10:56:02,20540.71,0,0,0,0,0,0
BSEPBI.BSE_IDX,01/07/2025,10:56:10,20541.91,0,0,0,0,0,0
BSEPBI.BSE_IDX,01/07/2025,10:56:18,20536.76,0,0,0,0,0,0
BSEPBI.BSE_IDX,01/07/2025,10:56:26,20536.43,0,0,0,0,0,0
BSEPBI.BSE_IDX,01/07/2025,10:56:34,20537.83,0,0,0,0,0,0
BSEPBI.BSE_IDX,01/07/2025,10:56:42,20536.67,0,0,0,0,0,0
BSEPBI.BSE_IDX,01/07/2025,10:56:50,20537.5,0,0,0,0,0,0
BSEPBI.BSE_IDX,01/07/2025,10:56:58,20535.26,0,0,0,0,0,0
BSEPBI.BSE_IDX,01/07/2025,10:57:06,20537.47,0,0,0,0,0,0
BSEPBI.BSE_IDX,01/07/2025,10:57:14,20536.5,0,0,0,0,0,0
BSEPBI.BSE_IDX,01/07/2025,10:57:22,20535.84,0,0,0,0,0,0
BSEPBI.BSE_IDX,01/07/2025,10:57:30,20531.39,0,0,0,0,0,0
BSEPBI.BSE_IDX,01/07/2025,10:57:39,20535.68,0,0,0,0,0,0
BSEPBI.BSE_IDX,01/07/2025,10:57:46,20534.7,0,0,0,0,0,0
BSEPBI.BSE_IDX,01/07/2025,10:57:54,20535.65,0,0,0,0,0,0
BSEPBI.BSE_IDX,01/07/2025,10:58:02,20534.47,0,0,0,0,0,0
BSEPBI.BSE_IDX,01/07/2025,10:58:10,20536.22,0,0,0,0,0,0
BSEPBI.BSE_IDX,01/07/2025,10:58:18,20530.43,0,0,0,0,0,0
BSEPBI.BSE_IDX,01/07/2025,10:58:26,20531.23,0,0,0,0,0,0
BSEPBI.BSE_IDX,01/07/2025,10:58:34,20533.96,0,0,0,0,0,0
BSEPBI.BSE_IDX,01/07/2025,10:58:42,20535.56,0,0,0,0,0,0
BSEPBI.BSE_IDX,01/07/2025,10:58:50,20539.07,0,0,0,0,0,0
BSEPBI.BSE_IDX,01/07/2025,10:58:58,20533.35,0,0,0,0,0,0
BSEPBI.BSE_IDX,01/07/2025,10:59:06,20532.38,0,0,0,0,0,0
BSEPBI.BSE_IDX,01/07/2025,10:59:14,20533.1,0,0,0,0,0,0
BSEPBI.BSE_IDX,01/07/2025,10:59:22,20532.8,0,0,0,0,0,0
BSEPBI.BSE_IDX,01/07/2025,10:59:30,20532,0,0,0,0,0,0
BSEPBI.BSE_IDX,01/07/2025,10:59:38,20532.9,0,0,0,0,0,0
BSEPBI.BSE_IDX,01/07/2025,10:59:47,20530.89,0,0,0,0,0,0
BSEPBI.BSE_IDX,01/07/2025,10:59:55,20529.98,0,0,0,0,0,0
BSEPBI.BSE_IDX,01/07/2025,11:00:03,20529.98,0,0,0,0,0,0
BSEPBI.BSE_IDX,01/07/2025,11:00:11,20529.38,0,0,0,0,0,0
BSEPBI.BSE_IDX,01/07/2025,11:00:18,20529.67,0,0,0,0,0,0
BSEPBI.BSE_IDX,01/07/2025,11:00:26,20529.98,0,0,0,0,0,0
BSEPBI.BSE_IDX,01/07/2025,11:00:34,20533.08,0,0,0,0,0,0
BSEPBI.BSE_IDX,01/07/2025,11:00:42,20533.55,0,0,0,0,0,0
BSEPBI.BSE_IDX,01/07/2025,11:00:50,20532.18,0,0,0,0,0,0
BSEPBI.BSE_IDX,01/07/2025,11:00:58,20532.28,0,0,0,0,0,0
BSEPBI.BSE_IDX,01/07/2025,11:01:06,20532.36,0,0,0,0,0,0
BSEPBI.BSE_IDX,01/07/2025,11:01:15,20532.06,0,0,0,0,0,0
BSEPBI.BSE_IDX,01/07/2025,11:01:22,20525.44,0,0,0,0,0,0
BSEPBI.BSE_IDX,01/07/2025,11:01:30,20524.5,0,0,0,0,0,0
BSEPBI.BSE_IDX,01/07/2025,11:01:38,20526.6,0,0,0,0,0,0
BSEPBI.BSE_IDX,01/07/2025,11:01:46,20527.1,0,0,0,0,0,0
BSEPBI.BSE_IDX,01/07/2025,11:01:54,20525.6,0,0,0,0,0,0
BSEPBI.BSE_IDX,01/07/2025,11:02:02,20528.12,0,0,0,0,0,0
BSEPBI.BSE_IDX,01/07/2025,11:02:10,20526.36,0,0,0,0,0,0
BSEPBI.BSE_IDX,01/07/2025,11:02:18,20529.92,0,0,0,0,0,0
BSEPBI.BSE_IDX,01/07/2025,11:02:27,20532.79,0,0,0,0,0,0
BSEPBI.BSE_IDX,01/07/2025,11:02:34,20533.87,0,0,0,0,0,0
BSEPBI.BSE_IDX,01/07/2025,11:02:42,20531.54,0,0,0,0,0,0
BSEPBI.BSE_IDX,01/07/2025,11:02:51,20530.87,0,0,0,0,0,0
BSEPBI.BSE_IDX,01/07/2025,11:02:58,20527.25,0,0,0,0,0,0
BSEPBI.BSE_IDX,01/07/2025,11:03:06,20526.81,0,0,0,0,0,0
BSEPBI.BSE_IDX,01/07/2025,11:03:14,20527.31,0,0,0,0,0,0
BSEPBI.BSE_IDX,01/07/2025,11:03:22,20527.48,0,0,0,0,0,0
BSEPBI.BSE_IDX,01/07/2025,11:03:31,20528.53,0,0,0,0,0,0
BSEPBI.BSE_IDX,01/07/2025,11:03:38,20530.94,0,0,0,0,0,0
BSEPBI.BSE_IDX,01/07/2025,11:03:46,20531.55,0,0,0,0,0,0
BSEPBI.BSE_IDX,01/07/2025,11:03:54,20531.59,0,0,0,0,0,0
BSEPBI.BSE_IDX,01/07/2025,11:04:02,20533.68,0,0,0,0,0,0
BSEPBI.BSE_IDX,01/07/2025,11:04:10,20529.41,0,0,0,0,0,0
BSEPBI.BSE_IDX,01/07/2025,11:04:18,20531.67,0,0,0,0,0,0
BSEPBI.BSE_IDX,01/07/2025,11:04:27,20526.98,0,0,0,0,0,0
BSEPBI.BSE_IDX,01/07/2025,11:04:34,20526.82,0,0,0,0,0,0
BSEPBI.BSE_IDX,01/07/2025,11:04:42,20528.24,0,0,0,0,0,0
BSEPBI.BSE_IDX,01/07/2025,11:04:51,20531.1,0,0,0,0,0,0
BSEPBI.BSE_IDX,01/07/2025,11:04:58,20532.11,0,0,0,0,0,0
BSEPBI.BSE_IDX,01/07/2025,11:05:06,20533.69,0,0,0,0,0,0
BSEPBI.BSE_IDX,01/07/2025,11:05:14,20533.27,0,0,0,0,0,0
BSEPBI.BSE_IDX,01/07/2025,11:05:22,20531.86,0,0,0,0,0,0
BSEPBI.BSE_IDX,01/07/2025,11:05:31,20532.93,0,0,0,0,0,0
BSEPBI.BSE_IDX,01/07/2025,11:05:39,20534.02,0,0,0,0,0,0
BSEPBI.BSE_IDX,01/07/2025,11:05:46,20534.29,0,0,0,0,0,0
BSEPBI.BSE_IDX,01/07/2025,11:05:54,20535.47,0,0,0,0,0,0
BSEPBI.BSE_IDX,01/07/2025,11:06:03,20534,0,0,0,0,0,0
BSEPBI.BSE_IDX,01/07/2025,11:06:11,20536.1,0,0,0,0,0,0
BSEPBI.BSE_IDX,01/07/2025,11:06:19,20538.2,0,0,0,0,0,0
BSEPBI.BSE_IDX,01/07/2025,11:06:27,20535.54,0,0,0,0,0,0
BSEPBI.BSE_IDX,01/07/2025,11:06:34,20532.54,0,0,0,0,0,0
BSEPBI.BSE_IDX,01/07/2025,11:06:43,20532.51,0,0,0,0,0,0
BSEPBI.BSE_IDX,01/07/2025,11:06:51,20536.45,0,0,0,0,0,0
BSEPBI.BSE_IDX,01/07/2025,11:06:58,20535.73,0,0,0,0,0,0
BSEPBI.BSE_IDX,01/07/2025,11:07:06,20537.96,0,0,0,0,0,0
BSEPBI.BSE_IDX,01/07/2025,11:07:15,20540.69,0,0,0,0,0,0
BSEPBI.BSE_IDX,01/07/2025,11:07:22,20537.94,0,0,0,0,0,0
BSEPBI.BSE_IDX,01/07/2025,11:07:31,20538.62,0,0,0,0,0,0
BSEPBI.BSE_IDX,01/07/2025,11:07:39,20532.16,0,0,0,0,0,0
BSEPBI.BSE_IDX,01/07/2025,11:07:46,20537.29,0,0,0,0,0,0
BSEPBI.BSE_IDX,01/07/2025,11:07:55,20537.97,0,0,0,0,0,0
BSEPBI.BSE_IDX,01/07/2025,11:08:02,20537.69,0,0,0,0,0,0
BSEPBI.BSE_IDX,01/07/2025,11:08:11,20537.74,0,0,0,0,0,0
BSEPBI.BSE_IDX,01/07/2025,11:08:18,20536.53,0,0,0,0,0,0
BSEPBI.BSE_IDX,01/07/2025,11:08:27,20537.17,0,0,0,0,0,0
BSEPBI.BSE_IDX,01/07/2025,11:08:35,20532.35,0,0,0,0,0,0
BSEPBI.BSE_IDX,01/07/2025,11:08:43,20536.9,0,0,0,0,0,0
BSEPBI.BSE_IDX,01/07/2025,11:08:51,20540.57,0,0,0,0,0,0
BSEPBI.BSE_IDX,01/07/2025,11:08:58,20540.29,0,0,0,0,0,0
BSEPBI.BSE_IDX,01/07/2025,11:09:07,20540.35,0,0,0,0,0,0
BSEPBI.BSE_IDX,01/07/2025,11:09:15,20535.65,0,0,0,0,0,0
BSEPBI.BSE_IDX,01/07/2025,11:09:23,20533.71,0,0,0,0,0,0
BSEPBI.BSE_IDX,01/07/2025,11:09:31,20534.15,0,0,0,0,0,0
BSEPBI.BSE_IDX,01/07/2025,11:09:39,20535.22,0,0,0,0,0,0
BSEPBI.BSE_IDX,01/07/2025,11:09:47,20539.89,0,0,0,0,0,0
BSEPBI.BSE_IDX,01/07/2025,11:09:55,20540.09,0,0,0,0,0,0
BSEPBI.BSE_IDX,01/07/2025,11:10:03,20541.08,0,0,0,0,0,0
BSEPBI.BSE_IDX,01/07/2025,11:10:11,20540.04,0,0,0,0,0,0
BSEPBI.BSE_IDX,01/07/2025,11:10:19,20539.85,0,0,0,0,0,0
BSEPBI.BSE_IDX,01/07/2025,11:10:27,20540.2,0,0,0,0,0,0
BSEPBI.BSE_IDX,01/07/2025,11:10:35,20537.95,0,0,0,0,0,0
BSEPBI.BSE_IDX,01/07/2025,11:10:43,20540.36,0,0,0,0,0,0
BSEPBI.BSE_IDX,01/07/2025,11:10:51,20538.02,0,0,0,0,0,0
BSEPBI.BSE_IDX,01/07/2025,11:10:59,20536.38,0,0,0,0,0,0
BSEPBI.BSE_IDX,01/07/2025,11:11:07,20535.87,0,0,0,0,0,0
BSEPBI.BSE_IDX,01/07/2025,11:11:15,20533.87,0,0,0,0,0,0
BSEPBI.BSE_IDX,01/07/2025,11:11:23,20533.9,0,0,0,0,0,0
BSEPBI.BSE_IDX,01/07/2025,11:11:31,20532.98,0,0,0,0,0,0
BSEPBI.BSE_IDX,01/07/2025,11:11:39,20530.07,0,0,0,0,0,0
BSEPBI.BSE_IDX,01/07/2025,11:11:47,20526.9,0,0,0,0,0,0
BSEPBI.BSE_IDX,01/07/2025,11:11:55,20530.01,0,0,0,0,0,0
BSEPBI.BSE_IDX,01/07/2025,11:12:03,20531.16,0,0,0,0,0,0
BSEPBI.BSE_IDX,01/07/2025,11:12:11,20530.35,0,0,0,0,0,0
BSEPBI.BSE_IDX,01/07/2025,11:12:19,20531.02,0,0,0,0,0,0
BSEPBI.BSE_IDX,01/07/2025,11:12:27,20531.44,0,0,0,0,0,0
BSEPBI.BSE_IDX,01/07/2025,11:12:35,20534.2,0,0,0,0,0,0
BSEPBI.BSE_IDX,01/07/2025,11:12:43,20532.3,0,0,0,0,0,0
BSEPBI.BSE_IDX,01/07/2025,11:12:51,20531.1,0,0,0,0,0,0
BSEPBI.BSE_IDX,01/07/2025,11:12:59,20534.94,0,0,0,0,0,0
BSEPBI.BSE_IDX,01/07/2025,11:13:07,20535.1,0,0,0,0,0,0
BSEPBI.BSE_IDX,01/07/2025,11:13:16,20534.37,0,0,0,0,0,0
BSEPBI.BSE_IDX,01/07/2025,11:13:23,20533.84,0,0,0,0,0,0
BSEPBI.BSE_IDX,01/07/2025,11:13:31,20532.98,0,0,0,0,0,0
BSEPBI.BSE_IDX,01/07/2025,11:13:39,20534.52,0,0,0,0,0,0
BSEPBI.BSE_IDX,01/07/2025,11:13:47,20536.07,0,0,0,0,0,0
BSEPBI.BSE_IDX,01/07/2025,11:13:55,20536.62,0,0,0,0,0,0
BSEPBI.BSE_IDX,01/07/2025,11:14:03,20537.04,0,0,0,0,0,0
BSEPBI.BSE_IDX,01/07/2025,11:14:11,20531.25,0,0,0,0,0,0
BSEPBI.BSE_IDX,01/07/2025,11:14:19,20531.92,0,0,0,0,0,0
BSEPBI.BSE_IDX,01/07/2025,11:14:27,20534.21,0,0,0,0,0,0
BSEPBI.BSE_IDX,01/07/2025,11:14:35,20535.9,0,0,0,0,0,0
BSEPBI.BSE_IDX,01/07/2025,11:14:43,20536.69,0,0,0,0,0,0
BSEPBI.BSE_IDX,01/07/2025,11:14:51,20538.69,0,0,0,0,0,0
BSEPBI.BSE_IDX,01/07/2025,11:14:59,20535.5,0,0,0,0,0,0
BSEPBI.BSE_IDX,01/07/2025,11:15:07,20533.62,0,0,0,0,0,0
BSEPBI.BSE_IDX,01/07/2025,11:15:15,20535.01,0,0,0,0,0,0
BSEPBI.BSE_IDX,01/07/2025,11:15:23,20536.93,0,0,0,0,0,0
BSEPBI.BSE_IDX,01/07/2025,11:15:31,20536.17,0,0,0,0,0,0
BSEPBI.BSE_IDX,01/07/2025,11:15:39,20536.84,0,0,0,0,0,0
BSEPBI.BSE_IDX,01/07/2025,11:15:47,20535.64,0,0,0,0,0,0
BSEPBI.BSE_IDX,01/07/2025,11:15:56,20537.35,0,0,0,0,0,0
BSEPBI.BSE_IDX,01/07/2025,11:16:03,20534.64,0,0,0,0,0,0
BSEPBI.BSE_IDX,01/07/2025,11:16:11,20537.4,0,0,0,0,0,0
BSEPBI.BSE_IDX,01/07/2025,11:16:19,20536.73,0,0,0,0,0,0
BSEPBI.BSE_IDX,01/07/2025,11:16:27,20533.64,0,0,0,0,0,0
BSEPBI.BSE_IDX,01/07/2025,11:16:35,20533.52,0,0,0,0,0,0
BSEPBI.BSE_IDX,01/07/2025,11:16:43,20532.9,0,0,0,0,0,0
BSEPBI.BSE_IDX,01/07/2025,11:16:51,20531.22,0,0,0,0,0,0
BSEPBI.BSE_IDX,01/07/2025,11:16:59,20533.85,0,0,0,0,0,0
BSEPBI.BSE_IDX,01/07/2025,11:17:07,20535.13,0,0,0,0,0,0
BSEPBI.BSE_IDX,01/07/2025,11:17:15,20534.63,0,0,0,0,0,0
BSEPBI.BSE_IDX,01/07/2025,11:17:23,20534.7,0,0,0,0,0,0
BSEPBI.BSE_IDX,01/07/2025,11:17:31,20534.82,0,0,0,0,0,0
BSEPBI.BSE_IDX,01/07/2025,11:17:39,20537.24,0,0,0,0,0,0
BSEPBI.BSE_IDX,01/07/2025,11:17:47,20541.62,0,0,0,0,0,0
BSEPBI.BSE_IDX,01/07/2025,11:17:57,20542.24,0,0,0,0,0,0
BSEPBI.BSE_IDX,01/07/2025,11:18:03,20542.76,0,0,0,0,0,0
BSEPBI.BSE_IDX,01/07/2025,11:18:11,20542.48,0,0,0,0,0,0
BSEPBI.BSE_IDX,01/07/2025,11:18:19,20540.47,0,0,0,0,0,0
BSEPBI.BSE_IDX,01/07/2025,11:18:27,20538.84,0,0,0,0,0,0
BSEPBI.BSE_IDX,01/07/2025,11:18:35,20542.36,0,0,0,0,0,0
BSEPBI.BSE_IDX,01/07/2025,11:18:44,20541.64,0,0,0,0,0,0
BSEPBI.BSE_IDX,01/07/2025,11:18:51,20542.89,0,0,0,0,0,0
BSEPBI.BSE_IDX,01/07/2025,11:18:59,20542.01,0,0,0,0,0,0
BSEPBI.BSE_IDX,01/07/2025,11:19:08,20542.41,0,0,0,0,0,0
BSEPBI.BSE_IDX,01/07/2025,11:19:15,20542.87,0,0,0,0,0,0
BSEPBI.BSE_IDX,01/07/2025,11:19:23,20539.65,0,0,0,0,0,0
BSEPBI.BSE_IDX,01/07/2025,11:19:31,20537.97,0,0,0,0,0,0
BSEPBI.BSE_IDX,01/07/2025,11:19:39,20538.06,0,0,0,0,0,0
BSEPBI.BSE_IDX,01/07/2025,11:19:47,20539.91,0,0,0,0,0,0
BSEPBI.BSE_IDX,01/07/2025,11:19:55,20535.89,0,0,0,0,0,0
BSEPBI.BSE_IDX,01/07/2025,11:20:03,20535.88,0,0,0,0,0,0
BSEPBI.BSE_IDX,01/07/2025,11:20:11,20537.54,0,0,0,0,0,0
BSEPBI.BSE_IDX,01/07/2025,11:20:19,20538.73,0,0,0,0,0,0
BSEPBI.BSE_IDX,01/07/2025,11:20:27,20539.99,0,0,0,0,0,0
BSEPBI.BSE_IDX,01/07/2025,11:20:35,20541.35,0,0,0,0,0,0
BSEPBI.BSE_IDX,01/07/2025,11:20:43,20540.54,0,0,0,0,0,0
BSEPBI.BSE_IDX,01/07/2025,11:20:51,20539.72,0,0,0,0,0,0
BSEPBI.BSE_IDX,01/07/2025,11:20:59,20539.93,0,0,0,0,0,0
BSEPBI.BSE_IDX,01/07/2025,11:21:07,20541.03,0,0,0,0,0,0
BSEPBI.BSE_IDX,01/07/2025,11:21:15,20541.75,0,0,0,0,0,0
BSEPBI.BSE_IDX,01/07/2025,11:21:24,20543.28,0,0,0,0,0,0
BSEPBI.BSE_IDX,01/07/2025,11:21:31,20545.81,0,0,0,0,0,0
BSEPBI.BSE_IDX,01/07/2025,11:21:39,20545.28,0,0,0,0,0,0
BSEPBI.BSE_IDX,01/07/2025,11:21:47,20545.28,0,0,0,0,0,0
BSEPBI.BSE_IDX,01/07/2025,11:21:56,20545.21,0,0,0,0,0,0
BSEPBI.BSE_IDX,01/07/2025,11:22:03,20544.53,0,0,0,0,0,0
BSEPBI.BSE_IDX,01/07/2025,11:22:11,20542.55,0,0,0,0,0,0
BSEPBI.BSE_IDX,01/07/2025,11:22:19,20542.26,0,0,0,0,0,0
BSEPBI.BSE_IDX,01/07/2025,11:22:28,20542.78,0,0,0,0,0,0
BSEPBI.BSE_IDX,01/07/2025,11:22:35,20542.78,0,0,0,0,0,0
BSEPBI.BSE_IDX,01/07/2025,11:22:43,20544.23,0,0,0,0,0,0
BSEPBI.BSE_IDX,01/07/2025,11:22:51,20543.44,0,0,0,0,0,0
BSEPBI.BSE_IDX,01/07/2025,11:22:59,20544.22,0,0,0,0,0,0
BSEPBI.BSE_IDX,01/07/2025,11:23:07,20543.7,0,0,0,0,0,0
BSEPBI.BSE_IDX,01/07/2025,11:23:15,20543.37,0,0,0,0,0,0
BSEPBI.BSE_IDX,01/07/2025,11:23:23,20543.02,0,0,0,0,0,0
BSEPBI.BSE_IDX,01/07/2025,11:23:31,20542.84,0,0,0,0,0,0
BSEPBI.BSE_IDX,01/07/2025,11:23:39,20543.04,0,0,0,0,0,0
BSEPBI.BSE_IDX,01/07/2025,11:23:47,20542.17,0,0,0,0,0,0
BSEPBI.BSE_IDX,01/07/2025,11:23:55,20542.04,0,0,0,0,0,0
BSEPBI.BSE_IDX,01/07/2025,11:24:04,20543.09,0,0,0,0,0,0
BSEPBI.BSE_IDX,01/07/2025,11:24:11,20543.08,0,0,0,0,0,0
BSEPBI.BSE_IDX,01/07/2025,11:24:19,20540.63,0,0,0,0,0,0
BSEPBI.BSE_IDX,01/07/2025,11:24:27,20541.01,0,0,0,0,0,0
BSEPBI.BSE_IDX,01/07/2025,11:24:35,20541,0,0,0,0,0,0
BSEPBI.BSE_IDX,01/07/2025,11:24:43,20540.36,0,0,0,0,0,0
BSEPBI.BSE_IDX,01/07/2025,11:24:52,20538.7,0,0,0,0,0,0
BSEPBI.BSE_IDX,01/07/2025,11:25:00,20538.24,0,0,0,0,0,0
BSEPBI.BSE_IDX,01/07/2025,11:25:07,20540.68,0,0,0,0,0,0
BSEPBI.BSE_IDX,01/07/2025,11:25:15,20543.96,0,0,0,0,0,0
BSEPBI.BSE_IDX,01/07/2025,11:25:23,20543.51,0,0,0,0,0,0
BSEPBI.BSE_IDX,01/07/2025,11:25:31,20541.88,0,0,0,0,0,0
BSEPBI.BSE_IDX,01/07/2025,11:25:41,20543.99,0,0,0,0,0,0
BSEPBI.BSE_IDX,01/07/2025,11:25:47,20542.31,0,0,0,0,0,0
BSEPBI.BSE_IDX,01/07/2025,11:25:55,20540.64,0,0,0,0,0,0
BSEPBI.BSE_IDX,01/07/2025,11:26:03,20540.21,0,0,0,0,0,0
BSEPBI.BSE_IDX,01/07/2025,11:26:11,20539.59,0,0,0,0,0,0
BSEPBI.BSE_IDX,01/07/2025,11:26:19,20539.29,0,0,0,0,0,0
BSEPBI.BSE_IDX,01/07/2025,11:26:27,20539.61,0,0,0,0,0,0
BSEPBI.BSE_IDX,01/07/2025,11:26:35,20539.25,0,0,0,0,0,0
BSEPBI.BSE_IDX,01/07/2025,11:26:43,20537.37,0,0,0,0,0,0
BSEPBI.BSE_IDX,01/07/2025,11:26:51,20535.46,0,0,0,0,0,0
BSEPBI.BSE_IDX,01/07/2025,11:26:59,20536.57,0,0,0,0,0,0
BSEPBI.BSE_IDX,01/07/2025,11:27:07,20535.69,0,0,0,0,0,0
BSEPBI.BSE_IDX,01/07/2025,11:27:15,20535.35,0,0,0,0,0,0
BSEPBI.BSE_IDX,01/07/2025,11:27:23,20537.44,0,0,0,0,0,0
BSEPBI.BSE_IDX,01/07/2025,11:27:31,20535.35,0,0,0,0,0,0
BSEPBI.BSE_IDX,01/07/2025,11:27:39,20538.26,0,0,0,0,0,0
BSEPBI.BSE_IDX,01/07/2025,11:27:47,20539.35,0,0,0,0,0,0
BSEPBI.BSE_IDX,01/07/2025,11:27:55,20541.31,0,0,0,0,0,0
BSEPBI.BSE_IDX,01/07/2025,11:28:03,20540.89,0,0,0,0,0,0
BSEPBI.BSE_IDX,01/07/2025,11:28:11,20537.93,0,0,0,0,0,0
BSEPBI.BSE_IDX,01/07/2025,11:28:19,20537.1,0,0,0,0,0,0
BSEPBI.BSE_IDX,01/07/2025,11:28:27,20537.87,0,0,0,0,0,0
BSEPBI.BSE_IDX,01/07/2025,11:28:36,20539.03,0,0,0,0,0,0
BSEPBI.BSE_IDX,01/07/2025,11:28:43,20541.85,0,0,0,0,0,0
BSEPBI.BSE_IDX,01/07/2025,11:28:51,20542.3,0,0,0,0,0,0
BSEPBI.BSE_IDX,01/07/2025,11:28:59,20542.76,0,0,0,0,0,0
BSEPBI.BSE_IDX,01/07/2025,11:29:07,20538.87,0,0,0,0,0,0
BSEPBI.BSE_IDX,01/07/2025,11:29:16,20539.75,0,0,0,0,0,0
BSEPBI.BSE_IDX,01/07/2025,11:29:24,20541.03,0,0,0,0,0,0
BSEPBI.BSE_IDX,01/07/2025,11:29:31,20541.09,0,0,0,0,0,0
BSEPBI.BSE_IDX,01/07/2025,11:29:39,20543.23,0,0,0,0,0,0
BSEPBI.BSE_IDX,01/07/2025,11:29:47,20543.59,0,0,0,0,0,0
BSEPBI.BSE_IDX,01/07/2025,11:29:55,20545.74,0,0,0,0,0,0
BSEPBI.BSE_IDX,01/07/2025,11:30:03,20551.41,0,0,0,0,0,0
BSEPBI.BSE_IDX,01/07/2025,11:30:11,20549.9,0,0,0,0,0,0
BSEPBI.BSE_IDX,01/07/2025,11:30:19,20551.03,0,0,0,0,0,0
BSEPBI.BSE_IDX,01/07/2025,11:30:27,20551.42,0,0,0,0,0,0
BSEPBI.BSE_IDX,01/07/2025,11:30:35,20551.68,0,0,0,0,0,0
BSEPBI.BSE_IDX,01/07/2025,11:30:43,20553.52,0,0,0,0,0,0
BSEPBI.BSE_IDX,01/07/2025,11:30:52,20552.99,0,0,0,0,0,0
BSEPBI.BSE_IDX,01/07/2025,11:30:59,20553.48,0,0,0,0,0,0
BSEPBI.BSE_IDX,01/07/2025,11:31:07,20552.47,0,0,0,0,0,0
BSEPBI.BSE_IDX,01/07/2025,11:31:16,20553.8,0,0,0,0,0,0
BSEPBI.BSE_IDX,01/07/2025,11:31:23,20553.29,0,0,0,0,0,0
BSEPBI.BSE_IDX,01/07/2025,11:31:31,20548.73,0,0,0,0,0,0
BSEPBI.BSE_IDX,01/07/2025,11:31:39,20548.64,0,0,0,0,0,0
BSEPBI.BSE_IDX,01/07/2025,11:31:47,20551.25,0,0,0,0,0,0
BSEPBI.BSE_IDX,01/07/2025,11:31:55,20552.01,0,0,0,0,0,0
BSEPBI.BSE_IDX,01/07/2025,11:32:04,20549.36,0,0,0,0,0,0
BSEPBI.BSE_IDX,01/07/2025,11:32:11,20548.27,0,0,0,0,0,0
BSEPBI.BSE_IDX,01/07/2025,11:32:19,20550.43,0,0,0,0,0,0
BSEPBI.BSE_IDX,01/07/2025,11:32:27,20549.67,0,0,0,0,0,0
BSEPBI.BSE_IDX,01/07/2025,11:32:35,20550.41,0,0,0,0,0,0
BSEPBI.BSE_IDX,01/07/2025,11:32:43,20551.58,0,0,0,0,0,0
BSEPBI.BSE_IDX,01/07/2025,11:32:51,20551.67,0,0,0,0,0,0
BSEPBI.BSE_IDX,01/07/2025,11:32:59,20552.68,0,0,0,0,0,0
BSEPBI.BSE_IDX,01/07/2025,11:33:07,20552,0,0,0,0,0,0
BSEPBI.BSE_IDX,01/07/2025,11:33:15,20549.79,0,0,0,0,0,0
BSEPBI.BSE_IDX,01/07/2025,11:33:23,20551.2,0,0,0,0,0,0
BSEPBI.BSE_IDX,01/07/2025,11:33:31,20549.83,0,0,0,0,0,0
BSEPBI.BSE_IDX,01/07/2025,11:33:39,20552.36,0,0,0,0,0,0
BSEPBI.BSE_IDX,01/07/2025,11:33:47,20550.29,0,0,0,0,0,0
BSEPBI.BSE_IDX,01/07/2025,11:33:55,20550.28,0,0,0,0,0,0
BSEPBI.BSE_IDX,01/07/2025,11:34:03,20548.84,0,0,0,0,0,0
BSEPBI.BSE_IDX,01/07/2025,11:34:12,20547.08,0,0,0,0,0,0
BSEPBI.BSE_IDX,01/07/2025,11:34:19,20547.86,0,0,0,0,0,0
BSEPBI.BSE_IDX,01/07/2025,11:34:27,20545.69,0,0,0,0,0,0
BSEPBI.BSE_IDX,01/07/2025,11:34:35,20544.66,0,0,0,0,0,0
BSEPBI.BSE_IDX,01/07/2025,11:34:43,20545.54,0,0,0,0,0,0
BSEPBI.BSE_IDX,01/07/2025,11:34:52,20544.72,0,0,0,0,0,0
BSEPBI.BSE_IDX,01/07/2025,11:35:00,20544.81,0,0,0,0,0,0
BSEPBI.BSE_IDX,01/07/2025,11:35:07,20544.61,0,0,0,0,0,0
BSEPBI.BSE_IDX,01/07/2025,11:35:16,20544.27,0,0,0,0,0,0
BSEPBI.BSE_IDX,01/07/2025,11:35:23,20550.01,0,0,0,0,0,0
BSEPBI.BSE_IDX,01/07/2025,11:35:32,20548.72,0,0,0,0,0,0
BSEPBI.BSE_IDX,01/07/2025,11:35:40,20547.1,0,0,0,0,0,0
BSEPBI.BSE_IDX,01/07/2025,11:35:47,20545.92,0,0,0,0,0,0
BSEPBI.BSE_IDX,01/07/2025,11:35:55,20545.58,0,0,0,0,0,0
BSEPBI.BSE_IDX,01/07/2025,11:36:04,20546.53,0,0,0,0,0,0
BSEPBI.BSE_IDX,01/07/2025,11:36:11,20548.38,0,0,0,0,0,0
BSEPBI.BSE_IDX,01/07/2025,11:36:20,20547.83,0,0,0,0,0,0
BSEPBI.BSE_IDX,01/07/2025,11:36:28,20546.52,0,0,0,0,0,0
BSEPBI.BSE_IDX,01/07/2025,11:36:35,20546.75,0,0,0,0,0,0
BSEPBI.BSE_IDX,01/07/2025,11:36:44,20548.22,0,0,0,0,0,0
BSEPBI.BSE_IDX,01/07/2025,11:36:54,20550.81,0,0,0,0,0,0
BSEPBI.BSE_IDX,01/07/2025,11:36:59,20550.95,0,0,0,0,0,0
BSEPBI.BSE_IDX,01/07/2025,11:37:08,20551.55,0,0,0,0,0,0
BSEPBI.BSE_IDX,01/07/2025,11:37:15,20551.56,0,0,0,0,0,0
BSEPBI.BSE_IDX,01/07/2025,11:37:23,20552.78,0,0,0,0,0,0
BSEPBI.BSE_IDX,01/07/2025,11:37:32,20553.26,0,0,0,0,0,0
BSEPBI.BSE_IDX,01/07/2025,11:37:41,20552.77,0,0,0,0,0,0
BSEPBI.BSE_IDX,01/07/2025,11:37:47,20552.48,0,0,0,0,0,0
BSEPBI.BSE_IDX,01/07/2025,11:37:55,20554.5,0,0,0,0,0,0
BSEPBI.BSE_IDX,01/07/2025,11:38:03,20555.55,0,0,0,0,0,0
BSEPBI.BSE_IDX,01/07/2025,11:38:11,20553.15,0,0,0,0,0,0
BSEPBI.BSE_IDX,01/07/2025,11:38:20,20554.46,0,0,0,0,0,0
BSEPBI.BSE_IDX,01/07/2025,11:38:27,20553.17,0,0,0,0,0,0
BSEPBI.BSE_IDX,01/07/2025,11:38:35,20553.72,0,0,0,0,0,0
BSEPBI.BSE_IDX,01/07/2025,11:38:43,20554.67,0,0,0,0,0,0
BSEPBI.BSE_IDX,01/07/2025,11:38:51,20554.1,0,0,0,0,0,0
BSEPBI.BSE_IDX,01/07/2025,11:38:59,20551.27,0,0,0,0,0,0
BSEPBI.BSE_IDX,01/07/2025,11:39:07,20551.89,0,0,0,0,0,0
BSEPBI.BSE_IDX,01/07/2025,11:39:16,20552.58,0,0,0,0,0,0
BSEPBI.BSE_IDX,01/07/2025,11:39:24,20553.98,0,0,0,0,0,0
BSEPBI.BSE_IDX,01/07/2025,11:39:31,20554.67,0,0,0,0,0,0
BSEPBI.BSE_IDX,01/07/2025,11:39:39,20552.76,0,0,0,0,0,0
BSEPBI.BSE_IDX,01/07/2025,11:39:48,20553.76,0,0,0,0,0,0
BSEPBI.BSE_IDX,01/07/2025,11:39:55,20554.48,0,0,0,0,0,0
BSEPBI.BSE_IDX,01/07/2025,11:40:03,20556.22,0,0,0,0,0,0
BSEPBI.BSE_IDX,01/07/2025,11:40:12,20556.18,0,0,0,0,0,0
BSEPBI.BSE_IDX,01/07/2025,11:40:20,20556.5,0,0,0,0,0,0
BSEPBI.BSE_IDX,01/07/2025,11:40:28,20557.29,0,0,0,0,0,0
BSEPBI.BSE_IDX,01/07/2025,11:40:36,20555.56,0,0,0,0,0,0
BSEPBI.BSE_IDX,01/07/2025,11:40:44,20557.53,0,0,0,0,0,0
BSEPBI.BSE_IDX,01/07/2025,11:40:52,20553.68,0,0,0,0,0,0
BSEPBI.BSE_IDX,01/07/2025,11:41:00,20553.09,0,0,0,0,0,0
BSEPBI.BSE_IDX,01/07/2025,11:41:07,20554.39,0,0,0,0,0,0
BSEPBI.BSE_IDX,01/07/2025,11:41:16,20553.96,0,0,0,0,0,0
BSEPBI.BSE_IDX,01/07/2025,11:41:24,20554.86,0,0,0,0,0,0
BSEPBI.BSE_IDX,01/07/2025,11:41:32,20554.1,0,0,0,0,0,0
BSEPBI.BSE_IDX,01/07/2025,11:41:40,20555.81,0,0,0,0,0,0
BSEPBI.BSE_IDX,01/07/2025,11:41:48,20553.42,0,0,0,0,0,0
BSEPBI.BSE_IDX,01/07/2025,11:41:56,20549.76,0,0,0,0,0,0
BSEPBI.BSE_IDX,01/07/2025,11:42:04,20553.03,0,0,0,0,0,0
BSEPBI.BSE_IDX,01/07/2025,11:42:12,20552.68,0,0,0,0,0,0
BSEPBI.BSE_IDX,01/07/2025,11:42:20,20554.51,0,0,0,0,0,0
BSEPBI.BSE_IDX,01/07/2025,11:42:28,20555.51,0,0,0,0,0,0
BSEPBI.BSE_IDX,01/07/2025,11:42:36,20559.91,0,0,0,0,0,0
BSEPBI.BSE_IDX,01/07/2025,11:42:44,20559.35,0,0,0,0,0,0
BSEPBI.BSE_IDX,01/07/2025,11:42:52,20560.72,0,0,0,0,0,0
BSEPBI.BSE_IDX,01/07/2025,11:43:00,20560.24,0,0,0,0,0,0
BSEPBI.BSE_IDX,01/07/2025,11:43:08,20558.03,0,0,0,0,0,0
BSEPBI.BSE_IDX,01/07/2025,11:43:16,20558.72,0,0,0,0,0,0
BSEPBI.BSE_IDX,01/07/2025,11:43:24,20565,0,0,0,0,0,0
BSEPBI.BSE_IDX,01/07/2025,11:43:32,20566.19,0,0,0,0,0,0
BSEPBI.BSE_IDX,01/07/2025,11:43:40,20564.42,0,0,0,0,0,0
BSEPBI.BSE_IDX,01/07/2025,11:43:48,20563.28,0,0,0,0,0,0
BSEPBI.BSE_IDX,01/07/2025,11:43:56,20562.85,0,0,0,0,0,0
BSEPBI.BSE_IDX,01/07/2025,11:44:04,20563.08,0,0,0,0,0,0
BSEPBI.BSE_IDX,01/07/2025,11:44:12,20563.74,0,0,0,0,0,0
BSEPBI.BSE_IDX,01/07/2025,11:44:20,20564.82,0,0,0,0,0,0
BSEPBI.BSE_IDX,01/07/2025,11:44:28,20558.62,0,0,0,0,0,0
BSEPBI.BSE_IDX,01/07/2025,11:44:36,20554.5,0,0,0,0,0,0
BSEPBI.BSE_IDX,01/07/2025,11:44:44,20553.36,0,0,0,0,0,0
BSEPBI.BSE_IDX,01/07/2025,11:44:52,20550.69,0,0,0,0,0,0
BSEPBI.BSE_IDX,01/07/2025,11:45:00,20553.75,0,0,0,0,0,0
BSEPBI.BSE_IDX,01/07/2025,11:45:08,20556.22,0,0,0,0,0,0
BSEPBI.BSE_IDX,01/07/2025,11:45:16,20557.33,0,0,0,0,0,0
BSEPBI.BSE_IDX,01/07/2025,11:45:24,20557.72,0,0,0,0,0,0
BSEPBI.BSE_IDX,01/07/2025,11:45:32,20557.81,0,0,0,0,0,0
BSEPBI.BSE_IDX,01/07/2025,11:45:40,20559.52,0,0,0,0,0,0
BSEPBI.BSE_IDX,01/07/2025,11:45:48,20563.97,0,0,0,0,0,0
BSEPBI.BSE_IDX,01/07/2025,11:45:56,20567.21,0,0,0,0,0,0
BSEPBI.BSE_IDX,01/07/2025,11:46:04,20569.37,0,0,0,0,0,0
BSEPBI.BSE_IDX,01/07/2025,11:46:12,20572.1,0,0,0,0,0,0
BSEPBI.BSE_IDX,01/07/2025,11:46:20,20567.63,0,0,0,0,0,0
BSEPBI.BSE_IDX,01/07/2025,11:46:28,20565.8,0,0,0,0,0,0
BSEPBI.BSE_IDX,01/07/2025,11:46:36,20566.85,0,0,0,0,0,0
BSEPBI.BSE_IDX,01/07/2025,11:46:44,20566.38,0,0,0,0,0,0
BSEPBI.BSE_IDX,01/07/2025,11:46:52,20571.82,0,0,0,0,0,0
BSEPBI.BSE_IDX,01/07/2025,11:47:00,20573.95,0,0,0,0,0,0
BSEPBI.BSE_IDX,01/07/2025,11:47:08,20573.27,0,0,0,0,0,0
BSEPBI.BSE_IDX,01/07/2025,11:47:16,20569.49,0,0,0,0,0,0
BSEPBI.BSE_IDX,01/07/2025,11:47:24,20571.11,0,0,0,0,0,0
BSEPBI.BSE_IDX,01/07/2025,11:47:32,20573.03,0,0,0,0,0,0
BSEPBI.BSE_IDX,01/07/2025,11:47:40,20572.82,0,0,0,0,0,0
BSEPBI.BSE_IDX,01/07/2025,11:47:48,20571.41,0,0,0,0,0,0
BSEPBI.BSE_IDX,01/07/2025,11:47:56,20565.86,0,0,0,0,0,0
BSEPBI.BSE_IDX,01/07/2025,11:48:04,20566,0,0,0,0,0,0
BSEPBI.BSE_IDX,01/07/2025,11:48:12,20566.43,0,0,0,0,0,0
BSEPBI.BSE_IDX,01/07/2025,11:48:20,20568.65,0,0,0,0,0,0
BSEPBI.BSE_IDX,01/07/2025,11:48:28,20569.35,0,0,0,0,0,0
BSEPBI.BSE_IDX,01/07/2025,11:48:36,20571.57,0,0,0,0,0,0
BSEPBI.BSE_IDX,01/07/2025,11:48:44,20572.08,0,0,0,0,0,0
BSEPBI.BSE_IDX,01/07/2025,11:48:52,20572.44,0,0,0,0,0,0
BSEPBI.BSE_IDX,01/07/2025,11:49:01,20572.24,0,0,0,0,0,0
BSEPBI.BSE_IDX,01/07/2025,11:49:09,20573.14,0,0,0,0,0,0
BSEPBI.BSE_IDX,01/07/2025,11:49:16,20573.83,0,0,0,0,0,0
BSEPBI.BSE_IDX,01/07/2025,11:49:24,20572.06,0,0,0,0,0,0
BSEPBI.BSE_IDX,01/07/2025,11:49:32,20572.85,0,0,0,0,0,0
BSEPBI.BSE_IDX,01/07/2025,11:49:40,20573.35,0,0,0,0,0,0
BSEPBI.BSE_IDX,01/07/2025,11:49:49,20569.89,0,0,0,0,0,0
BSEPBI.BSE_IDX,01/07/2025,11:49:56,20572.59,0,0,0,0,0,0
BSEPBI.BSE_IDX,01/07/2025,11:50:04,20571.59,0,0,0,0,0,0
BSEPBI.BSE_IDX,01/07/2025,11:50:12,20571.77,0,0,0,0,0,0
BSEPBI.BSE_IDX,01/07/2025,11:50:20,20571.71,0,0,0,0,0,0
BSEPBI.BSE_IDX,01/07/2025,11:50:28,20573.13,0,0,0,0,0,0
BSEPBI.BSE_IDX,01/07/2025,11:50:36,20573.6,0,0,0,0,0,0
BSEPBI.BSE_IDX,01/07/2025,11:50:44,20575.6,0,0,0,0,0,0
BSEPBI.BSE_IDX,01/07/2025,11:50:52,20574.34,0,0,0,0,0,0
BSEPBI.BSE_IDX,01/07/2025,11:51:00,20573.18,0,0,0,0,0,0
BSEPBI.BSE_IDX,01/07/2025,11:51:08,20575.56,0,0,0,0,0,0
BSEPBI.BSE_IDX,01/07/2025,11:51:16,20577.41,0,0,0,0,0,0
BSEPBI.BSE_IDX,01/07/2025,11:51:24,20573.31,0,0,0,0,0,0
BSEPBI.BSE_IDX,01/07/2025,11:51:32,20573.98,0,0,0,0,0,0
BSEPBI.BSE_IDX,01/07/2025,11:51:40,20577.57,0,0,0,0,0,0
BSEPBI.BSE_IDX,01/07/2025,11:51:48,20576.2,0,0,0,0,0,0
BSEPBI.BSE_IDX,01/07/2025,11:51:56,20576.72,0,0,0,0,0,0
BSEPBI.BSE_IDX,01/07/2025,11:52:04,20574.22,0,0,0,0,0,0
BSEPBI.BSE_IDX,01/07/2025,11:52:12,20570.86,0,0,0,0,0,0
BSEPBI.BSE_IDX,01/07/2025,11:52:20,20571.6,0,0,0,0,0,0
BSEPBI.BSE_IDX,01/07/2025,11:52:28,20573.55,0,0,0,0,0,0
BSEPBI.BSE_IDX,01/07/2025,11:52:36,20572.26,0,0,0,0,0,0
BSEPBI.BSE_IDX,01/07/2025,11:52:44,20572.15,0,0,0,0,0,0
BSEPBI.BSE_IDX,01/07/2025,11:52:52,20571.98,0,0,0,0,0,0
BSEPBI.BSE_IDX,01/07/2025,11:53:00,20572.64,0,0,0,0,0,0
BSEPBI.BSE_IDX,01/07/2025,11:53:08,20571.45,0,0,0,0,0,0
BSEPBI.BSE_IDX,01/07/2025,11:53:16,20570.96,0,0,0,0,0,0
BSEPBI.BSE_IDX,01/07/2025,11:53:24,20571.22,0,0,0,0,0,0
BSEPBI.BSE_IDX,01/07/2025,11:53:32,20571.17,0,0,0,0,0,0
BSEPBI.BSE_IDX,01/07/2025,11:53:40,20572.51,0,0,0,0,0,0
BSEPBI.BSE_IDX,01/07/2025,11:53:48,20572.04,0,0,0,0,0,0
BSEPBI.BSE_IDX,01/07/2025,11:53:56,20573.11,0,0,0,0,0,0
BSEPBI.BSE_IDX,01/07/2025,11:54:04,20573.78,0,0,0,0,0,0
BSEPBI.BSE_IDX,01/07/2025,11:54:12,20571.6,0,0,0,0,0,0
BSEPBI.BSE_IDX,01/07/2025,11:54:20,20571.85,0,0,0,0,0,0
BSEPBI.BSE_IDX,01/07/2025,11:54:28,20572.27,0,0,0,0,0,0
BSEPBI.BSE_IDX,01/07/2025,11:54:36,20572.27,0,0,0,0,0,0
BSEPBI.BSE_IDX,01/07/2025,11:54:44,20572.01,0,0,0,0,0,0
BSEPBI.BSE_IDX,01/07/2025,11:54:52,20572.77,0,0,0,0,0,0
BSEPBI.BSE_IDX,01/07/2025,11:55:00,20572.67,0,0,0,0,0,0
BSEPBI.BSE_IDX,01/07/2025,11:55:08,20573.28,0,0,0,0,0,0
BSEPBI.BSE_IDX,01/07/2025,11:55:17,20571.51,0,0,0,0,0,0
BSEPBI.BSE_IDX,01/07/2025,11:55:24,20572.01,0,0,0,0,0,0
BSEPBI.BSE_IDX,01/07/2025,11:55:32,20571.6,0,0,0,0,0,0
BSEPBI.BSE_IDX,01/07/2025,11:55:40,20572.93,0,0,0,0,0,0
BSEPBI.BSE_IDX,01/07/2025,11:55:48,20574.29,0,0,0,0,0,0
BSEPBI.BSE_IDX,01/07/2025,11:55:56,20573.34,0,0,0,0,0,0
BSEPBI.BSE_IDX,01/07/2025,11:56:05,20573.17,0,0,0,0,0,0
BSEPBI.BSE_IDX,01/07/2025,11:56:12,20570.53,0,0,0,0,0,0
BSEPBI.BSE_IDX,01/07/2025,11:56:20,20568.45,0,0,0,0,0,0
BSEPBI.BSE_IDX,01/07/2025,11:56:28,20567.34,0,0,0,0,0,0
BSEPBI.BSE_IDX,01/07/2025,11:56:36,20568.38,0,0,0,0,0,0
BSEPBI.BSE_IDX,01/07/2025,11:56:44,20572.46,0,0,0,0,0,0
BSEPBI.BSE_IDX,01/07/2025,11:56:52,20568.52,0,0,0,0,0,0
BSEPBI.BSE_IDX,01/07/2025,11:57:00,20569.78,0,0,0,0,0,0
BSEPBI.BSE_IDX,01/07/2025,11:57:08,20568.86,0,0,0,0,0,0
BSEPBI.BSE_IDX,01/07/2025,11:57:16,20569.03,0,0,0,0,0,0
BSEPBI.BSE_IDX,01/07/2025,11:57:24,20570.22,0,0,0,0,0,0
BSEPBI.BSE_IDX,01/07/2025,11:57:32,20568.07,0,0,0,0,0,0
BSEPBI.BSE_IDX,01/07/2025,11:57:40,20568.89,0,0,0,0,0,0
BSEPBI.BSE_IDX,01/07/2025,11:57:48,20570.92,0,0,0,0,0,0
BSEPBI.BSE_IDX,01/07/2025,11:57:56,20570.79,0,0,0,0,0,0
BSEPBI.BSE_IDX,01/07/2025,11:58:04,20570.79,0,0,0,0,0,0
BSEPBI.BSE_IDX,01/07/2025,11:58:12,20572.32,0,0,0,0,0,0
BSEPBI.BSE_IDX,01/07/2025,11:58:20,20571.12,0,0,0,0,0,0
BSEPBI.BSE_IDX,01/07/2025,11:58:28,20571.36,0,0,0,0,0,0
BSEPBI.BSE_IDX,01/07/2025,11:58:36,20573.32,0,0,0,0,0,0
BSEPBI.BSE_IDX,01/07/2025,11:58:44,20573.04,0,0,0,0,0,0
BSEPBI.BSE_IDX,01/07/2025,11:58:52,20574.07,0,0,0,0,0,0
BSEPBI.BSE_IDX,01/07/2025,11:59:00,20571.7,0,0,0,0,0,0
BSEPBI.BSE_IDX,01/07/2025,11:59:08,20573.04,0,0,0,0,0,0
BSEPBI.BSE_IDX,01/07/2025,11:59:16,20573.75,0,0,0,0,0,0
BSEPBI.BSE_IDX,01/07/2025,11:59:24,20573.69,0,0,0,0,0,0
BSEPBI.BSE_IDX,01/07/2025,11:59:32,20575.75,0,0,0,0,0,0
BSEPBI.BSE_IDX,01/07/2025,11:59:40,20576.17,0,0,0,0,0,0
BSEPBI.BSE_IDX,01/07/2025,11:59:48,20578.09,0,0,0,0,0,0
BSEPBI.BSE_IDX,01/07/2025,11:59:56,20577.51,0,0,0,0,0,0
BSEPBI.BSE_IDX,01/07/2025,12:00:05,20577.54,0,0,0,0,0,0
BSEPBI.BSE_IDX,01/07/2025,12:00:12,20575.71,0,0,0,0,0,0
BSEPBI.BSE_IDX,01/07/2025,12:00:20,20576.23,0,0,0,0,0,0
BSEPBI.BSE_IDX,01/07/2025,12:00:28,20577.79,0,0,0,0,0,0
BSEPBI.BSE_IDX,01/07/2025,12:00:37,20578.2,0,0,0,0,0,0
BSEPBI.BSE_IDX,01/07/2025,12:00:44,20576.71,0,0,0,0,0,0
BSEPBI.BSE_IDX,01/07/2025,12:00:52,20578.36,0,0,0,0,0,0
BSEPBI.BSE_IDX,01/07/2025,12:01:00,20576.23,0,0,0,0,0,0
BSEPBI.BSE_IDX,01/07/2025,12:01:08,20576.62,0,0,0,0,0,0
BSEPBI.BSE_IDX,01/07/2025,12:01:16,20576.86,0,0,0,0,0,0
BSEPBI.BSE_IDX,01/07/2025,12:01:24,20580.25,0,0,0,0,0,0
BSEPBI.BSE_IDX,01/07/2025,12:01:32,20580.04,0,0,0,0,0,0
BSEPBI.BSE_IDX,01/07/2025,12:01:40,20579.52,0,0,0,0,0,0
BSEPBI.BSE_IDX,01/07/2025,12:01:48,20578.94,0,0,0,0,0,0
BSEPBI.BSE_IDX,01/07/2025,12:01:57,20577.44,0,0,0,0,0,0
BSEPBI.BSE_IDX,01/07/2025,12:02:04,20576.24,0,0,0,0,0,0
BSEPBI.BSE_IDX,01/07/2025,12:02:12,20578.13,0,0,0,0,0,0
BSEPBI.BSE_IDX,01/07/2025,12:02:20,20576.91,0,0,0,0,0,0
BSEPBI.BSE_IDX,01/07/2025,12:02:28,20577.2,0,0,0,0,0,0
BSEPBI.BSE_IDX,01/07/2025,12:02:36,20578.44,0,0,0,0,0,0
BSEPBI.BSE_IDX,01/07/2025,12:02:44,20577.35,0,0,0,0,0,0
BSEPBI.BSE_IDX,01/07/2025,12:02:52,20580.76,0,0,0,0,0,0
BSEPBI.BSE_IDX,01/07/2025,12:03:00,20581.95,0,0,0,0,0,0
BSEPBI.BSE_IDX,01/07/2025,12:03:08,20581.49,0,0,0,0,0,0
BSEPBI.BSE_IDX,01/07/2025,12:03:17,20581.04,0,0,0,0,0,0
BSEPBI.BSE_IDX,01/07/2025,12:03:24,20581.54,0,0,0,0,0,0
BSEPBI.BSE_IDX,01/07/2025,12:03:32,20583.04,0,0,0,0,0,0
BSEPBI.BSE_IDX,01/07/2025,12:03:40,20582.98,0,0,0,0,0,0
BSEPBI.BSE_IDX,01/07/2025,12:03:48,20582.96,0,0,0,0,0,0
BSEPBI.BSE_IDX,01/07/2025,12:03:56,20582.88,0,0,0,0,0,0
BSEPBI.BSE_IDX,01/07/2025,12:04:04,20583.06,0,0,0,0,0,0
BSEPBI.BSE_IDX,01/07/2025,12:04:12,20583.06,0,0,0,0,0,0
BSEPBI.BSE_IDX,01/07/2025,12:04:20,20581.1,0,0,0,0,0,0
BSEPBI.BSE_IDX,01/07/2025,12:04:28,20584.07,0,0,0,0,0,0
BSEPBI.BSE_IDX,01/07/2025,12:04:36,20584.1,0,0,0,0,0,0
BSEPBI.BSE_IDX,01/07/2025,12:04:44,20583.89,0,0,0,0,0,0
BSEPBI.BSE_IDX,01/07/2025,12:04:52,20579.95,0,0,0,0,0,0
BSEPBI.BSE_IDX,01/07/2025,12:05:01,20579.61,0,0,0,0,0,0
BSEPBI.BSE_IDX,01/07/2025,12:05:08,20580.61,0,0,0,0,0,0
BSEPBI.BSE_IDX,01/07/2025,12:05:16,20581.56,0,0,0,0,0,0
BSEPBI.BSE_IDX,01/07/2025,12:05:24,20581.87,0,0,0,0,0,0
BSEPBI.BSE_IDX,01/07/2025,12:05:32,20581.44,0,0,0,0,0,0
BSEPBI.BSE_IDX,01/07/2025,12:05:40,20580.66,0,0,0,0,0,0
BSEPBI.BSE_IDX,01/07/2025,12:05:48,20579.14,0,0,0,0,0,0
BSEPBI.BSE_IDX,01/07/2025,12:05:56,20582.21,0,0,0,0,0,0
BSEPBI.BSE_IDX,01/07/2025,12:06:04,20583.84,0,0,0,0,0,0
BSEPBI.BSE_IDX,01/07/2025,12:06:12,20587.92,0,0,0,0,0,0
BSEPBI.BSE_IDX,01/07/2025,12:06:20,20589.92,0,0,0,0,0,0
BSEPBI.BSE_IDX,01/07/2025,12:06:28,20588.67,0,0,0,0,0,0
BSEPBI.BSE_IDX,01/07/2025,12:06:36,20584.93,0,0,0,0,0,0
BSEPBI.BSE_IDX,01/07/2025,12:06:44,20587.53,0,0,0,0,0,0
BSEPBI.BSE_IDX,01/07/2025,12:06:53,20587.53,0,0,0,0,0,0
BSEPBI.BSE_IDX,01/07/2025,12:07:00,20584.1,0,0,0,0,0,0
BSEPBI.BSE_IDX,01/07/2025,12:07:08,20583.23,0,0,0,0,0,0
BSEPBI.BSE_IDX,01/07/2025,12:07:17,20579.79,0,0,0,0,0,0
BSEPBI.BSE_IDX,01/07/2025,12:07:24,20579.06,0,0,0,0,0,0
BSEPBI.BSE_IDX,01/07/2025,12:07:33,20579.84,0,0,0,0,0,0
BSEPBI.BSE_IDX,01/07/2025,12:07:40,20579.43,0,0,0,0,0,0
BSEPBI.BSE_IDX,01/07/2025,12:07:49,20578.24,0,0,0,0,0,0
BSEPBI.BSE_IDX,01/07/2025,12:07:57,20579.37,0,0,0,0,0,0
BSEPBI.BSE_IDX,01/07/2025,12:08:05,20583.19,0,0,0,0,0,0
BSEPBI.BSE_IDX,01/07/2025,12:08:13,20582.14,0,0,0,0,0,0
BSEPBI.BSE_IDX,01/07/2025,12:08:21,20577.86,0,0,0,0,0,0
BSEPBI.BSE_IDX,01/07/2025,12:08:28,20577.76,0,0,0,0,0,0
BSEPBI.BSE_IDX,01/07/2025,12:08:36,20575.99,0,0,0,0,0,0
BSEPBI.BSE_IDX,01/07/2025,12:08:45,20575.52,0,0,0,0,0,0
BSEPBI.BSE_IDX,01/07/2025,12:08:52,20575.89,0,0,0,0,0,0
BSEPBI.BSE_IDX,01/07/2025,12:09:00,20575.56,0,0,0,0,0,0
BSEPBI.BSE_IDX,01/07/2025,12:09:08,20571.39,0,0,0,0,0,0
BSEPBI.BSE_IDX,01/07/2025,12:09:16,20573.44,0,0,0,0,0,0
BSEPBI.BSE_IDX,01/07/2025,12:09:25,20573.24,0,0,0,0,0,0
BSEPBI.BSE_IDX,01/07/2025,12:09:32,20573.26,0,0,0,0,0,0
BSEPBI.BSE_IDX,01/07/2025,12:09:40,20573.12,0,0,0,0,0,0
BSEPBI.BSE_IDX,01/07/2025,12:09:48,20572.6,0,0,0,0,0,0
BSEPBI.BSE_IDX,01/07/2025,12:09:57,20571.84,0,0,0,0,0,0
BSEPBI.BSE_IDX,01/07/2025,12:10:05,20571.46,0,0,0,0,0,0
BSEPBI.BSE_IDX,01/07/2025,12:10:13,20570.19,0,0,0,0,0,0
BSEPBI.BSE_IDX,01/07/2025,12:10:22,20571.26,0,0,0,0,0,0
BSEPBI.BSE_IDX,01/07/2025,12:10:28,20568.17,0,0,0,0,0,0
BSEPBI.BSE_IDX,01/07/2025,12:10:36,20567.9,0,0,0,0,0,0
BSEPBI.BSE_IDX,01/07/2025,12:10:45,20566.74,0,0,0,0,0,0
BSEPBI.BSE_IDX,01/07/2025,12:10:52,20567.03,0,0,0,0,0,0
BSEPBI.BSE_IDX,01/07/2025,12:11:00,20568.33,0,0,0,0,0,0
BSEPBI.BSE_IDX,01/07/2025,12:11:08,20569.85,0,0,0,0,0,0
BSEPBI.BSE_IDX,01/07/2025,12:11:17,20567.93,0,0,0,0,0,0
BSEPBI.BSE_IDX,01/07/2025,12:11:24,20567.45,0,0,0,0,0,0
BSEPBI.BSE_IDX,01/07/2025,12:11:32,20566.73,0,0,0,0,0,0
BSEPBI.BSE_IDX,01/07/2025,12:11:41,20571.23,0,0,0,0,0,0
BSEPBI.BSE_IDX,01/07/2025,12:11:49,20572.86,0,0,0,0,0,0
BSEPBI.BSE_IDX,01/07/2025,12:11:57,20576.42,0,0,0,0,0,0
BSEPBI.BSE_IDX,01/07/2025,12:12:05,20573.92,0,0,0,0,0,0
BSEPBI.BSE_IDX,01/07/2025,12:12:13,20575.36,0,0,0,0,0,0
BSEPBI.BSE_IDX,01/07/2025,12:12:21,20576.21,0,0,0,0,0,0
BSEPBI.BSE_IDX,01/07/2025,12:12:29,20576.11,0,0,0,0,0,0
BSEPBI.BSE_IDX,01/07/2025,12:12:37,20576.89,0,0,0,0,0,0
BSEPBI.BSE_IDX,01/07/2025,12:12:45,20576.82,0,0,0,0,0,0
BSEPBI.BSE_IDX,01/07/2025,12:12:53,20576.27,0,0,0,0,0,0
BSEPBI.BSE_IDX,01/07/2025,12:13:01,20578.33,0,0,0,0,0,0
BSEPBI.BSE_IDX,01/07/2025,12:13:09,20578.4,0,0,0,0,0,0
BSEPBI.BSE_IDX,01/07/2025,12:13:17,20578.14,0,0,0,0,0,0
BSEPBI.BSE_IDX,01/07/2025,12:13:25,20578.57,0,0,0,0,0,0
BSEPBI.BSE_IDX,01/07/2025,12:13:33,20577.04,0,0,0,0,0,0
BSEPBI.BSE_IDX,01/07/2025,12:13:41,20579.12,0,0,0,0,0,0
BSEPBI.BSE_IDX,01/07/2025,12:13:49,20579.91,0,0,0,0,0,0
BSEPBI.BSE_IDX,01/07/2025,12:13:57,20580.07,0,0,0,0,0,0
BSEPBI.BSE_IDX,01/07/2025,12:14:05,20578.82,0,0,0,0,0,0
BSEPBI.BSE_IDX,01/07/2025,12:14:13,20578.25,0,0,0,0,0,0
BSEPBI.BSE_IDX,01/07/2025,12:14:21,20579.31,0,0,0,0,0,0
BSEPBI.BSE_IDX,01/07/2025,12:14:29,20579.15,0,0,0,0,0,0
BSEPBI.BSE_IDX,01/07/2025,12:14:37,20577.69,0,0,0,0,0,0
BSEPBI.BSE_IDX,01/07/2025,12:14:46,20577.95,0,0,0,0,0,0
BSEPBI.BSE_IDX,01/07/2025,12:14:54,20579.33,0,0,0,0,0,0
BSEPBI.BSE_IDX,01/07/2025,12:15:01,20578.21,0,0,0,0,0,0
BSEPBI.BSE_IDX,01/07/2025,12:15:09,20578.58,0,0,0,0,0,0
BSEPBI.BSE_IDX,01/07/2025,12:15:17,20582.96,0,0,0,0,0,0
BSEPBI.BSE_IDX,01/07/2025,12:15:25,20585.41,0,0,0,0,0,0
BSEPBI.BSE_IDX,01/07/2025,12:15:33,20584.94,0,0,0,0,0,0
BSEPBI.BSE_IDX,01/07/2025,12:15:41,20582.85,0,0,0,0,0,0
BSEPBI.BSE_IDX,01/07/2025,12:15:49,20581.42,0,0,0,0,0,0
BSEPBI.BSE_IDX,01/07/2025,12:15:57,20583.35,0,0,0,0,0,0
BSEPBI.BSE_IDX,01/07/2025,12:16:05,20582.79,0,0,0,0,0,0
BSEPBI.BSE_IDX,01/07/2025,12:16:13,20580.62,0,0,0,0,0,0
BSEPBI.BSE_IDX,01/07/2025,12:16:21,20581.06,0,0,0,0,0,0
BSEPBI.BSE_IDX,01/07/2025,12:16:29,20580.74,0,0,0,0,0,0
BSEPBI.BSE_IDX,01/07/2025,12:16:37,20583.21,0,0,0,0,0,0
BSEPBI.BSE_IDX,01/07/2025,12:16:45,20582.25,0,0,0,0,0,0
BSEPBI.BSE_IDX,01/07/2025,12:16:53,20578.48,0,0,0,0,0,0
BSEPBI.BSE_IDX,01/07/2025,12:17:01,20576.8,0,0,0,0,0,0
BSEPBI.BSE_IDX,01/07/2025,12:17:09,20576.57,0,0,0,0,0,0
BSEPBI.BSE_IDX,01/07/2025,12:17:17,20577.73,0,0,0,0,0,0
BSEPBI.BSE_IDX,01/07/2025,12:17:25,20575.68,0,0,0,0,0,0
BSEPBI.BSE_IDX,01/07/2025,12:17:33,20576.45,0,0,0,0,0,0
BSEPBI.BSE_IDX,01/07/2025,12:17:41,20577.8,0,0,0,0,0,0
BSEPBI.BSE_IDX,01/07/2025,12:17:49,20580.09,0,0,0,0,0,0
BSEPBI.BSE_IDX,01/07/2025,12:17:57,20582.31,0,0,0,0,0,0
BSEPBI.BSE_IDX,01/07/2025,12:18:05,20583.69,0,0,0,0,0,0
BSEPBI.BSE_IDX,01/07/2025,12:18:13,20581.89,0,0,0,0,0,0
BSEPBI.BSE_IDX,01/07/2025,12:18:21,20581.53,0,0,0,0,0,0
BSEPBI.BSE_IDX,01/07/2025,12:18:29,20580.86,0,0,0,0,0,0
BSEPBI.BSE_IDX,01/07/2025,12:18:37,20582.11,0,0,0,0,0,0
BSEPBI.BSE_IDX,01/07/2025,12:18:45,20582.48,0,0,0,0,0,0
BSEPBI.BSE_IDX,01/07/2025,12:18:53,20582.28,0,0,0,0,0,0
BSEPBI.BSE_IDX,01/07/2025,12:19:01,20584.07,0,0,0,0,0,0
BSEPBI.BSE_IDX,01/07/2025,12:19:09,20587.11,0,0,0,0,0,0
BSEPBI.BSE_IDX,01/07/2025,12:19:17,20584.62,0,0,0,0,0,0
BSEPBI.BSE_IDX,01/07/2025,12:19:25,20585.95,0,0,0,0,0,0
BSEPBI.BSE_IDX,01/07/2025,12:19:33,20585.47,0,0,0,0,0,0
BSEPBI.BSE_IDX,01/07/2025,12:19:41,20585.54,0,0,0,0,0,0
BSEPBI.BSE_IDX,01/07/2025,12:19:49,20585.91,0,0,0,0,0,0
BSEPBI.BSE_IDX,01/07/2025,12:19:57,20584.68,0,0,0,0,0,0
BSEPBI.BSE_IDX,01/07/2025,12:20:05,20585.08,0,0,0,0,0,0
BSEPBI.BSE_IDX,01/07/2025,12:20:13,20584.59,0,0,0,0,0,0
BSEPBI.BSE_IDX,01/07/2025,12:20:21,20590.69,0,0,0,0,0,0
BSEPBI.BSE_IDX,01/07/2025,12:20:29,20596.18,0,0,0,0,0,0
BSEPBI.BSE_IDX,01/07/2025,12:20:37,20596.07,0,0,0,0,0,0
BSEPBI.BSE_IDX,01/07/2025,12:20:45,20590.28,0,0,0,0,0,0
BSEPBI.BSE_IDX,01/07/2025,12:20:53,20594.36,0,0,0,0,0,0
BSEPBI.BSE_IDX,01/07/2025,12:21:01,20595.76,0,0,0,0,0,0
BSEPBI.BSE_IDX,01/07/2025,12:21:09,20595.84,0,0,0,0,0,0
BSEPBI.BSE_IDX,01/07/2025,12:21:17,20593.24,0,0,0,0,0,0
BSEPBI.BSE_IDX,01/07/2025,12:21:25,20594.52,0,0,0,0,0,0
BSEPBI.BSE_IDX,01/07/2025,12:21:33,20593.45,0,0,0,0,0,0
BSEPBI.BSE_IDX,01/07/2025,12:21:41,20596.49,0,0,0,0,0,0
BSEPBI.BSE_IDX,01/07/2025,12:21:49,20596.49,0,0,0,0,0,0
BSEPBI.BSE_IDX,01/07/2025,12:21:57,20596.88,0,0,0,0,0,0
BSEPBI.BSE_IDX,01/07/2025,12:22:05,20600.71,0,0,0,0,0,0
BSEPBI.BSE_IDX,01/07/2025,12:22:13,20599.03,0,0,0,0,0,0
BSEPBI.BSE_IDX,01/07/2025,12:22:21,20598.98,0,0,0,0,0,0
BSEPBI.BSE_IDX,01/07/2025,12:22:29,20594.77,0,0,0,0,0,0
BSEPBI.BSE_IDX,01/07/2025,12:22:37,20594,0,0,0,0,0,0
BSEPBI.BSE_IDX,01/07/2025,12:22:45,20594.97,0,0,0,0,0,0
BSEPBI.BSE_IDX,01/07/2025,12:22:53,20593.47,0,0,0,0,0,0
BSEPBI.BSE_IDX,01/07/2025,12:23:02,20593.82,0,0,0,0,0,0
BSEPBI.BSE_IDX,01/07/2025,12:23:09,20593,0,0,0,0,0,0
BSEPBI.BSE_IDX,01/07/2025,12:23:17,20592.77,0,0,0,0,0,0
BSEPBI.BSE_IDX,01/07/2025,12:23:25,20591.32,0,0,0,0,0,0
BSEPBI.BSE_IDX,01/07/2025,12:23:33,20591.25,0,0,0,0,0,0
BSEPBI.BSE_IDX,01/07/2025,12:23:41,20591.19,0,0,0,0,0,0
BSEPBI.BSE_IDX,01/07/2025,12:23:49,20592.96,0,0,0,0,0,0
BSEPBI.BSE_IDX,01/07/2025,12:23:57,20593.29,0,0,0,0,0,0
BSEPBI.BSE_IDX,01/07/2025,12:24:05,20592.83,0,0,0,0,0,0
BSEPBI.BSE_IDX,01/07/2025,12:24:13,20592.46,0,0,0,0,0,0
BSEPBI.BSE_IDX,01/07/2025,12:24:21,20593.05,0,0,0,0,0,0
BSEPBI.BSE_IDX,01/07/2025,12:24:29,20591.72,0,0,0,0,0,0
BSEPBI.BSE_IDX,01/07/2025,12:24:37,20592.61,0,0,0,0,0,0
BSEPBI.BSE_IDX,01/07/2025,12:24:45,20592.42,0,0,0,0,0,0
BSEPBI.BSE_IDX,01/07/2025,12:24:53,20592.85,0,0,0,0,0,0
BSEPBI.BSE_IDX,01/07/2025,12:25:01,20591.86,0,0,0,0,0,0
BSEPBI.BSE_IDX,01/07/2025,12:25:09,20590.61,0,0,0,0,0,0
BSEPBI.BSE_IDX,01/07/2025,12:25:17,20590.14,0,0,0,0,0,0
BSEPBI.BSE_IDX,01/07/2025,12:25:25,20592.16,0,0,0,0,0,0
BSEPBI.BSE_IDX,01/07/2025,12:25:33,20594.06,0,0,0,0,0,0
BSEPBI.BSE_IDX,01/07/2025,12:25:41,20593.28,0,0,0,0,0,0
BSEPBI.BSE_IDX,01/07/2025,12:25:49,20594.05,0,0,0,0,0,0
BSEPBI.BSE_IDX,01/07/2025,12:25:57,20595.8,0,0,0,0,0,0
BSEPBI.BSE_IDX,01/07/2025,12:26:05,20594.18,0,0,0,0,0,0
BSEPBI.BSE_IDX,01/07/2025,12:26:13,20595.76,0,0,0,0,0,0
BSEPBI.BSE_IDX,01/07/2025,12:26:21,20595.9,0,0,0,0,0,0
BSEPBI.BSE_IDX,01/07/2025,12:26:31,20594.89,0,0,0,0,0,0
BSEPBI.BSE_IDX,01/07/2025,12:26:37,20599.49,0,0,0,0,0,0
BSEPBI.BSE_IDX,01/07/2025,12:26:45,20598.68,0,0,0,0,0,0
BSEPBI.BSE_IDX,01/07/2025,12:26:53,20595.23,0,0,0,0,0,0
BSEPBI.BSE_IDX,01/07/2025,12:27:01,20592.52,0,0,0,0,0,0
BSEPBI.BSE_IDX,01/07/2025,12:27:09,20595.49,0,0,0,0,0,0
BSEPBI.BSE_IDX,01/07/2025,12:27:17,20592.59,0,0,0,0,0,0
BSEPBI.BSE_IDX,01/07/2025,12:27:25,20591.92,0,0,0,0,0,0
BSEPBI.BSE_IDX,01/07/2025,12:27:33,20591.82,0,0,0,0,0,0
BSEPBI.BSE_IDX,01/07/2025,12:27:41,20591.25,0,0,0,0,0,0
BSEPBI.BSE_IDX,01/07/2025,12:27:49,20592.04,0,0,0,0,0,0
BSEPBI.BSE_IDX,01/07/2025,12:27:57,20591.59,0,0,0,0,0,0
BSEPBI.BSE_IDX,01/07/2025,12:28:05,20591.69,0,0,0,0,0,0
BSEPBI.BSE_IDX,01/07/2025,12:28:13,20594.08,0,0,0,0,0,0
BSEPBI.BSE_IDX,01/07/2025,12:28:21,20591.98,0,0,0,0,0,0
BSEPBI.BSE_IDX,01/07/2025,12:28:29,20591.69,0,0,0,0,0,0
BSEPBI.BSE_IDX,01/07/2025,12:28:37,20594.11,0,0,0,0,0,0
BSEPBI.BSE_IDX,01/07/2025,12:28:45,20592.07,0,0,0,0,0,0
BSEPBI.BSE_IDX,01/07/2025,12:28:53,20589.29,0,0,0,0,0,0
BSEPBI.BSE_IDX,01/07/2025,12:29:01,20588.75,0,0,0,0,0,0
BSEPBI.BSE_IDX,01/07/2025,12:29:10,20589.71,0,0,0,0,0,0
BSEPBI.BSE_IDX,01/07/2025,12:29:18,20589.78,0,0,0,0,0,0
BSEPBI.BSE_IDX,01/07/2025,12:29:25,20590.69,0,0,0,0,0,0
BSEPBI.BSE_IDX,01/07/2025,12:29:33,20592.98,0,0,0,0,0,0
BSEPBI.BSE_IDX,01/07/2025,12:29:41,20594.67,0,0,0,0,0,0
BSEPBI.BSE_IDX,01/07/2025,12:29:49,20594.2,0,0,0,0,0,0
BSEPBI.BSE_IDX,01/07/2025,12:29:57,20593.72,0,0,0,0,0,0
BSEPBI.BSE_IDX,01/07/2025,12:30:05,20600.11,0,0,0,0,0,0
BSEPBI.BSE_IDX,01/07/2025,12:30:13,20601.64,0,0,0,0,0,0
BSEPBI.BSE_IDX,01/07/2025,12:30:22,20599.89,0,0,0,0,0,0
BSEPBI.BSE_IDX,01/07/2025,12:30:29,20597.46,0,0,0,0,0,0
BSEPBI.BSE_IDX,01/07/2025,12:30:37,20596.71,0,0,0,0,0,0
BSEPBI.BSE_IDX,01/07/2025,12:30:45,20594.03,0,0,0,0,0,0
BSEPBI.BSE_IDX,01/07/2025,12:30:53,20596.61,0,0,0,0,0,0
BSEPBI.BSE_IDX,01/07/2025,12:31:01,20592.3,0,0,0,0,0,0
BSEPBI.BSE_IDX,01/07/2025,12:31:09,20590.38,0,0,0,0,0,0
BSEPBI.BSE_IDX,01/07/2025,12:31:17,20587.58,0,0,0,0,0,0
BSEPBI.BSE_IDX,01/07/2025,12:31:25,20588.42,0,0,0,0,0,0
BSEPBI.BSE_IDX,01/07/2025,12:31:34,20588.9,0,0,0,0,0,0
BSEPBI.BSE_IDX,01/07/2025,12:31:41,20590.04,0,0,0,0,0,0
BSEPBI.BSE_IDX,01/07/2025,12:31:49,20590.6,0,0,0,0,0,0
BSEPBI.BSE_IDX,01/07/2025,12:31:57,20590.17,0,0,0,0,0,0
BSEPBI.BSE_IDX,01/07/2025,12:32:05,20588.69,0,0,0,0,0,0
BSEPBI.BSE_IDX,01/07/2025,12:32:13,20590.15,0,0,0,0,0,0
BSEPBI.BSE_IDX,01/07/2025,12:32:21,20591.21,0,0,0,0,0,0
BSEPBI.BSE_IDX,01/07/2025,12:32:29,20592.99,0,0,0,0,0,0
BSEPBI.BSE_IDX,01/07/2025,12:32:37,20592.4,0,0,0,0,0,0
BSEPBI.BSE_IDX,01/07/2025,12:32:45,20592.61,0,0,0,0,0,0
BSEPBI.BSE_IDX,01/07/2025,12:32:53,20589.54,0,0,0,0,0,0
BSEPBI.BSE_IDX,01/07/2025,12:33:01,20593.28,0,0,0,0,0,0
BSEPBI.BSE_IDX,01/07/2025,12:33:09,20593.35,0,0,0,0,0,0
BSEPBI.BSE_IDX,01/07/2025,12:33:17,20589.65,0,0,0,0,0,0
BSEPBI.BSE_IDX,01/07/2025,12:33:26,20589.14,0,0,0,0,0,0
BSEPBI.BSE_IDX,01/07/2025,12:33:33,20591.38,0,0,0,0,0,0
BSEPBI.BSE_IDX,01/07/2025,12:33:41,20591.38,0,0,0,0,0,0
BSEPBI.BSE_IDX,01/07/2025,12:33:49,20591.63,0,0,0,0,0,0
BSEPBI.BSE_IDX,01/07/2025,12:33:57,20591.03,0,0,0,0,0,0
BSEPBI.BSE_IDX,01/07/2025,12:34:05,20589.9,0,0,0,0,0,0
BSEPBI.BSE_IDX,01/07/2025,12:34:13,20590.42,0,0,0,0,0,0
BSEPBI.BSE_IDX,01/07/2025,12:34:21,20589.99,0,0,0,0,0,0
BSEPBI.BSE_IDX,01/07/2025,12:34:29,20593.32,0,0,0,0,0,0
BSEPBI.BSE_IDX,01/07/2025,12:34:37,20591.89,0,0,0,0,0,0
BSEPBI.BSE_IDX,01/07/2025,12:34:45,20594.01,0,0,0,0,0,0
BSEPBI.BSE_IDX,01/07/2025,12:34:53,20595.42,0,0,0,0,0,0
BSEPBI.BSE_IDX,01/07/2025,12:35:01,20596.97,0,0,0,0,0,0
BSEPBI.BSE_IDX,01/07/2025,12:35:09,20598.85,0,0,0,0,0,0
BSEPBI.BSE_IDX,01/07/2025,12:35:17,20598.81,0,0,0,0,0,0
BSEPBI.BSE_IDX,01/07/2025,12:35:25,20599.47,0,0,0,0,0,0
BSEPBI.BSE_IDX,01/07/2025,12:35:33,20599.94,0,0,0,0,0,0
BSEPBI.BSE_IDX,01/07/2025,12:35:41,20599.18,0,0,0,0,0,0
BSEPBI.BSE_IDX,01/07/2025,12:35:49,20600.57,0,0,0,0,0,0
BSEPBI.BSE_IDX,01/07/2025,12:35:57,20600.21,0,0,0,0,0,0
BSEPBI.BSE_IDX,01/07/2025,12:36:05,20600.05,0,0,0,0,0,0
BSEPBI.BSE_IDX,01/07/2025,12:36:13,20598.62,0,0,0,0,0,0
BSEPBI.BSE_IDX,01/07/2025,12:36:21,20597.4,0,0,0,0,0,0
BSEPBI.BSE_IDX,01/07/2025,12:36:29,20597.16,0,0,0,0,0,0
BSEPBI.BSE_IDX,01/07/2025,12:36:37,20596.73,0,0,0,0,0,0
BSEPBI.BSE_IDX,01/07/2025,12:36:45,20598.49,0,0,0,0,0,0
BSEPBI.BSE_IDX,01/07/2025,12:36:53,20598.13,0,0,0,0,0,0
BSEPBI.BSE_IDX,01/07/2025,12:37:01,20600.48,0,0,0,0,0,0
BSEPBI.BSE_IDX,01/07/2025,12:37:09,20600.39,0,0,0,0,0,0
BSEPBI.BSE_IDX,01/07/2025,12:37:17,20597.71,0,0,0,0,0,0
BSEPBI.BSE_IDX,01/07/2025,12:37:25,20597.96,0,0,0,0,0,0
BSEPBI.BSE_IDX,01/07/2025,12:37:33,20595.47,0,0,0,0,0,0
BSEPBI.BSE_IDX,01/07/2025,12:37:41,20595.12,0,0,0,0,0,0
BSEPBI.BSE_IDX,01/07/2025,12:37:49,20593.94,0,0,0,0,0,0
BSEPBI.BSE_IDX,01/07/2025,12:37:57,20593.52,0,0,0,0,0,0
BSEPBI.BSE_IDX,01/07/2025,12:38:05,20594.18,0,0,0,0,0,0
BSEPBI.BSE_IDX,01/07/2025,12:38:13,20594.29,0,0,0,0,0,0
BSEPBI.BSE_IDX,01/07/2025,12:38:22,20598.78,0,0,0,0,0,0
BSEPBI.BSE_IDX,01/07/2025,12:38:29,20599.44,0,0,0,0,0,0
BSEPBI.BSE_IDX,01/07/2025,12:38:39,20599.35,0,0,0,0,0,0
BSEPBI.BSE_IDX,01/07/2025,12:38:45,20600.71,0,0,0,0,0,0
BSEPBI.BSE_IDX,01/07/2025,12:38:53,20599.85,0,0,0,0,0,0
BSEPBI.BSE_IDX,01/07/2025,12:39:01,20601.1,0,0,0,0,0,0
BSEPBI.BSE_IDX,01/07/2025,12:39:10,20599.2,0,0,0,0,0,0
BSEPBI.BSE_IDX,01/07/2025,12:39:18,20599.2,0,0,0,0,0,0
BSEPBI.BSE_IDX,01/07/2025,12:39:25,20599.8,0,0,0,0,0,0
BSEPBI.BSE_IDX,01/07/2025,12:39:34,20600.46,0,0,0,0,0,0
BSEPBI.BSE_IDX,01/07/2025,12:39:42,20603.76,0,0,0,0,0,0
BSEPBI.BSE_IDX,01/07/2025,12:39:49,20606.04,0,0,0,0,0,0
BSEPBI.BSE_IDX,01/07/2025,12:39:57,20604.51,0,0,0,0,0,0
BSEPBI.BSE_IDX,01/07/2025,12:40:05,20607.01,0,0,0,0,0,0
BSEPBI.BSE_IDX,01/07/2025,12:40:14,20606.24,0,0,0,0,0,0
BSEPBI.BSE_IDX,01/07/2025,12:40:21,20606.35,0,0,0,0,0,0
BSEPBI.BSE_IDX,01/07/2025,12:40:29,20606.55,0,0,0,0,0,0
BSEPBI.BSE_IDX,01/07/2025,12:40:37,20606.59,0,0,0,0,0,0
BSEPBI.BSE_IDX,01/07/2025,12:40:45,20606.87,0,0,0,0,0,0
BSEPBI.BSE_IDX,01/07/2025,12:40:54,20607.11,0,0,0,0,0,0
BSEPBI.BSE_IDX,01/07/2025,12:41:01,20605.69,0,0,0,0,0,0
BSEPBI.BSE_IDX,01/07/2025,12:41:09,20603.02,0,0,0,0,0,0
BSEPBI.BSE_IDX,01/07/2025,12:41:17,20603.31,0,0,0,0,0,0
BSEPBI.BSE_IDX,01/07/2025,12:41:25,20601.81,0,0,0,0,0,0
BSEPBI.BSE_IDX,01/07/2025,12:41:33,20601.13,0,0,0,0,0,0
BSEPBI.BSE_IDX,01/07/2025,12:41:42,20601.82,0,0,0,0,0,0
BSEPBI.BSE_IDX,01/07/2025,12:41:50,20603.17,0,0,0,0,0,0
BSEPBI.BSE_IDX,01/07/2025,12:41:58,20604.6,0,0,0,0,0,0
BSEPBI.BSE_IDX,01/07/2025,12:42:05,20603.65,0,0,0,0,0,0
BSEPBI.BSE_IDX,01/07/2025,12:42:13,20602.1,0,0,0,0,0,0
BSEPBI.BSE_IDX,01/07/2025,12:42:21,20603.04,0,0,0,0,0,0
BSEPBI.BSE_IDX,01/07/2025,12:42:29,20605.41,0,0,0,0,0,0
BSEPBI.BSE_IDX,01/07/2025,12:42:37,20604.54,0,0,0,0,0,0
BSEPBI.BSE_IDX,01/07/2025,12:42:46,20603.95,0,0,0,0,0,0
BSEPBI.BSE_IDX,01/07/2025,12:42:53,20604.46,0,0,0,0,0,0
BSEPBI.BSE_IDX,01/07/2025,12:43:01,20605.63,0,0,0,0,0,0
BSEPBI.BSE_IDX,01/07/2025,12:43:10,20607.3,0,0,0,0,0,0
BSEPBI.BSE_IDX,01/07/2025,12:43:17,20606.86,0,0,0,0,0,0
BSEPBI.BSE_IDX,01/07/2025,12:43:26,20604.98,0,0,0,0,0,0
BSEPBI.BSE_IDX,01/07/2025,12:43:34,20605.2,0,0,0,0,0,0
BSEPBI.BSE_IDX,01/07/2025,12:43:42,20602.19,0,0,0,0,0,0
BSEPBI.BSE_IDX,01/07/2025,12:43:49,20602.91,0,0,0,0,0,0
BSEPBI.BSE_IDX,01/07/2025,12:43:58,20600.79,0,0,0,0,0,0
BSEPBI.BSE_IDX,01/07/2025,12:44:05,20599.73,0,0,0,0,0,0
BSEPBI.BSE_IDX,01/07/2025,12:44:14,20598.51,0,0,0,0,0,0
BSEPBI.BSE_IDX,01/07/2025,12:44:22,20598.34,0,0,0,0,0,0
BSEPBI.BSE_IDX,01/07/2025,12:44:29,20597.13,0,0,0,0,0,0
BSEPBI.BSE_IDX,01/07/2025,12:44:38,20595.94,0,0,0,0,0,0
BSEPBI.BSE_IDX,01/07/2025,12:44:46,20595.6,0,0,0,0,0,0
BSEPBI.BSE_IDX,01/07/2025,12:44:53,20596.82,0,0,0,0,0,0
BSEPBI.BSE_IDX,01/07/2025,12:45:01,20596.33,0,0,0,0,0,0
BSEPBI.BSE_IDX,01/07/2025,12:45:11,20596.1,0,0,0,0,0,0
BSEPBI.BSE_IDX,01/07/2025,12:45:18,20597.43,0,0,0,0,0,0
BSEPBI.BSE_IDX,01/07/2025,12:45:26,20597.68,0,0,0,0,0,0
BSEPBI.BSE_IDX,01/07/2025,12:45:34,20597.07,0,0,0,0,0,0
BSEPBI.BSE_IDX,01/07/2025,12:45:42,20596.49,0,0,0,0,0,0
BSEPBI.BSE_IDX,01/07/2025,12:45:50,20597.45,0,0,0,0,0,0
BSEPBI.BSE_IDX,01/07/2025,12:45:58,20596.58,0,0,0,0,0,0
BSEPBI.BSE_IDX,01/07/2025,12:46:06,20598.12,0,0,0,0,0,0
BSEPBI.BSE_IDX,01/07/2025,12:46:14,20599.27,0,0,0,0,0,0
BSEPBI.BSE_IDX,01/07/2025,12:46:22,20598.33,0,0,0,0,0,0
BSEPBI.BSE_IDX,01/07/2025,12:46:30,20598.45,0,0,0,0,0,0
BSEPBI.BSE_IDX,01/07/2025,12:46:38,20600.77,0,0,0,0,0,0
BSEPBI.BSE_IDX,01/07/2025,12:46:46,20598.94,0,0,0,0,0,0
BSEPBI.BSE_IDX,01/07/2025,12:46:54,20598.69,0,0,0,0,0,0
BSEPBI.BSE_IDX,01/07/2025,12:47:02,20601.62,0,0,0,0,0,0
BSEPBI.BSE_IDX,01/07/2025,12:47:10,20600.85,0,0,0,0,0,0
BSEPBI.BSE_IDX,01/07/2025,12:47:18,20599.66,0,0,0,0,0,0
BSEPBI.BSE_IDX,01/07/2025,12:47:26,20600.16,0,0,0,0,0,0
BSEPBI.BSE_IDX,01/07/2025,12:47:34,20600.18,0,0,0,0,0,0
BSEPBI.BSE_IDX,01/07/2025,12:47:42,20600.45,0,0,0,0,0,0
BSEPBI.BSE_IDX,01/07/2025,12:47:50,20603.08,0,0,0,0,0,0
BSEPBI.BSE_IDX,01/07/2025,12:47:58,20604.67,0,0,0,0,0,0
BSEPBI.BSE_IDX,01/07/2025,12:48:06,20606.69,0,0,0,0,0,0
BSEPBI.BSE_IDX,01/07/2025,12:48:14,20608.4,0,0,0,0,0,0
BSEPBI.BSE_IDX,01/07/2025,12:48:22,20608.46,0,0,0,0,0,0
BSEPBI.BSE_IDX,01/07/2025,12:48:30,20609.98,0,0,0,0,0,0
BSEPBI.BSE_IDX,01/07/2025,12:48:38,20609.98,0,0,0,0,0,0
BSEPBI.BSE_IDX,01/07/2025,12:48:46,20608.62,0,0,0,0,0,0
BSEPBI.BSE_IDX,01/07/2025,12:48:54,20605.98,0,0,0,0,0,0
BSEPBI.BSE_IDX,01/07/2025,12:49:02,20604.78,0,0,0,0,0,0
BSEPBI.BSE_IDX,01/07/2025,12:49:10,20606.42,0,0,0,0,0,0
BSEPBI.BSE_IDX,01/07/2025,12:49:18,20603.42,0,0,0,0,0,0
BSEPBI.BSE_IDX,01/07/2025,12:49:26,20603.27,0,0,0,0,0,0
BSEPBI.BSE_IDX,01/07/2025,12:49:34,20602.3,0,0,0,0,0,0
BSEPBI.BSE_IDX,01/07/2025,12:49:42,20603.26,0,0,0,0,0,0
BSEPBI.BSE_IDX,01/07/2025,12:49:50,20606.05,0,0,0,0,0,0
BSEPBI.BSE_IDX,01/07/2025,12:49:58,20609.58,0,0,0,0,0,0
BSEPBI.BSE_IDX,01/07/2025,12:50:06,20610.2,0,0,0,0,0,0
BSEPBI.BSE_IDX,01/07/2025,12:50:14,20609.64,0,0,0,0,0,0
BSEPBI.BSE_IDX,01/07/2025,12:50:22,20610.5,0,0,0,0,0,0
BSEPBI.BSE_IDX,01/07/2025,12:50:30,20612.9,0,0,0,0,0,0
BSEPBI.BSE_IDX,01/07/2025,12:50:38,20615.12,0,0,0,0,0,0
BSEPBI.BSE_IDX,01/07/2025,12:50:47,20614.77,0,0,0,0,0,0
BSEPBI.BSE_IDX,01/07/2025,12:50:54,20617.14,0,0,0,0,0,0
BSEPBI.BSE_IDX,01/07/2025,12:51:02,20614.7,0,0,0,0,0,0
BSEPBI.BSE_IDX,01/07/2025,12:51:10,20615.06,0,0,0,0,0,0
BSEPBI.BSE_IDX,01/07/2025,12:51:19,20616.34,0,0,0,0,0,0
BSEPBI.BSE_IDX,01/07/2025,12:51:26,20617.45,0,0,0,0,0,0
BSEPBI.BSE_IDX,01/07/2025,12:51:34,20618.47,0,0,0,0,0,0
BSEPBI.BSE_IDX,01/07/2025,12:51:42,20619.86,0,0,0,0,0,0
BSEPBI.BSE_IDX,01/07/2025,12:51:50,20619.82,0,0,0,0,0,0
BSEPBI.BSE_IDX,01/07/2025,12:51:58,20618.97,0,0,0,0,0,0
BSEPBI.BSE_IDX,01/07/2025,12:52:06,20619.06,0,0,0,0,0,0
BSEPBI.BSE_IDX,01/07/2025,12:52:14,20617.77,0,0,0,0,0,0
BSEPBI.BSE_IDX,01/07/2025,12:52:22,20619.03,0,0,0,0,0,0
BSEPBI.BSE_IDX,01/07/2025,12:52:30,20619.18,0,0,0,0,0,0
BSEPBI.BSE_IDX,01/07/2025,12:52:38,20618.73,0,0,0,0,0,0
BSEPBI.BSE_IDX,01/07/2025,12:52:46,20621.35,0,0,0,0,0,0
BSEPBI.BSE_IDX,01/07/2025,12:52:54,20623.28,0,0,0,0,0,0
BSEPBI.BSE_IDX,01/07/2025,12:53:02,20622.43,0,0,0,0,0,0
BSEPBI.BSE_IDX,01/07/2025,12:53:10,20624.52,0,0,0,0,0,0
BSEPBI.BSE_IDX,01/07/2025,12:53:18,20624.79,0,0,0,0,0,0
BSEPBI.BSE_IDX,01/07/2025,12:53:26,20623.61,0,0,0,0,0,0
BSEPBI.BSE_IDX,01/07/2025,12:53:34,20622.45,0,0,0,0,0,0
BSEPBI.BSE_IDX,01/07/2025,12:53:42,20619.36,0,0,0,0,0,0
BSEPBI.BSE_IDX,01/07/2025,12:53:50,20618.2,0,0,0,0,0,0
BSEPBI.BSE_IDX,01/07/2025,12:53:58,20618,0,0,0,0,0,0
BSEPBI.BSE_IDX,01/07/2025,12:54:06,20617.74,0,0,0,0,0,0
BSEPBI.BSE_IDX,01/07/2025,12:54:14,20616.04,0,0,0,0,0,0
