Ticker,Date,Time,LTP,BuyPrice,BuyQty,SellPrice,SellQty,LTQ,OpenInterest
BSEQUI.BSE_IDX,01/07/2025,09:00:07,1912.88,0,0,0,0,0,0
BSEQUI.BSE_IDX,01/07/2025,09:00:15,1906.65,0,0,0,0,0,0
BSEQUI.BSE_IDX,01/07/2025,09:00:23,1901.31,0,0,0,0,0,0
BSEQUI.BSE_IDX,01/07/2025,09:00:31,1900.92,0,0,0,0,0,0
BSEQUI.BSE_IDX,01/07/2025,09:00:39,1900.92,0,0,0,0,0,0
BSEQUI.BSE_IDX,01/07/2025,09:00:47,1895,0,0,0,0,0,0
BSEQUI.BSE_IDX,01/07/2025,09:00:55,1894.83,0,0,0,0,0,0
BSEQUI.BSE_IDX,01/07/2025,09:01:03,1895.95,0,0,0,0,0,0
BSEQUI.BSE_IDX,01/07/2025,09:01:11,1898.42,0,0,0,0,0,0
BSEQUI.BSE_IDX,01/07/2025,09:01:19,1901.07,0,0,0,0,0,0
BSEQUI.BSE_IDX,01/07/2025,09:01:27,1901.76,0,0,0,0,0,0
BSEQUI.BSE_IDX,01/07/2025,09:01:35,1901.1,0,0,0,0,0,0
BSEQUI.BSE_IDX,01/07/2025,09:01:43,1904.18,0,0,0,0,0,0
BSEQUI.BSE_IDX,01/07/2025,09:01:51,1904.18,0,0,0,0,0,0
BSEQUI.BSE_IDX,01/07/2025,09:01:59,1903.91,0,0,0,0,0,0
BSEQUI.BSE_IDX,01/07/2025,09:02:07,1904.39,0,0,0,0,0,0
BSEQUI.BSE_IDX,01/07/2025,09:02:15,1904.37,0,0,0,0,0,0
BSEQUI.BSE_IDX,01/07/2025,09:02:23,1901.81,0,0,0,0,0,0
BSEQUI.BSE_IDX,01/07/2025,09:02:31,1901.49,0,0,0,0,0,0
BSEQUI.BSE_IDX,01/07/2025,09:02:39,1900.8,0,0,0,0,0,0
BSEQUI.BSE_IDX,01/07/2025,09:02:47,1901.31,0,0,0,0,0,0
BSEQUI.BSE_IDX,01/07/2025,09:02:55,1901.46,0,0,0,0,0,0
BSEQUI.BSE_IDX,01/07/2025,09:03:03,1901.85,0,0,0,0,0,0
BSEQUI.BSE_IDX,01/07/2025,09:03:11,1901.9,0,0,0,0,0,0
BSEQUI.BSE_IDX,01/07/2025,09:03:19,1903.77,0,0,0,0,0,0
BSEQUI.BSE_IDX,01/07/2025,09:03:27,1903.38,0,0,0,0,0,0
BSEQUI.BSE_IDX,01/07/2025,09:03:35,1903.63,0,0,0,0,0,0
BSEQUI.BSE_IDX,01/07/2025,09:03:43,1903.37,0,0,0,0,0,0
BSEQUI.BSE_IDX,01/07/2025,09:03:51,1901.41,0,0,0,0,0,0
BSEQUI.BSE_IDX,01/07/2025,09:03:59,1902.44,0,0,0,0,0,0
BSEQUI.BSE_IDX,01/07/2025,09:04:07,1902.88,0,0,0,0,0,0
BSEQUI.BSE_IDX,01/07/2025,09:04:15,1902.73,0,0,0,0,0,0
BSEQUI.BSE_IDX,01/07/2025,09:04:23,1903.73,0,0,0,0,0,0
BSEQUI.BSE_IDX,01/07/2025,09:04:31,1903.52,0,0,0,0,0,0
BSEQUI.BSE_IDX,01/07/2025,09:04:39,1903.82,0,0,0,0,0,0
BSEQUI.BSE_IDX,01/07/2025,09:04:47,1904.1,0,0,0,0,0,0
BSEQUI.BSE_IDX,01/07/2025,09:04:55,1904.11,0,0,0,0,0,0
BSEQUI.BSE_IDX,01/07/2025,09:05:03,1904.1,0,0,0,0,0,0
BSEQUI.BSE_IDX,01/07/2025,09:05:11,1904.47,0,0,0,0,0,0
BSEQUI.BSE_IDX,01/07/2025,09:05:19,1904.77,0,0,0,0,0,0
BSEQUI.BSE_IDX,01/07/2025,09:05:27,1904.54,0,0,0,0,0,0
BSEQUI.BSE_IDX,01/07/2025,09:05:35,1903.97,0,0,0,0,0,0
BSEQUI.BSE_IDX,01/07/2025,09:05:43,1903.75,0,0,0,0,0,0
BSEQUI.BSE_IDX,01/07/2025,09:05:51,1904.02,0,0,0,0,0,0
BSEQUI.BSE_IDX,01/07/2025,09:05:59,1904.02,0,0,0,0,0,0
BSEQUI.BSE_IDX,01/07/2025,09:06:07,1904.07,0,0,0,0,0,0
BSEQUI.BSE_IDX,01/07/2025,09:06:15,1902.91,0,0,0,0,0,0
BSEQUI.BSE_IDX,01/07/2025,09:06:23,1903.35,0,0,0,0,0,0
BSEQUI.BSE_IDX,01/07/2025,09:06:31,1903.65,0,0,0,0,0,0
BSEQUI.BSE_IDX,01/07/2025,09:06:39,1904.93,0,0,0,0,0,0
BSEQUI.BSE_IDX,01/07/2025,09:06:47,1903.91,0,0,0,0,0,0
BSEQUI.BSE_IDX,01/07/2025,09:06:55,1903.69,0,0,0,0,0,0
BSEQUI.BSE_IDX,01/07/2025,09:07:04,1904.38,0,0,0,0,0,0
BSEQUI.BSE_IDX,01/07/2025,09:07:11,1904.38,0,0,0,0,0,0
BSEQUI.BSE_IDX,01/07/2025,09:07:19,1904.38,0,0,0,0,0,0
BSEQUI.BSE_IDX,01/07/2025,09:07:27,1904.38,0,0,0,0,0,0
BSEQUI.BSE_IDX,01/07/2025,09:07:35,1904.38,0,0,0,0,0,0
BSEQUI.BSE_IDX,01/07/2025,09:07:43,1904.38,0,0,0,0,0,0
BSEQUI.BSE_IDX,01/07/2025,09:07:51,1904.38,0,0,0,0,0,0
BSEQUI.BSE_IDX,01/07/2025,09:07:59,1904.38,0,0,0,0,0,0
BSEQUI.BSE_IDX,01/07/2025,09:08:07,1904.38,0,0,0,0,0,0
BSEQUI.BSE_IDX,01/07/2025,09:08:15,1904.38,0,0,0,0,0,0
BSEQUI.BSE_IDX,01/07/2025,09:08:23,1904.38,0,0,0,0,0,0
BSEQUI.BSE_IDX,01/07/2025,09:08:31,1904.38,0,0,0,0,0,0
BSEQUI.BSE_IDX,01/07/2025,09:08:39,1904.38,0,0,0,0,0,0
BSEQUI.BSE_IDX,01/07/2025,09:08:47,1904.38,0,0,0,0,0,0
BSEQUI.BSE_IDX,01/07/2025,09:08:55,1904.38,0,0,0,0,0,0
BSEQUI.BSE_IDX,01/07/2025,09:09:03,1904.38,0,0,0,0,0,0
BSEQUI.BSE_IDX,01/07/2025,09:09:11,1904.38,0,0,0,0,0,0
BSEQUI.BSE_IDX,01/07/2025,09:09:19,1904.38,0,0,0,0,0,0
BSEQUI.BSE_IDX,01/07/2025,09:09:27,1904.38,0,0,0,0,0,0
BSEQUI.BSE_IDX,01/07/2025,09:09:35,1904.38,0,0,0,0,0,0
BSEQUI.BSE_IDX,01/07/2025,09:09:43,1904.38,0,0,0,0,0,0
BSEQUI.BSE_IDX,01/07/2025,09:09:51,1904.38,0,0,0,0,0,0
BSEQUI.BSE_IDX,01/07/2025,09:09:59,1904.38,0,0,0,0,0,0
BSEQUI.BSE_IDX,01/07/2025,09:10:07,1904.38,0,0,0,0,0,0
BSEQUI.BSE_IDX,01/07/2025,09:10:15,1904.38,0,0,0,0,0,0
BSEQUI.BSE_IDX,01/07/2025,09:10:23,1904.38,0,0,0,0,0,0
BSEQUI.BSE_IDX,01/07/2025,09:10:31,1904.38,0,0,0,0,0,0
BSEQUI.BSE_IDX,01/07/2025,09:10:39,1904.38,0,0,0,0,0,0
BSEQUI.BSE_IDX,01/07/2025,09:10:47,1904.38,0,0,0,0,0,0
BSEQUI.BSE_IDX,01/07/2025,09:10:55,1904.38,0,0,0,0,0,0
BSEQUI.BSE_IDX,01/07/2025,09:11:03,1904.38,0,0,0,0,0,0
BSEQUI.BSE_IDX,01/07/2025,09:11:11,1904.38,0,0,0,0,0,0
BSEQUI.BSE_IDX,01/07/2025,09:11:19,1904.38,0,0,0,0,0,0
BSEQUI.BSE_IDX,01/07/2025,09:11:27,1904.38,0,0,0,0,0,0
BSEQUI.BSE_IDX,01/07/2025,09:11:35,1904.38,0,0,0,0,0,0
BSEQUI.BSE_IDX,01/07/2025,09:11:43,1904.38,0,0,0,0,0,0
BSEQUI.BSE_IDX,01/07/2025,09:11:51,1904.38,0,0,0,0,0,0
BSEQUI.BSE_IDX,01/07/2025,09:11:59,1904.38,0,0,0,0,0,0
BSEQUI.BSE_IDX,01/07/2025,09:12:07,1904.38,0,0,0,0,0,0
BSEQUI.BSE_IDX,01/07/2025,09:12:16,1904.38,0,0,0,0,0,0
BSEQUI.BSE_IDX,01/07/2025,09:12:23,1904.38,0,0,0,0,0,0
BSEQUI.BSE_IDX,01/07/2025,09:12:31,1904.38,0,0,0,0,0,0
BSEQUI.BSE_IDX,01/07/2025,09:12:39,1904.38,0,0,0,0,0,0
BSEQUI.BSE_IDX,01/07/2025,09:12:47,1904.38,0,0,0,0,0,0
BSEQUI.BSE_IDX,01/07/2025,09:12:55,1904.38,0,0,0,0,0,0
BSEQUI.BSE_IDX,01/07/2025,09:13:03,1904.38,0,0,0,0,0,0
BSEQUI.BSE_IDX,01/07/2025,09:13:11,1904.38,0,0,0,0,0,0
BSEQUI.BSE_IDX,01/07/2025,09:13:19,1904.38,0,0,0,0,0,0
BSEQUI.BSE_IDX,01/07/2025,09:13:27,1904.38,0,0,0,0,0,0
BSEQUI.BSE_IDX,01/07/2025,09:13:35,1904.38,0,0,0,0,0,0
BSEQUI.BSE_IDX,01/07/2025,09:13:43,1904.38,0,0,0,0,0,0
BSEQUI.BSE_IDX,01/07/2025,09:13:51,1904.38,0,0,0,0,0,0
BSEQUI.BSE_IDX,01/07/2025,09:13:59,1904.38,0,0,0,0,0,0
BSEQUI.BSE_IDX,01/07/2025,09:14:07,1904.38,0,0,0,0,0,0
BSEQUI.BSE_IDX,01/07/2025,09:14:15,1904.38,0,0,0,0,0,0
BSEQUI.BSE_IDX,01/07/2025,09:14:23,1904.38,0,0,0,0,0,0
BSEQUI.BSE_IDX,01/07/2025,09:14:31,1904.38,0,0,0,0,0,0
BSEQUI.BSE_IDX,01/07/2025,09:14:39,1904.38,0,0,0,0,0,0
BSEQUI.BSE_IDX,01/07/2025,09:14:47,1904.38,0,0,0,0,0,0
BSEQUI.BSE_IDX,01/07/2025,09:14:55,1904.38,0,0,0,0,0,0
BSEQUI.BSE_IDX,01/07/2025,09:15:04,1903.86,0,0,0,0,0,0
BSEQUI.BSE_IDX,01/07/2025,09:15:11,1903.54,0,0,0,0,0,0
BSEQUI.BSE_IDX,01/07/2025,09:15:19,1903.8,0,0,0,0,0,0
BSEQUI.BSE_IDX,01/07/2025,09:15:27,1903.45,0,0,0,0,0,0
BSEQUI.BSE_IDX,01/07/2025,09:15:35,1903.24,0,0,0,0,0,0
BSEQUI.BSE_IDX,01/07/2025,09:15:43,1903.54,0,0,0,0,0,0
BSEQUI.BSE_IDX,01/07/2025,09:15:51,1903.38,0,0,0,0,0,0
BSEQUI.BSE_IDX,01/07/2025,09:15:59,1902.48,0,0,0,0,0,0
BSEQUI.BSE_IDX,01/07/2025,09:16:07,1901.99,0,0,0,0,0,0
BSEQUI.BSE_IDX,01/07/2025,09:16:15,1902.54,0,0,0,0,0,0
BSEQUI.BSE_IDX,01/07/2025,09:16:24,1902.83,0,0,0,0,0,0
BSEQUI.BSE_IDX,01/07/2025,09:16:31,1902.81,0,0,0,0,0,0
BSEQUI.BSE_IDX,01/07/2025,09:16:39,1903.07,0,0,0,0,0,0
BSEQUI.BSE_IDX,01/07/2025,09:16:48,1902.85,0,0,0,0,0,0
BSEQUI.BSE_IDX,01/07/2025,09:16:55,1903.43,0,0,0,0,0,0
BSEQUI.BSE_IDX,01/07/2025,09:17:03,1903.49,0,0,0,0,0,0
BSEQUI.BSE_IDX,01/07/2025,09:17:12,1902.6,0,0,0,0,0,0
BSEQUI.BSE_IDX,01/07/2025,09:17:19,1902.73,0,0,0,0,0,0
BSEQUI.BSE_IDX,01/07/2025,09:17:27,1902.61,0,0,0,0,0,0
BSEQUI.BSE_IDX,01/07/2025,09:17:35,1903.2,0,0,0,0,0,0
BSEQUI.BSE_IDX,01/07/2025,09:17:44,1903.32,0,0,0,0,0,0
BSEQUI.BSE_IDX,01/07/2025,09:17:51,1903.7,0,0,0,0,0,0
BSEQUI.BSE_IDX,01/07/2025,09:17:59,1903.91,0,0,0,0,0,0
BSEQUI.BSE_IDX,01/07/2025,09:18:07,1903.66,0,0,0,0,0,0
BSEQUI.BSE_IDX,01/07/2025,09:18:15,1903.36,0,0,0,0,0,0
BSEQUI.BSE_IDX,01/07/2025,09:18:23,1903.67,0,0,0,0,0,0
BSEQUI.BSE_IDX,01/07/2025,09:18:31,1903.62,0,0,0,0,0,0
BSEQUI.BSE_IDX,01/07/2025,09:18:39,1903.67,0,0,0,0,0,0
BSEQUI.BSE_IDX,01/07/2025,09:18:47,1903.93,0,0,0,0,0,0
BSEQUI.BSE_IDX,01/07/2025,09:18:56,1903.61,0,0,0,0,0,0
BSEQUI.BSE_IDX,01/07/2025,09:19:03,1903.67,0,0,0,0,0,0
BSEQUI.BSE_IDX,01/07/2025,09:19:11,1903.32,0,0,0,0,0,0
BSEQUI.BSE_IDX,01/07/2025,09:19:19,1903.32,0,0,0,0,0,0
BSEQUI.BSE_IDX,01/07/2025,09:19:28,1902.93,0,0,0,0,0,0
BSEQUI.BSE_IDX,01/07/2025,09:19:35,1903.1,0,0,0,0,0,0
BSEQUI.BSE_IDX,01/07/2025,09:19:43,1903.06,0,0,0,0,0,0
BSEQUI.BSE_IDX,01/07/2025,09:19:52,1903.38,0,0,0,0,0,0
BSEQUI.BSE_IDX,01/07/2025,09:19:59,1903.52,0,0,0,0,0,0
BSEQUI.BSE_IDX,01/07/2025,09:20:07,1903.94,0,0,0,0,0,0
BSEQUI.BSE_IDX,01/07/2025,09:20:15,1903.33,0,0,0,0,0,0
BSEQUI.BSE_IDX,01/07/2025,09:20:24,1902.86,0,0,0,0,0,0
BSEQUI.BSE_IDX,01/07/2025,09:20:31,1902.89,0,0,0,0,0,0
BSEQUI.BSE_IDX,01/07/2025,09:20:39,1902.52,0,0,0,0,0,0
BSEQUI.BSE_IDX,01/07/2025,09:20:47,1902.59,0,0,0,0,0,0
BSEQUI.BSE_IDX,01/07/2025,09:20:55,1902.18,0,0,0,0,0,0
BSEQUI.BSE_IDX,01/07/2025,09:21:03,1902.04,0,0,0,0,0,0
BSEQUI.BSE_IDX,01/07/2025,09:21:11,1902.26,0,0,0,0,0,0
BSEQUI.BSE_IDX,01/07/2025,09:21:19,1902.74,0,0,0,0,0,0
BSEQUI.BSE_IDX,01/07/2025,09:21:27,1902.6,0,0,0,0,0,0
BSEQUI.BSE_IDX,01/07/2025,09:21:36,1902.91,0,0,0,0,0,0
BSEQUI.BSE_IDX,01/07/2025,09:21:43,1903.32,0,0,0,0,0,0
BSEQUI.BSE_IDX,01/07/2025,09:21:51,1903.57,0,0,0,0,0,0
BSEQUI.BSE_IDX,01/07/2025,09:21:59,1903.83,0,0,0,0,0,0
BSEQUI.BSE_IDX,01/07/2025,09:22:07,1904.03,0,0,0,0,0,0
BSEQUI.BSE_IDX,01/07/2025,09:22:15,1904.09,0,0,0,0,0,0
BSEQUI.BSE_IDX,01/07/2025,09:22:23,1904.09,0,0,0,0,0,0
BSEQUI.BSE_IDX,01/07/2025,09:22:31,1904.12,0,0,0,0,0,0
BSEQUI.BSE_IDX,01/07/2025,09:22:39,1903.86,0,0,0,0,0,0
BSEQUI.BSE_IDX,01/07/2025,09:22:47,1903.8,0,0,0,0,0,0
BSEQUI.BSE_IDX,01/07/2025,09:22:55,1903.91,0,0,0,0,0,0
BSEQUI.BSE_IDX,01/07/2025,09:23:03,1903.77,0,0,0,0,0,0
BSEQUI.BSE_IDX,01/07/2025,09:23:11,1903.4,0,0,0,0,0,0
BSEQUI.BSE_IDX,01/07/2025,09:23:19,1903.39,0,0,0,0,0,0
BSEQUI.BSE_IDX,01/07/2025,09:23:27,1903.43,0,0,0,0,0,0
BSEQUI.BSE_IDX,01/07/2025,09:23:35,1903.59,0,0,0,0,0,0
BSEQUI.BSE_IDX,01/07/2025,09:23:44,1903.12,0,0,0,0,0,0
BSEQUI.BSE_IDX,01/07/2025,09:23:51,1903.01,0,0,0,0,0,0
BSEQUI.BSE_IDX,01/07/2025,09:23:59,1903.13,0,0,0,0,0,0
BSEQUI.BSE_IDX,01/07/2025,09:24:08,1903.57,0,0,0,0,0,0
BSEQUI.BSE_IDX,01/07/2025,09:24:15,1903.14,0,0,0,0,0,0
BSEQUI.BSE_IDX,01/07/2025,09:24:23,1903.43,0,0,0,0,0,0
BSEQUI.BSE_IDX,01/07/2025,09:24:32,1903.27,0,0,0,0,0,0
BSEQUI.BSE_IDX,01/07/2025,09:24:39,1903.52,0,0,0,0,0,0
BSEQUI.BSE_IDX,01/07/2025,09:24:48,1903.45,0,0,0,0,0,0
BSEQUI.BSE_IDX,01/07/2025,09:24:57,1903.4,0,0,0,0,0,0
BSEQUI.BSE_IDX,01/07/2025,09:25:03,1903.72,0,0,0,0,0,0
BSEQUI.BSE_IDX,01/07/2025,09:25:12,1904.03,0,0,0,0,0,0
BSEQUI.BSE_IDX,01/07/2025,09:25:19,1904.52,0,0,0,0,0,0
BSEQUI.BSE_IDX,01/07/2025,09:25:29,1904.56,0,0,0,0,0,0
BSEQUI.BSE_IDX,01/07/2025,09:25:35,1904.31,0,0,0,0,0,0
BSEQUI.BSE_IDX,01/07/2025,09:25:43,1904.15,0,0,0,0,0,0
BSEQUI.BSE_IDX,01/07/2025,09:25:51,1903.91,0,0,0,0,0,0
BSEQUI.BSE_IDX,01/07/2025,09:25:59,1903.78,0,0,0,0,0,0
BSEQUI.BSE_IDX,01/07/2025,09:26:08,1903.68,0,0,0,0,0,0
BSEQUI.BSE_IDX,01/07/2025,09:26:15,1903.55,0,0,0,0,0,0
BSEQUI.BSE_IDX,01/07/2025,09:26:24,1903.73,0,0,0,0,0,0
BSEQUI.BSE_IDX,01/07/2025,09:26:31,1903.99,0,0,0,0,0,0
BSEQUI.BSE_IDX,01/07/2025,09:26:39,1904.47,0,0,0,0,0,0
BSEQUI.BSE_IDX,01/07/2025,09:26:48,1904.47,0,0,0,0,0,0
BSEQUI.BSE_IDX,01/07/2025,09:26:55,1904.63,0,0,0,0,0,0
BSEQUI.BSE_IDX,01/07/2025,09:27:04,1904.85,0,0,0,0,0,0
BSEQUI.BSE_IDX,01/07/2025,09:27:12,1904.36,0,0,0,0,0,0
BSEQUI.BSE_IDX,01/07/2025,09:27:19,1904.57,0,0,0,0,0,0
BSEQUI.BSE_IDX,01/07/2025,09:27:28,1904.64,0,0,0,0,0,0
BSEQUI.BSE_IDX,01/07/2025,09:27:36,1904.5,0,0,0,0,0,0
BSEQUI.BSE_IDX,01/07/2025,09:27:44,1904.45,0,0,0,0,0,0
BSEQUI.BSE_IDX,01/07/2025,09:27:51,1904.4,0,0,0,0,0,0
BSEQUI.BSE_IDX,01/07/2025,09:28:00,1904.26,0,0,0,0,0,0
BSEQUI.BSE_IDX,01/07/2025,09:28:08,1903.82,0,0,0,0,0,0
BSEQUI.BSE_IDX,01/07/2025,09:28:16,1903.83,0,0,0,0,0,0
BSEQUI.BSE_IDX,01/07/2025,09:28:24,1903.27,0,0,0,0,0,0
BSEQUI.BSE_IDX,01/07/2025,09:28:32,1903.15,0,0,0,0,0,0
BSEQUI.BSE_IDX,01/07/2025,09:28:40,1902.99,0,0,0,0,0,0
BSEQUI.BSE_IDX,01/07/2025,09:28:48,1902.84,0,0,0,0,0,0
BSEQUI.BSE_IDX,01/07/2025,09:28:56,1902.97,0,0,0,0,0,0
BSEQUI.BSE_IDX,01/07/2025,09:29:04,1902.84,0,0,0,0,0,0
BSEQUI.BSE_IDX,01/07/2025,09:29:12,1902.74,0,0,0,0,0,0
BSEQUI.BSE_IDX,01/07/2025,09:29:20,1902.46,0,0,0,0,0,0
BSEQUI.BSE_IDX,01/07/2025,09:29:28,1902.48,0,0,0,0,0,0
BSEQUI.BSE_IDX,01/07/2025,09:29:36,1902.44,0,0,0,0,0,0
BSEQUI.BSE_IDX,01/07/2025,09:29:44,1902.7,0,0,0,0,0,0
BSEQUI.BSE_IDX,01/07/2025,09:29:52,1902.43,0,0,0,0,0,0
BSEQUI.BSE_IDX,01/07/2025,09:30:00,1902.63,0,0,0,0,0,0
BSEQUI.BSE_IDX,01/07/2025,09:30:08,1903.02,0,0,0,0,0,0
BSEQUI.BSE_IDX,01/07/2025,09:30:16,1903.74,0,0,0,0,0,0
BSEQUI.BSE_IDX,01/07/2025,09:30:24,1903.97,0,0,0,0,0,0
BSEQUI.BSE_IDX,01/07/2025,09:30:32,1904.06,0,0,0,0,0,0
BSEQUI.BSE_IDX,01/07/2025,09:30:40,1904.21,0,0,0,0,0,0
BSEQUI.BSE_IDX,01/07/2025,09:30:48,1904.7,0,0,0,0,0,0
BSEQUI.BSE_IDX,01/07/2025,09:30:56,1904.31,0,0,0,0,0,0
BSEQUI.BSE_IDX,01/07/2025,09:31:04,1904.3,0,0,0,0,0,0
BSEQUI.BSE_IDX,01/07/2025,09:31:12,1904.52,0,0,0,0,0,0
BSEQUI.BSE_IDX,01/07/2025,09:31:20,1904.59,0,0,0,0,0,0
BSEQUI.BSE_IDX,01/07/2025,09:31:28,1904.99,0,0,0,0,0,0
BSEQUI.BSE_IDX,01/07/2025,09:31:36,1905.16,0,0,0,0,0,0
BSEQUI.BSE_IDX,01/07/2025,09:31:44,1905.12,0,0,0,0,0,0
BSEQUI.BSE_IDX,01/07/2025,09:31:52,1905.23,0,0,0,0,0,0
BSEQUI.BSE_IDX,01/07/2025,09:32:00,1905.45,0,0,0,0,0,0
BSEQUI.BSE_IDX,01/07/2025,09:32:08,1905.24,0,0,0,0,0,0
BSEQUI.BSE_IDX,01/07/2025,09:32:16,1905.17,0,0,0,0,0,0
BSEQUI.BSE_IDX,01/07/2025,09:32:24,1905.22,0,0,0,0,0,0
BSEQUI.BSE_IDX,01/07/2025,09:32:32,1905.29,0,0,0,0,0,0
BSEQUI.BSE_IDX,01/07/2025,09:32:40,1905.33,0,0,0,0,0,0
BSEQUI.BSE_IDX,01/07/2025,09:32:48,1905.52,0,0,0,0,0,0
BSEQUI.BSE_IDX,01/07/2025,09:32:56,1905.55,0,0,0,0,0,0
BSEQUI.BSE_IDX,01/07/2025,09:33:04,1905.59,0,0,0,0,0,0
BSEQUI.BSE_IDX,01/07/2025,09:33:12,1906.11,0,0,0,0,0,0
BSEQUI.BSE_IDX,01/07/2025,09:33:20,1906.09,0,0,0,0,0,0
BSEQUI.BSE_IDX,01/07/2025,09:33:28,1905.91,0,0,0,0,0,0
BSEQUI.BSE_IDX,01/07/2025,09:33:36,1905.64,0,0,0,0,0,0
BSEQUI.BSE_IDX,01/07/2025,09:33:44,1905.76,0,0,0,0,0,0
BSEQUI.BSE_IDX,01/07/2025,09:33:52,1905.98,0,0,0,0,0,0
BSEQUI.BSE_IDX,01/07/2025,09:34:00,1906.2,0,0,0,0,0,0
BSEQUI.BSE_IDX,01/07/2025,09:34:08,1906.45,0,0,0,0,0,0
BSEQUI.BSE_IDX,01/07/2025,09:34:16,1906.4,0,0,0,0,0,0
BSEQUI.BSE_IDX,01/07/2025,09:34:24,1906.4,0,0,0,0,0,0
BSEQUI.BSE_IDX,01/07/2025,09:34:32,1906.91,0,0,0,0,0,0
BSEQUI.BSE_IDX,01/07/2025,09:34:40,1906.73,0,0,0,0,0,0
BSEQUI.BSE_IDX,01/07/2025,09:34:48,1906.62,0,0,0,0,0,0
BSEQUI.BSE_IDX,01/07/2025,09:34:56,1906.6,0,0,0,0,0,0
BSEQUI.BSE_IDX,01/07/2025,09:35:05,1906.31,0,0,0,0,0,0
BSEQUI.BSE_IDX,01/07/2025,09:35:12,1906.24,0,0,0,0,0,0
BSEQUI.BSE_IDX,01/07/2025,09:35:20,1906.04,0,0,0,0,0,0
BSEQUI.BSE_IDX,01/07/2025,09:35:28,1906.14,0,0,0,0,0,0
BSEQUI.BSE_IDX,01/07/2025,09:35:36,1906.39,0,0,0,0,0,0
BSEQUI.BSE_IDX,01/07/2025,09:35:44,1906.53,0,0,0,0,0,0
BSEQUI.BSE_IDX,01/07/2025,09:35:52,1906.45,0,0,0,0,0,0
BSEQUI.BSE_IDX,01/07/2025,09:36:00,1906.58,0,0,0,0,0,0
BSEQUI.BSE_IDX,01/07/2025,09:36:08,1906.4,0,0,0,0,0,0
BSEQUI.BSE_IDX,01/07/2025,09:36:16,1906.51,0,0,0,0,0,0
BSEQUI.BSE_IDX,01/07/2025,09:36:24,1906.52,0,0,0,0,0,0
BSEQUI.BSE_IDX,01/07/2025,09:36:33,1906.41,0,0,0,0,0,0
BSEQUI.BSE_IDX,01/07/2025,09:36:40,1906.21,0,0,0,0,0,0
BSEQUI.BSE_IDX,01/07/2025,09:36:48,1906.34,0,0,0,0,0,0
BSEQUI.BSE_IDX,01/07/2025,09:36:56,1906.86,0,0,0,0,0,0
BSEQUI.BSE_IDX,01/07/2025,09:37:04,1907.01,0,0,0,0,0,0
BSEQUI.BSE_IDX,01/07/2025,09:37:12,1907.14,0,0,0,0,0,0
BSEQUI.BSE_IDX,01/07/2025,09:37:20,1907.45,0,0,0,0,0,0
BSEQUI.BSE_IDX,01/07/2025,09:37:28,1907.67,0,0,0,0,0,0
BSEQUI.BSE_IDX,01/07/2025,09:37:36,1907.8,0,0,0,0,0,0
BSEQUI.BSE_IDX,01/07/2025,09:37:44,1907.47,0,0,0,0,0,0
BSEQUI.BSE_IDX,01/07/2025,09:37:52,1907.65,0,0,0,0,0,0
BSEQUI.BSE_IDX,01/07/2025,09:38:00,1907.68,0,0,0,0,0,0
BSEQUI.BSE_IDX,01/07/2025,09:38:08,1907.41,0,0,0,0,0,0
BSEQUI.BSE_IDX,01/07/2025,09:38:16,1907.5,0,0,0,0,0,0
BSEQUI.BSE_IDX,01/07/2025,09:38:24,1907.48,0,0,0,0,0,0
BSEQUI.BSE_IDX,01/07/2025,09:38:32,1907.4,0,0,0,0,0,0
BSEQUI.BSE_IDX,01/07/2025,09:38:40,1907.15,0,0,0,0,0,0
BSEQUI.BSE_IDX,01/07/2025,09:38:48,1906.95,0,0,0,0,0,0
BSEQUI.BSE_IDX,01/07/2025,09:38:56,1907,0,0,0,0,0,0
BSEQUI.BSE_IDX,01/07/2025,09:39:04,1906.82,0,0,0,0,0,0
BSEQUI.BSE_IDX,01/07/2025,09:39:12,1906.82,0,0,0,0,0,0
BSEQUI.BSE_IDX,01/07/2025,09:39:20,1906.9,0,0,0,0,0,0
BSEQUI.BSE_IDX,01/07/2025,09:39:28,1906.93,0,0,0,0,0,0
BSEQUI.BSE_IDX,01/07/2025,09:39:36,1907.17,0,0,0,0,0,0
BSEQUI.BSE_IDX,01/07/2025,09:39:44,1907.33,0,0,0,0,0,0
BSEQUI.BSE_IDX,01/07/2025,09:39:52,1907.66,0,0,0,0,0,0
BSEQUI.BSE_IDX,01/07/2025,09:40:00,1907.44,0,0,0,0,0,0
BSEQUI.BSE_IDX,01/07/2025,09:40:08,1907.75,0,0,0,0,0,0
BSEQUI.BSE_IDX,01/07/2025,09:40:16,1907.51,0,0,0,0,0,0
BSEQUI.BSE_IDX,01/07/2025,09:40:24,1907.3,0,0,0,0,0,0
BSEQUI.BSE_IDX,01/07/2025,09:40:32,1906.86,0,0,0,0,0,0
BSEQUI.BSE_IDX,01/07/2025,09:40:40,1906.86,0,0,0,0,0,0
BSEQUI.BSE_IDX,01/07/2025,09:40:48,1906.62,0,0,0,0,0,0
BSEQUI.BSE_IDX,01/07/2025,09:40:56,1906.23,0,0,0,0,0,0
BSEQUI.BSE_IDX,01/07/2025,09:41:04,1906.1,0,0,0,0,0,0
BSEQUI.BSE_IDX,01/07/2025,09:41:12,1906.36,0,0,0,0,0,0
BSEQUI.BSE_IDX,01/07/2025,09:41:20,1906.69,0,0,0,0,0,0
BSEQUI.BSE_IDX,01/07/2025,09:41:28,1906.81,0,0,0,0,0,0
BSEQUI.BSE_IDX,01/07/2025,09:41:36,1907.05,0,0,0,0,0,0
BSEQUI.BSE_IDX,01/07/2025,09:41:44,1906.86,0,0,0,0,0,0
BSEQUI.BSE_IDX,01/07/2025,09:41:52,1907.12,0,0,0,0,0,0
BSEQUI.BSE_IDX,01/07/2025,09:42:00,1907.46,0,0,0,0,0,0
BSEQUI.BSE_IDX,01/07/2025,09:42:08,1907.56,0,0,0,0,0,0
BSEQUI.BSE_IDX,01/07/2025,09:42:16,1907.8,0,0,0,0,0,0
BSEQUI.BSE_IDX,01/07/2025,09:42:24,1907.18,0,0,0,0,0,0
BSEQUI.BSE_IDX,01/07/2025,09:42:32,1907.35,0,0,0,0,0,0
BSEQUI.BSE_IDX,01/07/2025,09:42:40,1907.33,0,0,0,0,0,0
BSEQUI.BSE_IDX,01/07/2025,09:42:48,1907.46,0,0,0,0,0,0
BSEQUI.BSE_IDX,01/07/2025,09:42:56,1907.46,0,0,0,0,0,0
BSEQUI.BSE_IDX,01/07/2025,09:43:04,1907.34,0,0,0,0,0,0
BSEQUI.BSE_IDX,01/07/2025,09:43:12,1907.32,0,0,0,0,0,0
BSEQUI.BSE_IDX,01/07/2025,09:43:20,1907.52,0,0,0,0,0,0
BSEQUI.BSE_IDX,01/07/2025,09:43:28,1907.88,0,0,0,0,0,0
BSEQUI.BSE_IDX,01/07/2025,09:43:36,1907.91,0,0,0,0,0,0
BSEQUI.BSE_IDX,01/07/2025,09:43:44,1907.71,0,0,0,0,0,0
BSEQUI.BSE_IDX,01/07/2025,09:43:53,1907.63,0,0,0,0,0,0
BSEQUI.BSE_IDX,01/07/2025,09:44:00,1907.74,0,0,0,0,0,0
BSEQUI.BSE_IDX,01/07/2025,09:44:08,1907.7,0,0,0,0,0,0
BSEQUI.BSE_IDX,01/07/2025,09:44:16,1907.37,0,0,0,0,0,0
BSEQUI.BSE_IDX,01/07/2025,09:44:24,1907.12,0,0,0,0,0,0
BSEQUI.BSE_IDX,01/07/2025,09:44:32,1907.15,0,0,0,0,0,0
BSEQUI.BSE_IDX,01/07/2025,09:44:40,1907.17,0,0,0,0,0,0
BSEQUI.BSE_IDX,01/07/2025,09:44:48,1907.07,0,0,0,0,0,0
BSEQUI.BSE_IDX,01/07/2025,09:44:56,1907.11,0,0,0,0,0,0
BSEQUI.BSE_IDX,01/07/2025,09:45:05,1907.2,0,0,0,0,0,0
BSEQUI.BSE_IDX,01/07/2025,09:45:12,1907.1,0,0,0,0,0,0
BSEQUI.BSE_IDX,01/07/2025,09:45:20,1906.63,0,0,0,0,0,0
BSEQUI.BSE_IDX,01/07/2025,09:45:28,1906.5,0,0,0,0,0,0
BSEQUI.BSE_IDX,01/07/2025,09:45:36,1906.62,0,0,0,0,0,0
BSEQUI.BSE_IDX,01/07/2025,09:45:44,1906.16,0,0,0,0,0,0
BSEQUI.BSE_IDX,01/07/2025,09:45:52,1906.18,0,0,0,0,0,0
BSEQUI.BSE_IDX,01/07/2025,09:46:01,1906.19,0,0,0,0,0,0
BSEQUI.BSE_IDX,01/07/2025,09:46:08,1905.73,0,0,0,0,0,0
BSEQUI.BSE_IDX,01/07/2025,09:46:16,1905.97,0,0,0,0,0,0
BSEQUI.BSE_IDX,01/07/2025,09:46:24,1906.26,0,0,0,0,0,0
BSEQUI.BSE_IDX,01/07/2025,09:46:32,1906.61,0,0,0,0,0,0
BSEQUI.BSE_IDX,01/07/2025,09:46:40,1906.57,0,0,0,0,0,0
BSEQUI.BSE_IDX,01/07/2025,09:46:48,1906.56,0,0,0,0,0,0
BSEQUI.BSE_IDX,01/07/2025,09:46:56,1906.67,0,0,0,0,0,0
BSEQUI.BSE_IDX,01/07/2025,09:47:04,1906.59,0,0,0,0,0,0
BSEQUI.BSE_IDX,01/07/2025,09:47:12,1906.52,0,0,0,0,0,0
BSEQUI.BSE_IDX,01/07/2025,09:47:20,1906.56,0,0,0,0,0,0
BSEQUI.BSE_IDX,01/07/2025,09:47:28,1906.27,0,0,0,0,0,0
BSEQUI.BSE_IDX,01/07/2025,09:47:36,1906.22,0,0,0,0,0,0
BSEQUI.BSE_IDX,01/07/2025,09:47:44,1905.93,0,0,0,0,0,0
BSEQUI.BSE_IDX,01/07/2025,09:47:52,1906.05,0,0,0,0,0,0
BSEQUI.BSE_IDX,01/07/2025,09:48:00,1906.05,0,0,0,0,0,0
BSEQUI.BSE_IDX,01/07/2025,09:48:08,1906.09,0,0,0,0,0,0
BSEQUI.BSE_IDX,01/07/2025,09:48:16,1906.17,0,0,0,0,0,0
BSEQUI.BSE_IDX,01/07/2025,09:48:24,1906.28,0,0,0,0,0,0
BSEQUI.BSE_IDX,01/07/2025,09:48:32,1906.15,0,0,0,0,0,0
BSEQUI.BSE_IDX,01/07/2025,09:48:40,1906.05,0,0,0,0,0,0
BSEQUI.BSE_IDX,01/07/2025,09:48:48,1906.07,0,0,0,0,0,0
BSEQUI.BSE_IDX,01/07/2025,09:48:56,1906.51,0,0,0,0,0,0
BSEQUI.BSE_IDX,01/07/2025,09:49:04,1906.48,0,0,0,0,0,0
BSEQUI.BSE_IDX,01/07/2025,09:49:12,1906.19,0,0,0,0,0,0
BSEQUI.BSE_IDX,01/07/2025,09:49:20,1906.16,0,0,0,0,0,0
BSEQUI.BSE_IDX,01/07/2025,09:49:28,1906.24,0,0,0,0,0,0
BSEQUI.BSE_IDX,01/07/2025,09:49:36,1906.62,0,0,0,0,0,0
BSEQUI.BSE_IDX,01/07/2025,09:49:44,1906.85,0,0,0,0,0,0
BSEQUI.BSE_IDX,01/07/2025,09:49:52,1907.14,0,0,0,0,0,0
BSEQUI.BSE_IDX,01/07/2025,09:50:00,1907.12,0,0,0,0,0,0
BSEQUI.BSE_IDX,01/07/2025,09:50:08,1907.3,0,0,0,0,0,0
BSEQUI.BSE_IDX,01/07/2025,09:50:16,1907.36,0,0,0,0,0,0
BSEQUI.BSE_IDX,01/07/2025,09:50:24,1907.25,0,0,0,0,0,0
BSEQUI.BSE_IDX,01/07/2025,09:50:32,1907.22,0,0,0,0,0,0
BSEQUI.BSE_IDX,01/07/2025,09:50:40,1906.89,0,0,0,0,0,0
BSEQUI.BSE_IDX,01/07/2025,09:50:48,1906.56,0,0,0,0,0,0
BSEQUI.BSE_IDX,01/07/2025,09:50:57,1906.54,0,0,0,0,0,0
BSEQUI.BSE_IDX,01/07/2025,09:51:04,1906.23,0,0,0,0,0,0
BSEQUI.BSE_IDX,01/07/2025,09:51:12,1906.49,0,0,0,0,0,0
BSEQUI.BSE_IDX,01/07/2025,09:51:20,1906.4,0,0,0,0,0,0
BSEQUI.BSE_IDX,01/07/2025,09:51:28,1906.24,0,0,0,0,0,0
BSEQUI.BSE_IDX,01/07/2025,09:51:37,1905.89,0,0,0,0,0,0
BSEQUI.BSE_IDX,01/07/2025,09:51:44,1906.17,0,0,0,0,0,0
BSEQUI.BSE_IDX,01/07/2025,09:51:52,1905.99,0,0,0,0,0,0
BSEQUI.BSE_IDX,01/07/2025,09:52:01,1906.1,0,0,0,0,0,0
BSEQUI.BSE_IDX,01/07/2025,09:52:08,1906.13,0,0,0,0,0,0
BSEQUI.BSE_IDX,01/07/2025,09:52:17,1905.64,0,0,0,0,0,0
BSEQUI.BSE_IDX,01/07/2025,09:52:24,1905.71,0,0,0,0,0,0
BSEQUI.BSE_IDX,01/07/2025,09:52:32,1905.83,0,0,0,0,0,0
BSEQUI.BSE_IDX,01/07/2025,09:52:40,1905.7,0,0,0,0,0,0
BSEQUI.BSE_IDX,01/07/2025,09:52:48,1905.95,0,0,0,0,0,0
BSEQUI.BSE_IDX,01/07/2025,09:52:57,1905.91,0,0,0,0,0,0
BSEQUI.BSE_IDX,01/07/2025,09:53:04,1906.01,0,0,0,0,0,0
BSEQUI.BSE_IDX,01/07/2025,09:53:13,1906.04,0,0,0,0,0,0
BSEQUI.BSE_IDX,01/07/2025,09:53:20,1906.27,0,0,0,0,0,0
BSEQUI.BSE_IDX,01/07/2025,09:53:28,1906.24,0,0,0,0,0,0
BSEQUI.BSE_IDX,01/07/2025,09:53:36,1906.3,0,0,0,0,0,0
BSEQUI.BSE_IDX,01/07/2025,09:53:44,1906.37,0,0,0,0,0,0
BSEQUI.BSE_IDX,01/07/2025,09:53:52,1906.38,0,0,0,0,0,0
BSEQUI.BSE_IDX,01/07/2025,09:54:00,1906.24,0,0,0,0,0,0
BSEQUI.BSE_IDX,01/07/2025,09:54:08,1905.83,0,0,0,0,0,0
BSEQUI.BSE_IDX,01/07/2025,09:54:16,1905.59,0,0,0,0,0,0
BSEQUI.BSE_IDX,01/07/2025,09:54:24,1905.63,0,0,0,0,0,0
BSEQUI.BSE_IDX,01/07/2025,09:54:32,1905.63,0,0,0,0,0,0
BSEQUI.BSE_IDX,01/07/2025,09:54:40,1905.68,0,0,0,0,0,0
BSEQUI.BSE_IDX,01/07/2025,09:54:48,1905.72,0,0,0,0,0,0
BSEQUI.BSE_IDX,01/07/2025,09:54:56,1905.78,0,0,0,0,0,0
BSEQUI.BSE_IDX,01/07/2025,09:55:04,1905.83,0,0,0,0,0,0
BSEQUI.BSE_IDX,01/07/2025,09:55:12,1906.05,0,0,0,0,0,0
BSEQUI.BSE_IDX,01/07/2025,09:55:20,1906.21,0,0,0,0,0,0
BSEQUI.BSE_IDX,01/07/2025,09:55:28,1905.92,0,0,0,0,0,0
BSEQUI.BSE_IDX,01/07/2025,09:55:36,1905.86,0,0,0,0,0,0
BSEQUI.BSE_IDX,01/07/2025,09:55:44,1905.19,0,0,0,0,0,0
BSEQUI.BSE_IDX,01/07/2025,09:55:52,1905,0,0,0,0,0,0
BSEQUI.BSE_IDX,01/07/2025,09:56:00,1904.86,0,0,0,0,0,0
BSEQUI.BSE_IDX,01/07/2025,09:56:08,1904.75,0,0,0,0,0,0
BSEQUI.BSE_IDX,01/07/2025,09:56:16,1904.96,0,0,0,0,0,0
BSEQUI.BSE_IDX,01/07/2025,09:56:25,1904.95,0,0,0,0,0,0
BSEQUI.BSE_IDX,01/07/2025,09:56:32,1904.98,0,0,0,0,0,0
BSEQUI.BSE_IDX,01/07/2025,09:56:41,1905.19,0,0,0,0,0,0
BSEQUI.BSE_IDX,01/07/2025,09:56:48,1905.24,0,0,0,0,0,0
BSEQUI.BSE_IDX,01/07/2025,09:56:57,1905.27,0,0,0,0,0,0
BSEQUI.BSE_IDX,01/07/2025,09:57:04,1905.14,0,0,0,0,0,0
BSEQUI.BSE_IDX,01/07/2025,09:57:12,1905.49,0,0,0,0,0,0
BSEQUI.BSE_IDX,01/07/2025,09:57:20,1905.76,0,0,0,0,0,0
BSEQUI.BSE_IDX,01/07/2025,09:57:28,1905.62,0,0,0,0,0,0
BSEQUI.BSE_IDX,01/07/2025,09:57:36,1905.66,0,0,0,0,0,0
BSEQUI.BSE_IDX,01/07/2025,09:57:44,1905.39,0,0,0,0,0,0
BSEQUI.BSE_IDX,01/07/2025,09:57:52,1905.3,0,0,0,0,0,0
BSEQUI.BSE_IDX,01/07/2025,09:58:00,1905.32,0,0,0,0,0,0
BSEQUI.BSE_IDX,01/07/2025,09:58:08,1905.33,0,0,0,0,0,0
BSEQUI.BSE_IDX,01/07/2025,09:58:16,1905.33,0,0,0,0,0,0
BSEQUI.BSE_IDX,01/07/2025,09:58:24,1905.24,0,0,0,0,0,0
BSEQUI.BSE_IDX,01/07/2025,09:58:32,1905.17,0,0,0,0,0,0
BSEQUI.BSE_IDX,01/07/2025,09:58:40,1905.21,0,0,0,0,0,0
BSEQUI.BSE_IDX,01/07/2025,09:58:48,1905.38,0,0,0,0,0,0
BSEQUI.BSE_IDX,01/07/2025,09:58:56,1905.65,0,0,0,0,0,0
BSEQUI.BSE_IDX,01/07/2025,09:59:05,1905.95,0,0,0,0,0,0
BSEQUI.BSE_IDX,01/07/2025,09:59:12,1905.83,0,0,0,0,0,0
BSEQUI.BSE_IDX,01/07/2025,09:59:20,1905.75,0,0,0,0,0,0
BSEQUI.BSE_IDX,01/07/2025,09:59:28,1905.57,0,0,0,0,0,0
BSEQUI.BSE_IDX,01/07/2025,09:59:36,1905.61,0,0,0,0,0,0
BSEQUI.BSE_IDX,01/07/2025,09:59:45,1905.66,0,0,0,0,0,0
BSEQUI.BSE_IDX,01/07/2025,09:59:52,1905.71,0,0,0,0,0,0
BSEQUI.BSE_IDX,01/07/2025,10:00:00,1905.76,0,0,0,0,0,0
BSEQUI.BSE_IDX,01/07/2025,10:00:08,1905.97,0,0,0,0,0,0
BSEQUI.BSE_IDX,01/07/2025,10:00:16,1906.03,0,0,0,0,0,0
BSEQUI.BSE_IDX,01/07/2025,10:00:24,1905.72,0,0,0,0,0,0
BSEQUI.BSE_IDX,01/07/2025,10:00:32,1905.87,0,0,0,0,0,0
BSEQUI.BSE_IDX,01/07/2025,10:00:40,1905.8,0,0,0,0,0,0
BSEQUI.BSE_IDX,01/07/2025,10:00:48,1905.91,0,0,0,0,0,0
BSEQUI.BSE_IDX,01/07/2025,10:00:56,1905.98,0,0,0,0,0,0
BSEQUI.BSE_IDX,01/07/2025,10:01:04,1905.79,0,0,0,0,0,0
BSEQUI.BSE_IDX,01/07/2025,10:01:12,1905.92,0,0,0,0,0,0
BSEQUI.BSE_IDX,01/07/2025,10:01:21,1905.96,0,0,0,0,0,0
BSEQUI.BSE_IDX,01/07/2025,10:01:28,1905.84,0,0,0,0,0,0
BSEQUI.BSE_IDX,01/07/2025,10:01:36,1905.71,0,0,0,0,0,0
BSEQUI.BSE_IDX,01/07/2025,10:01:44,1905.77,0,0,0,0,0,0
BSEQUI.BSE_IDX,01/07/2025,10:01:52,1905.62,0,0,0,0,0,0
BSEQUI.BSE_IDX,01/07/2025,10:02:00,1905.27,0,0,0,0,0,0
BSEQUI.BSE_IDX,01/07/2025,10:02:08,1905.36,0,0,0,0,0,0
BSEQUI.BSE_IDX,01/07/2025,10:02:17,1905.15,0,0,0,0,0,0
BSEQUI.BSE_IDX,01/07/2025,10:02:24,1905.2,0,0,0,0,0,0
BSEQUI.BSE_IDX,01/07/2025,10:02:32,1905.19,0,0,0,0,0,0
BSEQUI.BSE_IDX,01/07/2025,10:02:41,1905.27,0,0,0,0,0,0
BSEQUI.BSE_IDX,01/07/2025,10:02:49,1905.17,0,0,0,0,0,0
BSEQUI.BSE_IDX,01/07/2025,10:02:56,1905.06,0,0,0,0,0,0
BSEQUI.BSE_IDX,01/07/2025,10:03:04,1904.58,0,0,0,0,0,0
BSEQUI.BSE_IDX,01/07/2025,10:03:13,1904.28,0,0,0,0,0,0
BSEQUI.BSE_IDX,01/07/2025,10:03:20,1904.15,0,0,0,0,0,0
BSEQUI.BSE_IDX,01/07/2025,10:03:29,1903.58,0,0,0,0,0,0
BSEQUI.BSE_IDX,01/07/2025,10:03:37,1903.54,0,0,0,0,0,0
BSEQUI.BSE_IDX,01/07/2025,10:03:53,1903.18,0,0,0,0,0,0
BSEQUI.BSE_IDX,01/07/2025,10:04:01,1903.33,0,0,0,0,0,0
BSEQUI.BSE_IDX,01/07/2025,10:04:09,1903.37,0,0,0,0,0,0
BSEQUI.BSE_IDX,01/07/2025,10:04:17,1903.25,0,0,0,0,0,0
BSEQUI.BSE_IDX,01/07/2025,10:04:25,1903.07,0,0,0,0,0,0
BSEQUI.BSE_IDX,01/07/2025,10:04:33,1903.19,0,0,0,0,0,0
BSEQUI.BSE_IDX,01/07/2025,10:04:41,1903.24,0,0,0,0,0,0
BSEQUI.BSE_IDX,01/07/2025,10:04:50,1902.98,0,0,0,0,0,0
BSEQUI.BSE_IDX,01/07/2025,10:04:57,1903.2,0,0,0,0,0,0
BSEQUI.BSE_IDX,01/07/2025,10:05:05,1902.89,0,0,0,0,0,0
BSEQUI.BSE_IDX,01/07/2025,10:05:14,1903.04,0,0,0,0,0,0
BSEQUI.BSE_IDX,01/07/2025,10:05:21,1903.16,0,0,0,0,0,0
BSEQUI.BSE_IDX,01/07/2025,10:05:29,1902.85,0,0,0,0,0,0
BSEQUI.BSE_IDX,01/07/2025,10:05:37,1902.91,0,0,0,0,0,0
BSEQUI.BSE_IDX,01/07/2025,10:05:45,1903.05,0,0,0,0,0,0
BSEQUI.BSE_IDX,01/07/2025,10:05:53,1903.21,0,0,0,0,0,0
BSEQUI.BSE_IDX,01/07/2025,10:06:01,1903.38,0,0,0,0,0,0
BSEQUI.BSE_IDX,01/07/2025,10:06:09,1903.61,0,0,0,0,0,0
BSEQUI.BSE_IDX,01/07/2025,10:06:17,1903.76,0,0,0,0,0,0
BSEQUI.BSE_IDX,01/07/2025,10:06:25,1903.92,0,0,0,0,0,0
BSEQUI.BSE_IDX,01/07/2025,10:06:33,1903.99,0,0,0,0,0,0
BSEQUI.BSE_IDX,01/07/2025,10:06:41,1904.13,0,0,0,0,0,0
BSEQUI.BSE_IDX,01/07/2025,10:06:49,1904.27,0,0,0,0,0,0
BSEQUI.BSE_IDX,01/07/2025,10:06:57,1904.38,0,0,0,0,0,0
BSEQUI.BSE_IDX,01/07/2025,10:07:05,1904.51,0,0,0,0,0,0
BSEQUI.BSE_IDX,01/07/2025,10:07:13,1904.44,0,0,0,0,0,0
BSEQUI.BSE_IDX,01/07/2025,10:07:21,1904.58,0,0,0,0,0,0
BSEQUI.BSE_IDX,01/07/2025,10:07:29,1904.74,0,0,0,0,0,0
BSEQUI.BSE_IDX,01/07/2025,10:07:37,1905.02,0,0,0,0,0,0
BSEQUI.BSE_IDX,01/07/2025,10:07:45,1905.05,0,0,0,0,0,0
BSEQUI.BSE_IDX,01/07/2025,10:07:53,1904.87,0,0,0,0,0,0
BSEQUI.BSE_IDX,01/07/2025,10:08:01,1904.8,0,0,0,0,0,0
BSEQUI.BSE_IDX,01/07/2025,10:08:09,1904.89,0,0,0,0,0,0
BSEQUI.BSE_IDX,01/07/2025,10:08:17,1904.78,0,0,0,0,0,0
BSEQUI.BSE_IDX,01/07/2025,10:08:25,1904.85,0,0,0,0,0,0
BSEQUI.BSE_IDX,01/07/2025,10:08:33,1904.37,0,0,0,0,0,0
BSEQUI.BSE_IDX,01/07/2025,10:08:41,1904.19,0,0,0,0,0,0
BSEQUI.BSE_IDX,01/07/2025,10:08:49,1904.16,0,0,0,0,0,0
BSEQUI.BSE_IDX,01/07/2025,10:08:57,1904.17,0,0,0,0,0,0
BSEQUI.BSE_IDX,01/07/2025,10:09:05,1903.95,0,0,0,0,0,0
BSEQUI.BSE_IDX,01/07/2025,10:09:13,1904.13,0,0,0,0,0,0
BSEQUI.BSE_IDX,01/07/2025,10:09:21,1904.12,0,0,0,0,0,0
BSEQUI.BSE_IDX,01/07/2025,10:09:29,1904.38,0,0,0,0,0,0
BSEQUI.BSE_IDX,01/07/2025,10:09:37,1904.28,0,0,0,0,0,0
BSEQUI.BSE_IDX,01/07/2025,10:09:45,1904.21,0,0,0,0,0,0
BSEQUI.BSE_IDX,01/07/2025,10:09:53,1904.23,0,0,0,0,0,0
BSEQUI.BSE_IDX,01/07/2025,10:10:01,1904.47,0,0,0,0,0,0
BSEQUI.BSE_IDX,01/07/2025,10:10:09,1904.37,0,0,0,0,0,0
BSEQUI.BSE_IDX,01/07/2025,10:10:17,1904.55,0,0,0,0,0,0
BSEQUI.BSE_IDX,01/07/2025,10:10:25,1904.66,0,0,0,0,0,0
BSEQUI.BSE_IDX,01/07/2025,10:10:33,1904.73,0,0,0,0,0,0
BSEQUI.BSE_IDX,01/07/2025,10:10:41,1904.74,0,0,0,0,0,0
BSEQUI.BSE_IDX,01/07/2025,10:10:49,1904.77,0,0,0,0,0,0
BSEQUI.BSE_IDX,01/07/2025,10:10:57,1904.52,0,0,0,0,0,0
BSEQUI.BSE_IDX,01/07/2025,10:11:05,1904.48,0,0,0,0,0,0
BSEQUI.BSE_IDX,01/07/2025,10:11:13,1904.43,0,0,0,0,0,0
BSEQUI.BSE_IDX,01/07/2025,10:11:22,1904.45,0,0,0,0,0,0
BSEQUI.BSE_IDX,01/07/2025,10:11:29,1904.34,0,0,0,0,0,0
BSEQUI.BSE_IDX,01/07/2025,10:11:37,1904.45,0,0,0,0,0,0
BSEQUI.BSE_IDX,01/07/2025,10:11:45,1904.46,0,0,0,0,0,0
BSEQUI.BSE_IDX,01/07/2025,10:11:53,1904.35,0,0,0,0,0,0
BSEQUI.BSE_IDX,01/07/2025,10:12:01,1904.5,0,0,0,0,0,0
BSEQUI.BSE_IDX,01/07/2025,10:12:09,1904.49,0,0,0,0,0,0
BSEQUI.BSE_IDX,01/07/2025,10:12:17,1904.27,0,0,0,0,0,0
BSEQUI.BSE_IDX,01/07/2025,10:12:25,1903.92,0,0,0,0,0,0
BSEQUI.BSE_IDX,01/07/2025,10:12:33,1904.05,0,0,0,0,0,0
BSEQUI.BSE_IDX,01/07/2025,10:12:41,1903.92,0,0,0,0,0,0
BSEQUI.BSE_IDX,01/07/2025,10:12:49,1903.92,0,0,0,0,0,0
BSEQUI.BSE_IDX,01/07/2025,10:12:57,1903.79,0,0,0,0,0,0
BSEQUI.BSE_IDX,01/07/2025,10:13:05,1903.71,0,0,0,0,0,0
BSEQUI.BSE_IDX,01/07/2025,10:13:13,1903.87,0,0,0,0,0,0
BSEQUI.BSE_IDX,01/07/2025,10:13:21,1903.88,0,0,0,0,0,0
BSEQUI.BSE_IDX,01/07/2025,10:13:29,1903.65,0,0,0,0,0,0
BSEQUI.BSE_IDX,01/07/2025,10:13:37,1903.79,0,0,0,0,0,0
BSEQUI.BSE_IDX,01/07/2025,10:13:45,1903.63,0,0,0,0,0,0
BSEQUI.BSE_IDX,01/07/2025,10:13:53,1903.48,0,0,0,0,0,0
BSEQUI.BSE_IDX,01/07/2025,10:14:01,1903.32,0,0,0,0,0,0
BSEQUI.BSE_IDX,01/07/2025,10:14:09,1903.34,0,0,0,0,0,0
BSEQUI.BSE_IDX,01/07/2025,10:14:17,1903.53,0,0,0,0,0,0
BSEQUI.BSE_IDX,01/07/2025,10:14:25,1903.4,0,0,0,0,0,0
BSEQUI.BSE_IDX,01/07/2025,10:14:33,1903.32,0,0,0,0,0,0
BSEQUI.BSE_IDX,01/07/2025,10:14:41,1903.33,0,0,0,0,0,0
BSEQUI.BSE_IDX,01/07/2025,10:14:49,1903.02,0,0,0,0,0,0
BSEQUI.BSE_IDX,01/07/2025,10:14:57,1902.75,0,0,0,0,0,0
BSEQUI.BSE_IDX,01/07/2025,10:15:05,1902.85,0,0,0,0,0,0
BSEQUI.BSE_IDX,01/07/2025,10:15:13,1902.73,0,0,0,0,0,0
BSEQUI.BSE_IDX,01/07/2025,10:15:21,1902.86,0,0,0,0,0,0
BSEQUI.BSE_IDX,01/07/2025,10:15:29,1903,0,0,0,0,0,0
BSEQUI.BSE_IDX,01/07/2025,10:15:37,1903.18,0,0,0,0,0,0
BSEQUI.BSE_IDX,01/07/2025,10:15:45,1903.23,0,0,0,0,0,0
BSEQUI.BSE_IDX,01/07/2025,10:15:53,1903.15,0,0,0,0,0,0
BSEQUI.BSE_IDX,01/07/2025,10:16:01,1903.47,0,0,0,0,0,0
BSEQUI.BSE_IDX,01/07/2025,10:16:09,1903.55,0,0,0,0,0,0
BSEQUI.BSE_IDX,01/07/2025,10:16:17,1903.37,0,0,0,0,0,0
BSEQUI.BSE_IDX,01/07/2025,10:16:25,1903.38,0,0,0,0,0,0
BSEQUI.BSE_IDX,01/07/2025,10:16:33,1903.44,0,0,0,0,0,0
BSEQUI.BSE_IDX,01/07/2025,10:16:41,1903.12,0,0,0,0,0,0
BSEQUI.BSE_IDX,01/07/2025,10:16:49,1903.09,0,0,0,0,0,0
BSEQUI.BSE_IDX,01/07/2025,10:16:57,1903.16,0,0,0,0,0,0
BSEQUI.BSE_IDX,01/07/2025,10:17:05,1903.31,0,0,0,0,0,0
BSEQUI.BSE_IDX,01/07/2025,10:17:13,1903.36,0,0,0,0,0,0
BSEQUI.BSE_IDX,01/07/2025,10:17:21,1903.47,0,0,0,0,0,0
BSEQUI.BSE_IDX,01/07/2025,10:17:29,1903.62,0,0,0,0,0,0
BSEQUI.BSE_IDX,01/07/2025,10:17:37,1903.7,0,0,0,0,0,0
BSEQUI.BSE_IDX,01/07/2025,10:17:45,1903.68,0,0,0,0,0,0
BSEQUI.BSE_IDX,01/07/2025,10:17:53,1903.96,0,0,0,0,0,0
BSEQUI.BSE_IDX,01/07/2025,10:18:01,1904.17,0,0,0,0,0,0
BSEQUI.BSE_IDX,01/07/2025,10:18:09,1904.3,0,0,0,0,0,0
BSEQUI.BSE_IDX,01/07/2025,10:18:17,1904.53,0,0,0,0,0,0
BSEQUI.BSE_IDX,01/07/2025,10:18:25,1904.43,0,0,0,0,0,0
BSEQUI.BSE_IDX,01/07/2025,10:18:33,1904.32,0,0,0,0,0,0
BSEQUI.BSE_IDX,01/07/2025,10:18:41,1904.02,0,0,0,0,0,0
BSEQUI.BSE_IDX,01/07/2025,10:18:49,1904.06,0,0,0,0,0,0
BSEQUI.BSE_IDX,01/07/2025,10:18:57,1904.22,0,0,0,0,0,0
BSEQUI.BSE_IDX,01/07/2025,10:19:05,1904.23,0,0,0,0,0,0
BSEQUI.BSE_IDX,01/07/2025,10:19:13,1904.13,0,0,0,0,0,0
BSEQUI.BSE_IDX,01/07/2025,10:19:21,1904.13,0,0,0,0,0,0
BSEQUI.BSE_IDX,01/07/2025,10:19:29,1904.21,0,0,0,0,0,0
BSEQUI.BSE_IDX,01/07/2025,10:19:37,1904.14,0,0,0,0,0,0
BSEQUI.BSE_IDX,01/07/2025,10:19:45,1904,0,0,0,0,0,0
BSEQUI.BSE_IDX,01/07/2025,10:19:53,1903.8,0,0,0,0,0,0
BSEQUI.BSE_IDX,01/07/2025,10:20:01,1903.9,0,0,0,0,0,0
BSEQUI.BSE_IDX,01/07/2025,10:20:09,1903.91,0,0,0,0,0,0
BSEQUI.BSE_IDX,01/07/2025,10:20:17,1903.9,0,0,0,0,0,0
BSEQUI.BSE_IDX,01/07/2025,10:20:25,1903.98,0,0,0,0,0,0
BSEQUI.BSE_IDX,01/07/2025,10:20:33,1903.88,0,0,0,0,0,0
BSEQUI.BSE_IDX,01/07/2025,10:20:41,1903.88,0,0,0,0,0,0
BSEQUI.BSE_IDX,01/07/2025,10:20:49,1903.95,0,0,0,0,0,0
BSEQUI.BSE_IDX,01/07/2025,10:20:57,1903.84,0,0,0,0,0,0
BSEQUI.BSE_IDX,01/07/2025,10:21:05,1903.81,0,0,0,0,0,0
BSEQUI.BSE_IDX,01/07/2025,10:21:13,1903.52,0,0,0,0,0,0
BSEQUI.BSE_IDX,01/07/2025,10:21:21,1903.38,0,0,0,0,0,0
BSEQUI.BSE_IDX,01/07/2025,10:21:29,1903.31,0,0,0,0,0,0
BSEQUI.BSE_IDX,01/07/2025,10:21:37,1903.54,0,0,0,0,0,0
BSEQUI.BSE_IDX,01/07/2025,10:21:45,1903.23,0,0,0,0,0,0
BSEQUI.BSE_IDX,01/07/2025,10:21:53,1903.29,0,0,0,0,0,0
BSEQUI.BSE_IDX,01/07/2025,10:22:01,1903.6,0,0,0,0,0,0
BSEQUI.BSE_IDX,01/07/2025,10:22:09,1903.44,0,0,0,0,0,0
BSEQUI.BSE_IDX,01/07/2025,10:22:17,1903.13,0,0,0,0,0,0
BSEQUI.BSE_IDX,01/07/2025,10:22:25,1903.22,0,0,0,0,0,0
BSEQUI.BSE_IDX,01/07/2025,10:22:33,1903.19,0,0,0,0,0,0
BSEQUI.BSE_IDX,01/07/2025,10:22:41,1903.22,0,0,0,0,0,0
BSEQUI.BSE_IDX,01/07/2025,10:22:49,1903.28,0,0,0,0,0,0
BSEQUI.BSE_IDX,01/07/2025,10:22:57,1903.33,0,0,0,0,0,0
BSEQUI.BSE_IDX,01/07/2025,10:23:05,1903.18,0,0,0,0,0,0
BSEQUI.BSE_IDX,01/07/2025,10:23:13,1903.49,0,0,0,0,0,0
BSEQUI.BSE_IDX,01/07/2025,10:23:21,1903.66,0,0,0,0,0,0
BSEQUI.BSE_IDX,01/07/2025,10:23:29,1903.74,0,0,0,0,0,0
BSEQUI.BSE_IDX,01/07/2025,10:23:37,1903.65,0,0,0,0,0,0
BSEQUI.BSE_IDX,01/07/2025,10:23:45,1903.64,0,0,0,0,0,0
BSEQUI.BSE_IDX,01/07/2025,10:23:53,1903.74,0,0,0,0,0,0
BSEQUI.BSE_IDX,01/07/2025,10:24:01,1903.65,0,0,0,0,0,0
BSEQUI.BSE_IDX,01/07/2025,10:24:09,1903.56,0,0,0,0,0,0
BSEQUI.BSE_IDX,01/07/2025,10:24:17,1903.35,0,0,0,0,0,0
BSEQUI.BSE_IDX,01/07/2025,10:24:25,1903.37,0,0,0,0,0,0
BSEQUI.BSE_IDX,01/07/2025,10:24:33,1903.22,0,0,0,0,0,0
BSEQUI.BSE_IDX,01/07/2025,10:24:41,1903.14,0,0,0,0,0,0
BSEQUI.BSE_IDX,01/07/2025,10:24:49,1903.12,0,0,0,0,0,0
BSEQUI.BSE_IDX,01/07/2025,10:24:57,1903.24,0,0,0,0,0,0
BSEQUI.BSE_IDX,01/07/2025,10:25:05,1903.18,0,0,0,0,0,0
BSEQUI.BSE_IDX,01/07/2025,10:25:13,1903.33,0,0,0,0,0,0
BSEQUI.BSE_IDX,01/07/2025,10:25:21,1903.25,0,0,0,0,0,0
BSEQUI.BSE_IDX,01/07/2025,10:25:29,1903.2,0,0,0,0,0,0
BSEQUI.BSE_IDX,01/07/2025,10:25:37,1903.36,0,0,0,0,0,0
BSEQUI.BSE_IDX,01/07/2025,10:25:45,1903.31,0,0,0,0,0,0
BSEQUI.BSE_IDX,01/07/2025,10:25:53,1903.14,0,0,0,0,0,0
BSEQUI.BSE_IDX,01/07/2025,10:26:01,1903.31,0,0,0,0,0,0
BSEQUI.BSE_IDX,01/07/2025,10:26:09,1903.34,0,0,0,0,0,0
BSEQUI.BSE_IDX,01/07/2025,10:26:17,1903.15,0,0,0,0,0,0
BSEQUI.BSE_IDX,01/07/2025,10:26:25,1903.34,0,0,0,0,0,0
BSEQUI.BSE_IDX,01/07/2025,10:26:33,1903.24,0,0,0,0,0,0
BSEQUI.BSE_IDX,01/07/2025,10:26:41,1903.06,0,0,0,0,0,0
BSEQUI.BSE_IDX,01/07/2025,10:26:49,1902.86,0,0,0,0,0,0
BSEQUI.BSE_IDX,01/07/2025,10:26:57,1902.99,0,0,0,0,0,0
BSEQUI.BSE_IDX,01/07/2025,10:27:05,1902.99,0,0,0,0,0,0
BSEQUI.BSE_IDX,01/07/2025,10:27:13,1902.87,0,0,0,0,0,0
BSEQUI.BSE_IDX,01/07/2025,10:27:21,1902.82,0,0,0,0,0,0
BSEQUI.BSE_IDX,01/07/2025,10:27:29,1903.21,0,0,0,0,0,0
BSEQUI.BSE_IDX,01/07/2025,10:27:37,1903.25,0,0,0,0,0,0
BSEQUI.BSE_IDX,01/07/2025,10:27:45,1903.08,0,0,0,0,0,0
BSEQUI.BSE_IDX,01/07/2025,10:27:53,1903.14,0,0,0,0,0,0
BSEQUI.BSE_IDX,01/07/2025,10:28:01,1903.01,0,0,0,0,0,0
BSEQUI.BSE_IDX,01/07/2025,10:28:09,1903.23,0,0,0,0,0,0
BSEQUI.BSE_IDX,01/07/2025,10:28:17,1902.91,0,0,0,0,0,0
BSEQUI.BSE_IDX,01/07/2025,10:28:25,1902.67,0,0,0,0,0,0
BSEQUI.BSE_IDX,01/07/2025,10:28:33,1902.69,0,0,0,0,0,0
BSEQUI.BSE_IDX,01/07/2025,10:28:41,1903.03,0,0,0,0,0,0
BSEQUI.BSE_IDX,01/07/2025,10:28:49,1903.06,0,0,0,0,0,0
BSEQUI.BSE_IDX,01/07/2025,10:28:57,1902.93,0,0,0,0,0,0
BSEQUI.BSE_IDX,01/07/2025,10:29:05,1902.68,0,0,0,0,0,0
BSEQUI.BSE_IDX,01/07/2025,10:29:13,1902.79,0,0,0,0,0,0
BSEQUI.BSE_IDX,01/07/2025,10:29:21,1902.85,0,0,0,0,0,0
BSEQUI.BSE_IDX,01/07/2025,10:29:29,1902.81,0,0,0,0,0,0
BSEQUI.BSE_IDX,01/07/2025,10:29:37,1902.66,0,0,0,0,0,0
BSEQUI.BSE_IDX,01/07/2025,10:29:46,1902.58,0,0,0,0,0,0
BSEQUI.BSE_IDX,01/07/2025,10:29:54,1902.76,0,0,0,0,0,0
BSEQUI.BSE_IDX,01/07/2025,10:30:01,1902.52,0,0,0,0,0,0
BSEQUI.BSE_IDX,01/07/2025,10:30:09,1902.51,0,0,0,0,0,0
BSEQUI.BSE_IDX,01/07/2025,10:30:17,1902.6,0,0,0,0,0,0
BSEQUI.BSE_IDX,01/07/2025,10:30:25,1902.77,0,0,0,0,0,0
BSEQUI.BSE_IDX,01/07/2025,10:30:33,1902.84,0,0,0,0,0,0
BSEQUI.BSE_IDX,01/07/2025,10:30:41,1902.8,0,0,0,0,0,0
BSEQUI.BSE_IDX,01/07/2025,10:30:49,1902.84,0,0,0,0,0,0
BSEQUI.BSE_IDX,01/07/2025,10:30:57,1902.7,0,0,0,0,0,0
BSEQUI.BSE_IDX,01/07/2025,10:31:05,1902.76,0,0,0,0,0,0
BSEQUI.BSE_IDX,01/07/2025,10:31:13,1902.76,0,0,0,0,0,0
BSEQUI.BSE_IDX,01/07/2025,10:31:21,1902.77,0,0,0,0,0,0
BSEQUI.BSE_IDX,01/07/2025,10:31:29,1902.56,0,0,0,0,0,0
BSEQUI.BSE_IDX,01/07/2025,10:31:37,1902.44,0,0,0,0,0,0
BSEQUI.BSE_IDX,01/07/2025,10:31:45,1902.29,0,0,0,0,0,0
BSEQUI.BSE_IDX,01/07/2025,10:31:53,1902.18,0,0,0,0,0,0
BSEQUI.BSE_IDX,01/07/2025,10:32:01,1902.3,0,0,0,0,0,0
BSEQUI.BSE_IDX,01/07/2025,10:32:09,1902.3,0,0,0,0,0,0
BSEQUI.BSE_IDX,01/07/2025,10:32:17,1902.34,0,0,0,0,0,0
BSEQUI.BSE_IDX,01/07/2025,10:32:25,1902.38,0,0,0,0,0,0
BSEQUI.BSE_IDX,01/07/2025,10:32:33,1902.45,0,0,0,0,0,0
BSEQUI.BSE_IDX,01/07/2025,10:32:41,1902.65,0,0,0,0,0,0
BSEQUI.BSE_IDX,01/07/2025,10:32:49,1902.86,0,0,0,0,0,0
BSEQUI.BSE_IDX,01/07/2025,10:32:57,1902.95,0,0,0,0,0,0
BSEQUI.BSE_IDX,01/07/2025,10:33:05,1903.11,0,0,0,0,0,0
BSEQUI.BSE_IDX,01/07/2025,10:33:13,1903.18,0,0,0,0,0,0
BSEQUI.BSE_IDX,01/07/2025,10:33:21,1903.04,0,0,0,0,0,0
BSEQUI.BSE_IDX,01/07/2025,10:33:29,1903.2,0,0,0,0,0,0
BSEQUI.BSE_IDX,01/07/2025,10:33:37,1903.05,0,0,0,0,0,0
BSEQUI.BSE_IDX,01/07/2025,10:33:45,1903.08,0,0,0,0,0,0
BSEQUI.BSE_IDX,01/07/2025,10:33:53,1903.08,0,0,0,0,0,0
BSEQUI.BSE_IDX,01/07/2025,10:34:01,1903.14,0,0,0,0,0,0
BSEQUI.BSE_IDX,01/07/2025,10:34:09,1903.05,0,0,0,0,0,0
BSEQUI.BSE_IDX,01/07/2025,10:34:17,1903.07,0,0,0,0,0,0
BSEQUI.BSE_IDX,01/07/2025,10:34:25,1903.2,0,0,0,0,0,0
BSEQUI.BSE_IDX,01/07/2025,10:34:33,1903.25,0,0,0,0,0,0
BSEQUI.BSE_IDX,01/07/2025,10:34:41,1903.31,0,0,0,0,0,0
BSEQUI.BSE_IDX,01/07/2025,10:34:49,1903.21,0,0,0,0,0,0
BSEQUI.BSE_IDX,01/07/2025,10:34:58,1903.06,0,0,0,0,0,0
BSEQUI.BSE_IDX,01/07/2025,10:35:06,1903.06,0,0,0,0,0,0
BSEQUI.BSE_IDX,01/07/2025,10:35:14,1903.13,0,0,0,0,0,0
BSEQUI.BSE_IDX,01/07/2025,10:35:21,1903.26,0,0,0,0,0,0
BSEQUI.BSE_IDX,01/07/2025,10:35:29,1903.21,0,0,0,0,0,0
BSEQUI.BSE_IDX,01/07/2025,10:35:37,1903.05,0,0,0,0,0,0
BSEQUI.BSE_IDX,01/07/2025,10:35:45,1902.87,0,0,0,0,0,0
BSEQUI.BSE_IDX,01/07/2025,10:35:54,1902.9,0,0,0,0,0,0
BSEQUI.BSE_IDX,01/07/2025,10:36:02,1902.85,0,0,0,0,0,0
BSEQUI.BSE_IDX,01/07/2025,10:36:10,1902.83,0,0,0,0,0,0
BSEQUI.BSE_IDX,01/07/2025,10:36:17,1902.91,0,0,0,0,0,0
BSEQUI.BSE_IDX,01/07/2025,10:36:25,1902.6,0,0,0,0,0,0
BSEQUI.BSE_IDX,01/07/2025,10:36:34,1902.65,0,0,0,0,0,0
BSEQUI.BSE_IDX,01/07/2025,10:36:42,1902.64,0,0,0,0,0,0
BSEQUI.BSE_IDX,01/07/2025,10:36:49,1902.61,0,0,0,0,0,0
BSEQUI.BSE_IDX,01/07/2025,10:36:58,1902.04,0,0,0,0,0,0
BSEQUI.BSE_IDX,01/07/2025,10:37:05,1902.04,0,0,0,0,0,0
BSEQUI.BSE_IDX,01/07/2025,10:37:14,1901.98,0,0,0,0,0,0
BSEQUI.BSE_IDX,01/07/2025,10:37:21,1901.97,0,0,0,0,0,0
BSEQUI.BSE_IDX,01/07/2025,10:37:30,1902.02,0,0,0,0,0,0
BSEQUI.BSE_IDX,01/07/2025,10:37:38,1901.86,0,0,0,0,0,0
BSEQUI.BSE_IDX,01/07/2025,10:37:46,1901.75,0,0,0,0,0,0
BSEQUI.BSE_IDX,01/07/2025,10:37:54,1901.78,0,0,0,0,0,0
BSEQUI.BSE_IDX,01/07/2025,10:38:02,1901.63,0,0,0,0,0,0
BSEQUI.BSE_IDX,01/07/2025,10:38:10,1901.46,0,0,0,0,0,0
BSEQUI.BSE_IDX,01/07/2025,10:38:18,1901.53,0,0,0,0,0,0
BSEQUI.BSE_IDX,01/07/2025,10:38:26,1901.57,0,0,0,0,0,0
BSEQUI.BSE_IDX,01/07/2025,10:38:34,1901.53,0,0,0,0,0,0
BSEQUI.BSE_IDX,01/07/2025,10:38:42,1901.45,0,0,0,0,0,0
BSEQUI.BSE_IDX,01/07/2025,10:38:50,1901.65,0,0,0,0,0,0
BSEQUI.BSE_IDX,01/07/2025,10:38:58,1901.76,0,0,0,0,0,0
BSEQUI.BSE_IDX,01/07/2025,10:39:06,1901.75,0,0,0,0,0,0
BSEQUI.BSE_IDX,01/07/2025,10:39:14,1901.77,0,0,0,0,0,0
BSEQUI.BSE_IDX,01/07/2025,10:39:22,1901.91,0,0,0,0,0,0
BSEQUI.BSE_IDX,01/07/2025,10:39:30,1901.74,0,0,0,0,0,0
BSEQUI.BSE_IDX,01/07/2025,10:39:38,1901.96,0,0,0,0,0,0
BSEQUI.BSE_IDX,01/07/2025,10:39:46,1901.94,0,0,0,0,0,0
BSEQUI.BSE_IDX,01/07/2025,10:39:54,1902.07,0,0,0,0,0,0
BSEQUI.BSE_IDX,01/07/2025,10:40:02,1902.15,0,0,0,0,0,0
BSEQUI.BSE_IDX,01/07/2025,10:40:10,1901.9,0,0,0,0,0,0
BSEQUI.BSE_IDX,01/07/2025,10:40:18,1901.89,0,0,0,0,0,0
BSEQUI.BSE_IDX,01/07/2025,10:40:26,1901.72,0,0,0,0,0,0
BSEQUI.BSE_IDX,01/07/2025,10:40:34,1901.74,0,0,0,0,0,0
BSEQUI.BSE_IDX,01/07/2025,10:40:42,1901.66,0,0,0,0,0,0
BSEQUI.BSE_IDX,01/07/2025,10:40:50,1901.65,0,0,0,0,0,0
BSEQUI.BSE_IDX,01/07/2025,10:40:58,1901.59,0,0,0,0,0,0
BSEQUI.BSE_IDX,01/07/2025,10:41:06,1901.63,0,0,0,0,0,0
BSEQUI.BSE_IDX,01/07/2025,10:41:14,1901.6,0,0,0,0,0,0
BSEQUI.BSE_IDX,01/07/2025,10:41:22,1901.58,0,0,0,0,0,0
BSEQUI.BSE_IDX,01/07/2025,10:41:30,1901.42,0,0,0,0,0,0
BSEQUI.BSE_IDX,01/07/2025,10:41:38,1901.68,0,0,0,0,0,0
BSEQUI.BSE_IDX,01/07/2025,10:41:46,1901.61,0,0,0,0,0,0
BSEQUI.BSE_IDX,01/07/2025,10:41:54,1901.73,0,0,0,0,0,0
BSEQUI.BSE_IDX,01/07/2025,10:42:02,1901.83,0,0,0,0,0,0
BSEQUI.BSE_IDX,01/07/2025,10:42:10,1901.84,0,0,0,0,0,0
BSEQUI.BSE_IDX,01/07/2025,10:42:18,1901.83,0,0,0,0,0,0
BSEQUI.BSE_IDX,01/07/2025,10:42:26,1901.8,0,0,0,0,0,0
BSEQUI.BSE_IDX,01/07/2025,10:42:34,1901.8,0,0,0,0,0,0
BSEQUI.BSE_IDX,01/07/2025,10:42:42,1901.8,0,0,0,0,0,0
BSEQUI.BSE_IDX,01/07/2025,10:42:50,1901.72,0,0,0,0,0,0
BSEQUI.BSE_IDX,01/07/2025,10:42:58,1901.62,0,0,0,0,0,0
BSEQUI.BSE_IDX,01/07/2025,10:43:06,1901.66,0,0,0,0,0,0
BSEQUI.BSE_IDX,01/07/2025,10:43:14,1901.67,0,0,0,0,0,0
BSEQUI.BSE_IDX,01/07/2025,10:43:22,1901.45,0,0,0,0,0,0
BSEQUI.BSE_IDX,01/07/2025,10:43:30,1901.59,0,0,0,0,0,0
BSEQUI.BSE_IDX,01/07/2025,10:43:38,1901.42,0,0,0,0,0,0
BSEQUI.BSE_IDX,01/07/2025,10:43:46,1901.24,0,0,0,0,0,0
BSEQUI.BSE_IDX,01/07/2025,10:43:54,1901.5,0,0,0,0,0,0
BSEQUI.BSE_IDX,01/07/2025,10:44:02,1901.53,0,0,0,0,0,0
BSEQUI.BSE_IDX,01/07/2025,10:44:10,1901.52,0,0,0,0,0,0
BSEQUI.BSE_IDX,01/07/2025,10:44:18,1901.58,0,0,0,0,0,0
BSEQUI.BSE_IDX,01/07/2025,10:44:26,1901.45,0,0,0,0,0,0
BSEQUI.BSE_IDX,01/07/2025,10:44:34,1901.4,0,0,0,0,0,0
BSEQUI.BSE_IDX,01/07/2025,10:44:42,1901.36,0,0,0,0,0,0
BSEQUI.BSE_IDX,01/07/2025,10:44:50,1901.38,0,0,0,0,0,0
BSEQUI.BSE_IDX,01/07/2025,10:44:58,1901.2,0,0,0,0,0,0
BSEQUI.BSE_IDX,01/07/2025,10:45:07,1900.93,0,0,0,0,0,0
BSEQUI.BSE_IDX,01/07/2025,10:45:14,1900.94,0,0,0,0,0,0
BSEQUI.BSE_IDX,01/07/2025,10:45:22,1900.74,0,0,0,0,0,0
BSEQUI.BSE_IDX,01/07/2025,10:45:30,1900.78,0,0,0,0,0,0
BSEQUI.BSE_IDX,01/07/2025,10:45:38,1900.73,0,0,0,0,0,0
BSEQUI.BSE_IDX,01/07/2025,10:45:46,1900.6,0,0,0,0,0,0
BSEQUI.BSE_IDX,01/07/2025,10:45:54,1900.27,0,0,0,0,0,0
BSEQUI.BSE_IDX,01/07/2025,10:46:02,1900.13,0,0,0,0,0,0
BSEQUI.BSE_IDX,01/07/2025,10:46:10,1899.99,0,0,0,0,0,0
BSEQUI.BSE_IDX,01/07/2025,10:46:18,1899.91,0,0,0,0,0,0
BSEQUI.BSE_IDX,01/07/2025,10:46:26,1900.04,0,0,0,0,0,0
BSEQUI.BSE_IDX,01/07/2025,10:46:34,1900.02,0,0,0,0,0,0
BSEQUI.BSE_IDX,01/07/2025,10:46:42,1900.05,0,0,0,0,0,0
BSEQUI.BSE_IDX,01/07/2025,10:46:50,1900.29,0,0,0,0,0,0
BSEQUI.BSE_IDX,01/07/2025,10:46:58,1900.33,0,0,0,0,0,0
BSEQUI.BSE_IDX,01/07/2025,10:47:06,1900.21,0,0,0,0,0,0
BSEQUI.BSE_IDX,01/07/2025,10:47:14,1900.36,0,0,0,0,0,0
BSEQUI.BSE_IDX,01/07/2025,10:47:22,1900.32,0,0,0,0,0,0
BSEQUI.BSE_IDX,01/07/2025,10:47:30,1900.49,0,0,0,0,0,0
BSEQUI.BSE_IDX,01/07/2025,10:47:38,1900.81,0,0,0,0,0,0
BSEQUI.BSE_IDX,01/07/2025,10:47:46,1900.84,0,0,0,0,0,0
BSEQUI.BSE_IDX,01/07/2025,10:47:54,1901.03,0,0,0,0,0,0
BSEQUI.BSE_IDX,01/07/2025,10:48:02,1901.13,0,0,0,0,0,0
BSEQUI.BSE_IDX,01/07/2025,10:48:10,1901.38,0,0,0,0,0,0
BSEQUI.BSE_IDX,01/07/2025,10:48:18,1901.44,0,0,0,0,0,0
BSEQUI.BSE_IDX,01/07/2025,10:48:26,1901.56,0,0,0,0,0,0
BSEQUI.BSE_IDX,01/07/2025,10:48:34,1901.32,0,0,0,0,0,0
BSEQUI.BSE_IDX,01/07/2025,10:48:42,1901.37,0,0,0,0,0,0
BSEQUI.BSE_IDX,01/07/2025,10:48:50,1901.27,0,0,0,0,0,0
BSEQUI.BSE_IDX,01/07/2025,10:48:58,1901,0,0,0,0,0,0
BSEQUI.BSE_IDX,01/07/2025,10:49:06,1900.9,0,0,0,0,0,0
BSEQUI.BSE_IDX,01/07/2025,10:49:14,1900.92,0,0,0,0,0,0
BSEQUI.BSE_IDX,01/07/2025,10:49:22,1900.93,0,0,0,0,0,0
BSEQUI.BSE_IDX,01/07/2025,10:49:30,1900.73,0,0,0,0,0,0
BSEQUI.BSE_IDX,01/07/2025,10:49:38,1900.7,0,0,0,0,0,0
BSEQUI.BSE_IDX,01/07/2025,10:49:46,1900.63,0,0,0,0,0,0
BSEQUI.BSE_IDX,01/07/2025,10:49:54,1900.63,0,0,0,0,0,0
BSEQUI.BSE_IDX,01/07/2025,10:50:02,1900.47,0,0,0,0,0,0
BSEQUI.BSE_IDX,01/07/2025,10:50:10,1900.32,0,0,0,0,0,0
BSEQUI.BSE_IDX,01/07/2025,10:50:18,1900.21,0,0,0,0,0,0
BSEQUI.BSE_IDX,01/07/2025,10:50:26,1900.26,0,0,0,0,0,0
BSEQUI.BSE_IDX,01/07/2025,10:50:34,1900.27,0,0,0,0,0,0
BSEQUI.BSE_IDX,01/07/2025,10:50:42,1900.23,0,0,0,0,0,0
BSEQUI.BSE_IDX,01/07/2025,10:50:50,1900.14,0,0,0,0,0,0
BSEQUI.BSE_IDX,01/07/2025,10:50:58,1900.05,0,0,0,0,0,0
BSEQUI.BSE_IDX,01/07/2025,10:51:06,1900.1,0,0,0,0,0,0
BSEQUI.BSE_IDX,01/07/2025,10:51:14,1900.04,0,0,0,0,0,0
BSEQUI.BSE_IDX,01/07/2025,10:51:22,1900.19,0,0,0,0,0,0
BSEQUI.BSE_IDX,01/07/2025,10:51:30,1900.1,0,0,0,0,0,0
BSEQUI.BSE_IDX,01/07/2025,10:51:38,1900.17,0,0,0,0,0,0
BSEQUI.BSE_IDX,01/07/2025,10:51:46,1900.17,0,0,0,0,0,0
BSEQUI.BSE_IDX,01/07/2025,10:51:54,1899.94,0,0,0,0,0,0
BSEQUI.BSE_IDX,01/07/2025,10:52:02,1899.98,0,0,0,0,0,0
BSEQUI.BSE_IDX,01/07/2025,10:52:10,1899.97,0,0,0,0,0,0
BSEQUI.BSE_IDX,01/07/2025,10:52:18,1899.93,0,0,0,0,0,0
BSEQUI.BSE_IDX,01/07/2025,10:52:26,1899.44,0,0,0,0,0,0
BSEQUI.BSE_IDX,01/07/2025,10:52:34,1899.67,0,0,0,0,0,0
BSEQUI.BSE_IDX,01/07/2025,10:52:43,1899.46,0,0,0,0,0,0
BSEQUI.BSE_IDX,01/07/2025,10:52:50,1899.32,0,0,0,0,0,0
BSEQUI.BSE_IDX,01/07/2025,10:52:58,1899.11,0,0,0,0,0,0
BSEQUI.BSE_IDX,01/07/2025,10:53:06,1899.31,0,0,0,0,0,0
BSEQUI.BSE_IDX,01/07/2025,10:53:14,1898.92,0,0,0,0,0,0
BSEQUI.BSE_IDX,01/07/2025,10:53:22,1899.06,0,0,0,0,0,0
BSEQUI.BSE_IDX,01/07/2025,10:53:30,1899.02,0,0,0,0,0,0
BSEQUI.BSE_IDX,01/07/2025,10:53:38,1899.2,0,0,0,0,0,0
BSEQUI.BSE_IDX,01/07/2025,10:53:46,1899.18,0,0,0,0,0,0
BSEQUI.BSE_IDX,01/07/2025,10:53:54,1899.05,0,0,0,0,0,0
BSEQUI.BSE_IDX,01/07/2025,10:54:02,1898.94,0,0,0,0,0,0
BSEQUI.BSE_IDX,01/07/2025,10:54:10,1899.03,0,0,0,0,0,0
BSEQUI.BSE_IDX,01/07/2025,10:54:18,1898.95,0,0,0,0,0,0
BSEQUI.BSE_IDX,01/07/2025,10:54:26,1899.09,0,0,0,0,0,0
BSEQUI.BSE_IDX,01/07/2025,10:54:34,1899.18,0,0,0,0,0,0
BSEQUI.BSE_IDX,01/07/2025,10:54:42,1899.42,0,0,0,0,0,0
BSEQUI.BSE_IDX,01/07/2025,10:54:51,1899.29,0,0,0,0,0,0
BSEQUI.BSE_IDX,01/07/2025,10:54:58,1899.24,0,0,0,0,0,0
BSEQUI.BSE_IDX,01/07/2025,10:55:06,1899.15,0,0,0,0,0,0
BSEQUI.BSE_IDX,01/07/2025,10:55:14,1899.01,0,0,0,0,0,0
BSEQUI.BSE_IDX,01/07/2025,10:55:22,1898.81,0,0,0,0,0,0
BSEQUI.BSE_IDX,01/07/2025,10:55:30,1898.75,0,0,0,0,0,0
BSEQUI.BSE_IDX,01/07/2025,10:55:38,1898.64,0,0,0,0,0,0
BSEQUI.BSE_IDX,01/07/2025,10:55:46,1898.64,0,0,0,0,0,0
BSEQUI.BSE_IDX,01/07/2025,10:55:54,1898.43,0,0,0,0,0,0
BSEQUI.BSE_IDX,01/07/2025,10:56:02,1898.63,0,0,0,0,0,0
BSEQUI.BSE_IDX,01/07/2025,10:56:10,1898.62,0,0,0,0,0,0
BSEQUI.BSE_IDX,01/07/2025,10:56:18,1898.53,0,0,0,0,0,0
BSEQUI.BSE_IDX,01/07/2025,10:56:26,1898.57,0,0,0,0,0,0
BSEQUI.BSE_IDX,01/07/2025,10:56:34,1898.58,0,0,0,0,0,0
BSEQUI.BSE_IDX,01/07/2025,10:56:42,1898.66,0,0,0,0,0,0
BSEQUI.BSE_IDX,01/07/2025,10:56:50,1898.74,0,0,0,0,0,0
BSEQUI.BSE_IDX,01/07/2025,10:56:58,1898.73,0,0,0,0,0,0
BSEQUI.BSE_IDX,01/07/2025,10:57:06,1898.68,0,0,0,0,0,0
BSEQUI.BSE_IDX,01/07/2025,10:57:14,1898.37,0,0,0,0,0,0
BSEQUI.BSE_IDX,01/07/2025,10:57:22,1898.42,0,0,0,0,0,0
BSEQUI.BSE_IDX,01/07/2025,10:57:30,1898.62,0,0,0,0,0,0
BSEQUI.BSE_IDX,01/07/2025,10:57:39,1898.45,0,0,0,0,0,0
BSEQUI.BSE_IDX,01/07/2025,10:57:46,1898.36,0,0,0,0,0,0
BSEQUI.BSE_IDX,01/07/2025,10:57:54,1898.26,0,0,0,0,0,0
BSEQUI.BSE_IDX,01/07/2025,10:58:02,1898.09,0,0,0,0,0,0
BSEQUI.BSE_IDX,01/07/2025,10:58:10,1898.18,0,0,0,0,0,0
BSEQUI.BSE_IDX,01/07/2025,10:58:18,1898.15,0,0,0,0,0,0
BSEQUI.BSE_IDX,01/07/2025,10:58:26,1898.15,0,0,0,0,0,0
BSEQUI.BSE_IDX,01/07/2025,10:58:34,1898.24,0,0,0,0,0,0
BSEQUI.BSE_IDX,01/07/2025,10:58:42,1898.29,0,0,0,0,0,0
BSEQUI.BSE_IDX,01/07/2025,10:58:50,1898.22,0,0,0,0,0,0
BSEQUI.BSE_IDX,01/07/2025,10:58:58,1898.31,0,0,0,0,0,0
BSEQUI.BSE_IDX,01/07/2025,10:59:06,1898.2,0,0,0,0,0,0
BSEQUI.BSE_IDX,01/07/2025,10:59:14,1898.26,0,0,0,0,0,0
BSEQUI.BSE_IDX,01/07/2025,10:59:22,1898.42,0,0,0,0,0,0
BSEQUI.BSE_IDX,01/07/2025,10:59:30,1898.34,0,0,0,0,0,0
BSEQUI.BSE_IDX,01/07/2025,10:59:38,1898.19,0,0,0,0,0,0
BSEQUI.BSE_IDX,01/07/2025,10:59:47,1898.16,0,0,0,0,0,0
BSEQUI.BSE_IDX,01/07/2025,10:59:55,1898.12,0,0,0,0,0,0
BSEQUI.BSE_IDX,01/07/2025,11:00:03,1898.14,0,0,0,0,0,0
BSEQUI.BSE_IDX,01/07/2025,11:00:11,1897.99,0,0,0,0,0,0
BSEQUI.BSE_IDX,01/07/2025,11:00:18,1898.15,0,0,0,0,0,0
BSEQUI.BSE_IDX,01/07/2025,11:00:26,1897.96,0,0,0,0,0,0
BSEQUI.BSE_IDX,01/07/2025,11:00:34,1897.95,0,0,0,0,0,0
BSEQUI.BSE_IDX,01/07/2025,11:00:42,1898,0,0,0,0,0,0
BSEQUI.BSE_IDX,01/07/2025,11:00:50,1897.96,0,0,0,0,0,0
BSEQUI.BSE_IDX,01/07/2025,11:00:58,1898.14,0,0,0,0,0,0
BSEQUI.BSE_IDX,01/07/2025,11:01:06,1898.14,0,0,0,0,0,0
BSEQUI.BSE_IDX,01/07/2025,11:01:15,1898.09,0,0,0,0,0,0
BSEQUI.BSE_IDX,01/07/2025,11:01:22,1898.26,0,0,0,0,0,0
BSEQUI.BSE_IDX,01/07/2025,11:01:30,1898.25,0,0,0,0,0,0
BSEQUI.BSE_IDX,01/07/2025,11:01:38,1898.08,0,0,0,0,0,0
BSEQUI.BSE_IDX,01/07/2025,11:01:46,1898.04,0,0,0,0,0,0
BSEQUI.BSE_IDX,01/07/2025,11:01:54,1897.93,0,0,0,0,0,0
BSEQUI.BSE_IDX,01/07/2025,11:02:02,1897.83,0,0,0,0,0,0
BSEQUI.BSE_IDX,01/07/2025,11:02:10,1897.74,0,0,0,0,0,0
BSEQUI.BSE_IDX,01/07/2025,11:02:18,1897.6,0,0,0,0,0,0
BSEQUI.BSE_IDX,01/07/2025,11:02:27,1897.48,0,0,0,0,0,0
BSEQUI.BSE_IDX,01/07/2025,11:02:34,1897.49,0,0,0,0,0,0
BSEQUI.BSE_IDX,01/07/2025,11:02:42,1897.39,0,0,0,0,0,0
BSEQUI.BSE_IDX,01/07/2025,11:02:51,1897.42,0,0,0,0,0,0
BSEQUI.BSE_IDX,01/07/2025,11:02:58,1897.41,0,0,0,0,0,0
BSEQUI.BSE_IDX,01/07/2025,11:03:06,1897.3,0,0,0,0,0,0
BSEQUI.BSE_IDX,01/07/2025,11:03:14,1897.31,0,0,0,0,0,0
BSEQUI.BSE_IDX,01/07/2025,11:03:22,1897.32,0,0,0,0,0,0
BSEQUI.BSE_IDX,01/07/2025,11:03:31,1897.36,0,0,0,0,0,0
BSEQUI.BSE_IDX,01/07/2025,11:03:38,1897.28,0,0,0,0,0,0
BSEQUI.BSE_IDX,01/07/2025,11:03:46,1897.13,0,0,0,0,0,0
BSEQUI.BSE_IDX,01/07/2025,11:03:54,1897.14,0,0,0,0,0,0
BSEQUI.BSE_IDX,01/07/2025,11:04:02,1897.16,0,0,0,0,0,0
BSEQUI.BSE_IDX,01/07/2025,11:04:10,1897.14,0,0,0,0,0,0
BSEQUI.BSE_IDX,01/07/2025,11:04:18,1897.15,0,0,0,0,0,0
BSEQUI.BSE_IDX,01/07/2025,11:04:27,1897.36,0,0,0,0,0,0
BSEQUI.BSE_IDX,01/07/2025,11:04:34,1897.32,0,0,0,0,0,0
BSEQUI.BSE_IDX,01/07/2025,11:04:42,1897.08,0,0,0,0,0,0
BSEQUI.BSE_IDX,01/07/2025,11:04:51,1897.17,0,0,0,0,0,0
BSEQUI.BSE_IDX,01/07/2025,11:04:58,1897.2,0,0,0,0,0,0
BSEQUI.BSE_IDX,01/07/2025,11:05:06,1897.14,0,0,0,0,0,0
BSEQUI.BSE_IDX,01/07/2025,11:05:14,1897.24,0,0,0,0,0,0
BSEQUI.BSE_IDX,01/07/2025,11:05:22,1897.44,0,0,0,0,0,0
BSEQUI.BSE_IDX,01/07/2025,11:05:30,1897.35,0,0,0,0,0,0
BSEQUI.BSE_IDX,01/07/2025,11:05:38,1897.62,0,0,0,0,0,0
BSEQUI.BSE_IDX,01/07/2025,11:05:46,1897.48,0,0,0,0,0,0
BSEQUI.BSE_IDX,01/07/2025,11:05:54,1897.52,0,0,0,0,0,0
BSEQUI.BSE_IDX,01/07/2025,11:06:02,1897.55,0,0,0,0,0,0
BSEQUI.BSE_IDX,01/07/2025,11:06:11,1897.54,0,0,0,0,0,0
BSEQUI.BSE_IDX,01/07/2025,11:06:19,1897.81,0,0,0,0,0,0
BSEQUI.BSE_IDX,01/07/2025,11:06:26,1897.78,0,0,0,0,0,0
BSEQUI.BSE_IDX,01/07/2025,11:06:34,1897.71,0,0,0,0,0,0
BSEQUI.BSE_IDX,01/07/2025,11:06:42,1897.64,0,0,0,0,0,0
BSEQUI.BSE_IDX,01/07/2025,11:06:50,1897.81,0,0,0,0,0,0
BSEQUI.BSE_IDX,01/07/2025,11:06:58,1897.86,0,0,0,0,0,0
BSEQUI.BSE_IDX,01/07/2025,11:07:06,1897.94,0,0,0,0,0,0
BSEQUI.BSE_IDX,01/07/2025,11:07:15,1897.81,0,0,0,0,0,0
BSEQUI.BSE_IDX,01/07/2025,11:07:22,1897.89,0,0,0,0,0,0
BSEQUI.BSE_IDX,01/07/2025,11:07:30,1898.03,0,0,0,0,0,0
BSEQUI.BSE_IDX,01/07/2025,11:07:38,1898.2,0,0,0,0,0,0
BSEQUI.BSE_IDX,01/07/2025,11:07:46,1898.19,0,0,0,0,0,0
BSEQUI.BSE_IDX,01/07/2025,11:07:54,1898.17,0,0,0,0,0,0
BSEQUI.BSE_IDX,01/07/2025,11:08:02,1898.29,0,0,0,0,0,0
BSEQUI.BSE_IDX,01/07/2025,11:08:11,1898.34,0,0,0,0,0,0
BSEQUI.BSE_IDX,01/07/2025,11:08:18,1898.26,0,0,0,0,0,0
BSEQUI.BSE_IDX,01/07/2025,11:08:27,1898.2,0,0,0,0,0,0
BSEQUI.BSE_IDX,01/07/2025,11:08:35,1898.16,0,0,0,0,0,0
BSEQUI.BSE_IDX,01/07/2025,11:08:43,1898.3,0,0,0,0,0,0
BSEQUI.BSE_IDX,01/07/2025,11:08:51,1898.37,0,0,0,0,0,0
BSEQUI.BSE_IDX,01/07/2025,11:08:58,1898.4,0,0,0,0,0,0
BSEQUI.BSE_IDX,01/07/2025,11:09:07,1898.44,0,0,0,0,0,0
BSEQUI.BSE_IDX,01/07/2025,11:09:15,1898.43,0,0,0,0,0,0
BSEQUI.BSE_IDX,01/07/2025,11:09:23,1898.33,0,0,0,0,0,0
BSEQUI.BSE_IDX,01/07/2025,11:09:31,1898.37,0,0,0,0,0,0
BSEQUI.BSE_IDX,01/07/2025,11:09:39,1898.64,0,0,0,0,0,0
BSEQUI.BSE_IDX,01/07/2025,11:09:46,1898.51,0,0,0,0,0,0
BSEQUI.BSE_IDX,01/07/2025,11:09:55,1898.41,0,0,0,0,0,0
BSEQUI.BSE_IDX,01/07/2025,11:10:03,1898.39,0,0,0,0,0,0
BSEQUI.BSE_IDX,01/07/2025,11:10:11,1898.39,0,0,0,0,0,0
BSEQUI.BSE_IDX,01/07/2025,11:10:19,1898.41,0,0,0,0,0,0
BSEQUI.BSE_IDX,01/07/2025,11:10:27,1898.41,0,0,0,0,0,0
BSEQUI.BSE_IDX,01/07/2025,11:10:35,1898.65,0,0,0,0,0,0
BSEQUI.BSE_IDX,01/07/2025,11:10:43,1898.77,0,0,0,0,0,0
BSEQUI.BSE_IDX,01/07/2025,11:10:51,1898.56,0,0,0,0,0,0
BSEQUI.BSE_IDX,01/07/2025,11:10:59,1898.5,0,0,0,0,0,0
BSEQUI.BSE_IDX,01/07/2025,11:11:07,1898.3,0,0,0,0,0,0
BSEQUI.BSE_IDX,01/07/2025,11:11:15,1898.41,0,0,0,0,0,0
BSEQUI.BSE_IDX,01/07/2025,11:11:23,1898.55,0,0,0,0,0,0
BSEQUI.BSE_IDX,01/07/2025,11:11:31,1898.33,0,0,0,0,0,0
BSEQUI.BSE_IDX,01/07/2025,11:11:39,1898.11,0,0,0,0,0,0
BSEQUI.BSE_IDX,01/07/2025,11:11:47,1898.17,0,0,0,0,0,0
BSEQUI.BSE_IDX,01/07/2025,11:11:55,1897.96,0,0,0,0,0,0
BSEQUI.BSE_IDX,01/07/2025,11:12:03,1897.96,0,0,0,0,0,0
BSEQUI.BSE_IDX,01/07/2025,11:12:11,1897.9,0,0,0,0,0,0
BSEQUI.BSE_IDX,01/07/2025,11:12:19,1897.9,0,0,0,0,0,0
BSEQUI.BSE_IDX,01/07/2025,11:12:27,1898.06,0,0,0,0,0,0
BSEQUI.BSE_IDX,01/07/2025,11:12:35,1897.98,0,0,0,0,0,0
BSEQUI.BSE_IDX,01/07/2025,11:12:43,1897.93,0,0,0,0,0,0
BSEQUI.BSE_IDX,01/07/2025,11:12:51,1898,0,0,0,0,0,0
BSEQUI.BSE_IDX,01/07/2025,11:12:59,1897.89,0,0,0,0,0,0
BSEQUI.BSE_IDX,01/07/2025,11:13:07,1897.9,0,0,0,0,0,0
BSEQUI.BSE_IDX,01/07/2025,11:13:16,1897.89,0,0,0,0,0,0
BSEQUI.BSE_IDX,01/07/2025,11:13:23,1897.91,0,0,0,0,0,0
BSEQUI.BSE_IDX,01/07/2025,11:13:31,1897.91,0,0,0,0,0,0
BSEQUI.BSE_IDX,01/07/2025,11:13:39,1897.89,0,0,0,0,0,0
BSEQUI.BSE_IDX,01/07/2025,11:13:47,1897.83,0,0,0,0,0,0
BSEQUI.BSE_IDX,01/07/2025,11:13:55,1897.69,0,0,0,0,0,0
BSEQUI.BSE_IDX,01/07/2025,11:14:03,1897.59,0,0,0,0,0,0
BSEQUI.BSE_IDX,01/07/2025,11:14:11,1897.62,0,0,0,0,0,0
BSEQUI.BSE_IDX,01/07/2025,11:14:19,1897.79,0,0,0,0,0,0
BSEQUI.BSE_IDX,01/07/2025,11:14:27,1897.78,0,0,0,0,0,0
BSEQUI.BSE_IDX,01/07/2025,11:14:35,1897.74,0,0,0,0,0,0
BSEQUI.BSE_IDX,01/07/2025,11:14:43,1897.58,0,0,0,0,0,0
BSEQUI.BSE_IDX,01/07/2025,11:14:51,1897.63,0,0,0,0,0,0
BSEQUI.BSE_IDX,01/07/2025,11:14:59,1897.86,0,0,0,0,0,0
BSEQUI.BSE_IDX,01/07/2025,11:15:07,1897.9,0,0,0,0,0,0
BSEQUI.BSE_IDX,01/07/2025,11:15:15,1897.95,0,0,0,0,0,0
BSEQUI.BSE_IDX,01/07/2025,11:15:23,1897.77,0,0,0,0,0,0
BSEQUI.BSE_IDX,01/07/2025,11:15:31,1897.63,0,0,0,0,0,0
BSEQUI.BSE_IDX,01/07/2025,11:15:39,1897.85,0,0,0,0,0,0
BSEQUI.BSE_IDX,01/07/2025,11:15:47,1897.98,0,0,0,0,0,0
BSEQUI.BSE_IDX,01/07/2025,11:15:56,1897.93,0,0,0,0,0,0
BSEQUI.BSE_IDX,01/07/2025,11:16:03,1897.93,0,0,0,0,0,0
BSEQUI.BSE_IDX,01/07/2025,11:16:11,1897.85,0,0,0,0,0,0
BSEQUI.BSE_IDX,01/07/2025,11:16:19,1897.72,0,0,0,0,0,0
BSEQUI.BSE_IDX,01/07/2025,11:16:27,1897.54,0,0,0,0,0,0
BSEQUI.BSE_IDX,01/07/2025,11:16:35,1897.32,0,0,0,0,0,0
BSEQUI.BSE_IDX,01/07/2025,11:16:43,1897.36,0,0,0,0,0,0
BSEQUI.BSE_IDX,01/07/2025,11:16:51,1897.32,0,0,0,0,0,0
BSEQUI.BSE_IDX,01/07/2025,11:16:59,1897.26,0,0,0,0,0,0
BSEQUI.BSE_IDX,01/07/2025,11:17:07,1897.31,0,0,0,0,0,0
BSEQUI.BSE_IDX,01/07/2025,11:17:15,1897.47,0,0,0,0,0,0
BSEQUI.BSE_IDX,01/07/2025,11:17:23,1897.64,0,0,0,0,0,0
BSEQUI.BSE_IDX,01/07/2025,11:17:31,1897.66,0,0,0,0,0,0
BSEQUI.BSE_IDX,01/07/2025,11:17:39,1897.67,0,0,0,0,0,0
BSEQUI.BSE_IDX,01/07/2025,11:17:47,1897.79,0,0,0,0,0,0
BSEQUI.BSE_IDX,01/07/2025,11:17:57,1897.84,0,0,0,0,0,0
BSEQUI.BSE_IDX,01/07/2025,11:18:03,1897.93,0,0,0,0,0,0
BSEQUI.BSE_IDX,01/07/2025,11:18:11,1897.82,0,0,0,0,0,0
BSEQUI.BSE_IDX,01/07/2025,11:18:19,1897.84,0,0,0,0,0,0
BSEQUI.BSE_IDX,01/07/2025,11:18:27,1897.88,0,0,0,0,0,0
BSEQUI.BSE_IDX,01/07/2025,11:18:35,1897.85,0,0,0,0,0,0
BSEQUI.BSE_IDX,01/07/2025,11:18:44,1897.95,0,0,0,0,0,0
BSEQUI.BSE_IDX,01/07/2025,11:18:51,1897.96,0,0,0,0,0,0
BSEQUI.BSE_IDX,01/07/2025,11:18:59,1897.83,0,0,0,0,0,0
BSEQUI.BSE_IDX,01/07/2025,11:19:08,1897.84,0,0,0,0,0,0
BSEQUI.BSE_IDX,01/07/2025,11:19:15,1897.57,0,0,0,0,0,0
BSEQUI.BSE_IDX,01/07/2025,11:19:23,1897.57,0,0,0,0,0,0
BSEQUI.BSE_IDX,01/07/2025,11:19:31,1897.56,0,0,0,0,0,0
BSEQUI.BSE_IDX,01/07/2025,11:19:39,1897.49,0,0,0,0,0,0
BSEQUI.BSE_IDX,01/07/2025,11:19:47,1897.16,0,0,0,0,0,0
BSEQUI.BSE_IDX,01/07/2025,11:19:55,1896.98,0,0,0,0,0,0
BSEQUI.BSE_IDX,01/07/2025,11:20:03,1897.07,0,0,0,0,0,0
BSEQUI.BSE_IDX,01/07/2025,11:20:11,1897.19,0,0,0,0,0,0
BSEQUI.BSE_IDX,01/07/2025,11:20:19,1897.05,0,0,0,0,0,0
BSEQUI.BSE_IDX,01/07/2025,11:20:27,1897.15,0,0,0,0,0,0
BSEQUI.BSE_IDX,01/07/2025,11:20:35,1897.08,0,0,0,0,0,0
BSEQUI.BSE_IDX,01/07/2025,11:20:43,1897.11,0,0,0,0,0,0
BSEQUI.BSE_IDX,01/07/2025,11:20:51,1897.2,0,0,0,0,0,0
BSEQUI.BSE_IDX,01/07/2025,11:20:59,1897.19,0,0,0,0,0,0
BSEQUI.BSE_IDX,01/07/2025,11:21:07,1897.06,0,0,0,0,0,0
BSEQUI.BSE_IDX,01/07/2025,11:21:15,1897.04,0,0,0,0,0,0
BSEQUI.BSE_IDX,01/07/2025,11:21:24,1897.23,0,0,0,0,0,0
BSEQUI.BSE_IDX,01/07/2025,11:21:31,1897.16,0,0,0,0,0,0
BSEQUI.BSE_IDX,01/07/2025,11:21:39,1897.31,0,0,0,0,0,0
BSEQUI.BSE_IDX,01/07/2025,11:21:47,1897.27,0,0,0,0,0,0
BSEQUI.BSE_IDX,01/07/2025,11:21:56,1897.27,0,0,0,0,0,0
BSEQUI.BSE_IDX,01/07/2025,11:22:03,1897.35,0,0,0,0,0,0
BSEQUI.BSE_IDX,01/07/2025,11:22:11,1897.3,0,0,0,0,0,0
BSEQUI.BSE_IDX,01/07/2025,11:22:19,1897.28,0,0,0,0,0,0
BSEQUI.BSE_IDX,01/07/2025,11:22:28,1897.23,0,0,0,0,0,0
BSEQUI.BSE_IDX,01/07/2025,11:22:35,1897.41,0,0,0,0,0,0
BSEQUI.BSE_IDX,01/07/2025,11:22:43,1897.39,0,0,0,0,0,0
BSEQUI.BSE_IDX,01/07/2025,11:22:51,1897.45,0,0,0,0,0,0
BSEQUI.BSE_IDX,01/07/2025,11:22:59,1897.23,0,0,0,0,0,0
BSEQUI.BSE_IDX,01/07/2025,11:23:07,1897.23,0,0,0,0,0,0
BSEQUI.BSE_IDX,01/07/2025,11:23:15,1897.38,0,0,0,0,0,0
BSEQUI.BSE_IDX,01/07/2025,11:23:23,1897.24,0,0,0,0,0,0
BSEQUI.BSE_IDX,01/07/2025,11:23:31,1897.28,0,0,0,0,0,0
BSEQUI.BSE_IDX,01/07/2025,11:23:39,1897.2,0,0,0,0,0,0
BSEQUI.BSE_IDX,01/07/2025,11:23:47,1897.33,0,0,0,0,0,0
BSEQUI.BSE_IDX,01/07/2025,11:23:55,1897.3,0,0,0,0,0,0
BSEQUI.BSE_IDX,01/07/2025,11:24:04,1897.27,0,0,0,0,0,0
BSEQUI.BSE_IDX,01/07/2025,11:24:11,1897.34,0,0,0,0,0,0
BSEQUI.BSE_IDX,01/07/2025,11:24:19,1897.38,0,0,0,0,0,0
BSEQUI.BSE_IDX,01/07/2025,11:24:27,1897.56,0,0,0,0,0,0
BSEQUI.BSE_IDX,01/07/2025,11:24:35,1897.45,0,0,0,0,0,0
BSEQUI.BSE_IDX,01/07/2025,11:24:43,1897.5,0,0,0,0,0,0
BSEQUI.BSE_IDX,01/07/2025,11:24:52,1897.47,0,0,0,0,0,0
BSEQUI.BSE_IDX,01/07/2025,11:25:00,1897.44,0,0,0,0,0,0
BSEQUI.BSE_IDX,01/07/2025,11:25:07,1897.42,0,0,0,0,0,0
BSEQUI.BSE_IDX,01/07/2025,11:25:15,1897.27,0,0,0,0,0,0
BSEQUI.BSE_IDX,01/07/2025,11:25:23,1897.09,0,0,0,0,0,0
BSEQUI.BSE_IDX,01/07/2025,11:25:31,1897.21,0,0,0,0,0,0
BSEQUI.BSE_IDX,01/07/2025,11:25:41,1897.26,0,0,0,0,0,0
BSEQUI.BSE_IDX,01/07/2025,11:25:47,1897.17,0,0,0,0,0,0
BSEQUI.BSE_IDX,01/07/2025,11:25:55,1897.37,0,0,0,0,0,0
BSEQUI.BSE_IDX,01/07/2025,11:26:03,1897.34,0,0,0,0,0,0
BSEQUI.BSE_IDX,01/07/2025,11:26:11,1897.12,0,0,0,0,0,0
BSEQUI.BSE_IDX,01/07/2025,11:26:19,1897.11,0,0,0,0,0,0
BSEQUI.BSE_IDX,01/07/2025,11:26:27,1897.14,0,0,0,0,0,0
BSEQUI.BSE_IDX,01/07/2025,11:26:35,1897.16,0,0,0,0,0,0
BSEQUI.BSE_IDX,01/07/2025,11:26:43,1897.23,0,0,0,0,0,0
BSEQUI.BSE_IDX,01/07/2025,11:26:51,1897.23,0,0,0,0,0,0
BSEQUI.BSE_IDX,01/07/2025,11:26:59,1897.27,0,0,0,0,0,0
BSEQUI.BSE_IDX,01/07/2025,11:27:07,1897.24,0,0,0,0,0,0
BSEQUI.BSE_IDX,01/07/2025,11:27:15,1897.27,0,0,0,0,0,0
BSEQUI.BSE_IDX,01/07/2025,11:27:23,1897.1,0,0,0,0,0,0
BSEQUI.BSE_IDX,01/07/2025,11:27:31,1897.18,0,0,0,0,0,0
BSEQUI.BSE_IDX,01/07/2025,11:27:39,1897.11,0,0,0,0,0,0
BSEQUI.BSE_IDX,01/07/2025,11:27:47,1896.86,0,0,0,0,0,0
BSEQUI.BSE_IDX,01/07/2025,11:27:55,1896.92,0,0,0,0,0,0
BSEQUI.BSE_IDX,01/07/2025,11:28:03,1896.95,0,0,0,0,0,0
BSEQUI.BSE_IDX,01/07/2025,11:28:11,1896.97,0,0,0,0,0,0
BSEQUI.BSE_IDX,01/07/2025,11:28:19,1896.79,0,0,0,0,0,0
BSEQUI.BSE_IDX,01/07/2025,11:28:27,1896.83,0,0,0,0,0,0
BSEQUI.BSE_IDX,01/07/2025,11:28:36,1896.93,0,0,0,0,0,0
BSEQUI.BSE_IDX,01/07/2025,11:28:43,1896.85,0,0,0,0,0,0
BSEQUI.BSE_IDX,01/07/2025,11:28:51,1896.76,0,0,0,0,0,0
BSEQUI.BSE_IDX,01/07/2025,11:28:59,1896.77,0,0,0,0,0,0
BSEQUI.BSE_IDX,01/07/2025,11:29:07,1896.88,0,0,0,0,0,0
BSEQUI.BSE_IDX,01/07/2025,11:29:16,1896.85,0,0,0,0,0,0
BSEQUI.BSE_IDX,01/07/2025,11:29:24,1896.79,0,0,0,0,0,0
BSEQUI.BSE_IDX,01/07/2025,11:29:31,1897.13,0,0,0,0,0,0
BSEQUI.BSE_IDX,01/07/2025,11:29:39,1897.21,0,0,0,0,0,0
BSEQUI.BSE_IDX,01/07/2025,11:29:47,1897.28,0,0,0,0,0,0
BSEQUI.BSE_IDX,01/07/2025,11:29:55,1897.34,0,0,0,0,0,0
BSEQUI.BSE_IDX,01/07/2025,11:30:03,1897.29,0,0,0,0,0,0
BSEQUI.BSE_IDX,01/07/2025,11:30:11,1897.29,0,0,0,0,0,0
BSEQUI.BSE_IDX,01/07/2025,11:30:19,1897.43,0,0,0,0,0,0
BSEQUI.BSE_IDX,01/07/2025,11:30:27,1897.59,0,0,0,0,0,0
BSEQUI.BSE_IDX,01/07/2025,11:30:35,1897.63,0,0,0,0,0,0
BSEQUI.BSE_IDX,01/07/2025,11:30:43,1897.52,0,0,0,0,0,0
BSEQUI.BSE_IDX,01/07/2025,11:30:51,1897.6,0,0,0,0,0,0
BSEQUI.BSE_IDX,01/07/2025,11:30:59,1897.51,0,0,0,0,0,0
BSEQUI.BSE_IDX,01/07/2025,11:31:07,1897.5,0,0,0,0,0,0
BSEQUI.BSE_IDX,01/07/2025,11:31:15,1897.36,0,0,0,0,0,0
BSEQUI.BSE_IDX,01/07/2025,11:31:23,1897.33,0,0,0,0,0,0
BSEQUI.BSE_IDX,01/07/2025,11:31:31,1897.32,0,0,0,0,0,0
BSEQUI.BSE_IDX,01/07/2025,11:31:39,1897.36,0,0,0,0,0,0
BSEQUI.BSE_IDX,01/07/2025,11:31:47,1897.3,0,0,0,0,0,0
BSEQUI.BSE_IDX,01/07/2025,11:31:55,1897.35,0,0,0,0,0,0
BSEQUI.BSE_IDX,01/07/2025,11:32:04,1897.19,0,0,0,0,0,0
BSEQUI.BSE_IDX,01/07/2025,11:32:11,1897.09,0,0,0,0,0,0
BSEQUI.BSE_IDX,01/07/2025,11:32:19,1897.3,0,0,0,0,0,0
BSEQUI.BSE_IDX,01/07/2025,11:32:27,1897.16,0,0,0,0,0,0
BSEQUI.BSE_IDX,01/07/2025,11:32:35,1897.12,0,0,0,0,0,0
BSEQUI.BSE_IDX,01/07/2025,11:32:43,1896.9,0,0,0,0,0,0
BSEQUI.BSE_IDX,01/07/2025,11:32:51,1896.59,0,0,0,0,0,0
BSEQUI.BSE_IDX,01/07/2025,11:32:59,1896.58,0,0,0,0,0,0
BSEQUI.BSE_IDX,01/07/2025,11:33:07,1896.48,0,0,0,0,0,0
BSEQUI.BSE_IDX,01/07/2025,11:33:15,1896.32,0,0,0,0,0,0
BSEQUI.BSE_IDX,01/07/2025,11:33:23,1896.42,0,0,0,0,0,0
BSEQUI.BSE_IDX,01/07/2025,11:33:31,1896.56,0,0,0,0,0,0
BSEQUI.BSE_IDX,01/07/2025,11:33:39,1896.34,0,0,0,0,0,0
BSEQUI.BSE_IDX,01/07/2025,11:33:47,1896.51,0,0,0,0,0,0
BSEQUI.BSE_IDX,01/07/2025,11:33:55,1896.59,0,0,0,0,0,0
BSEQUI.BSE_IDX,01/07/2025,11:34:03,1896.57,0,0,0,0,0,0
BSEQUI.BSE_IDX,01/07/2025,11:34:12,1896.65,0,0,0,0,0,0
BSEQUI.BSE_IDX,01/07/2025,11:34:19,1896.6,0,0,0,0,0,0
BSEQUI.BSE_IDX,01/07/2025,11:34:27,1896.65,0,0,0,0,0,0
BSEQUI.BSE_IDX,01/07/2025,11:34:35,1896.63,0,0,0,0,0,0
BSEQUI.BSE_IDX,01/07/2025,11:34:43,1896.67,0,0,0,0,0,0
BSEQUI.BSE_IDX,01/07/2025,11:34:51,1896.48,0,0,0,0,0,0
BSEQUI.BSE_IDX,01/07/2025,11:34:59,1896.47,0,0,0,0,0,0
BSEQUI.BSE_IDX,01/07/2025,11:35:07,1896.49,0,0,0,0,0,0
BSEQUI.BSE_IDX,01/07/2025,11:35:16,1896.24,0,0,0,0,0,0
BSEQUI.BSE_IDX,01/07/2025,11:35:23,1896.28,0,0,0,0,0,0
BSEQUI.BSE_IDX,01/07/2025,11:35:32,1895.94,0,0,0,0,0,0
BSEQUI.BSE_IDX,01/07/2025,11:35:39,1895.97,0,0,0,0,0,0
BSEQUI.BSE_IDX,01/07/2025,11:35:47,1896.29,0,0,0,0,0,0
BSEQUI.BSE_IDX,01/07/2025,11:35:55,1896.19,0,0,0,0,0,0
BSEQUI.BSE_IDX,01/07/2025,11:36:04,1896.16,0,0,0,0,0,0
BSEQUI.BSE_IDX,01/07/2025,11:36:11,1896.24,0,0,0,0,0,0
BSEQUI.BSE_IDX,01/07/2025,11:36:19,1896.09,0,0,0,0,0,0
BSEQUI.BSE_IDX,01/07/2025,11:36:28,1896.25,0,0,0,0,0,0
BSEQUI.BSE_IDX,01/07/2025,11:36:35,1895.93,0,0,0,0,0,0
BSEQUI.BSE_IDX,01/07/2025,11:36:43,1896.01,0,0,0,0,0,0
BSEQUI.BSE_IDX,01/07/2025,11:36:54,1896.05,0,0,0,0,0,0
BSEQUI.BSE_IDX,01/07/2025,11:36:59,1895.89,0,0,0,0,0,0
BSEQUI.BSE_IDX,01/07/2025,11:37:07,1895.79,0,0,0,0,0,0
BSEQUI.BSE_IDX,01/07/2025,11:37:15,1895.72,0,0,0,0,0,0
BSEQUI.BSE_IDX,01/07/2025,11:37:23,1895.57,0,0,0,0,0,0
BSEQUI.BSE_IDX,01/07/2025,11:37:31,1895.57,0,0,0,0,0,0
BSEQUI.BSE_IDX,01/07/2025,11:37:41,1895.48,0,0,0,0,0,0
BSEQUI.BSE_IDX,01/07/2025,11:37:47,1895.61,0,0,0,0,0,0
BSEQUI.BSE_IDX,01/07/2025,11:37:55,1895.55,0,0,0,0,0,0
BSEQUI.BSE_IDX,01/07/2025,11:38:03,1895.55,0,0,0,0,0,0
BSEQUI.BSE_IDX,01/07/2025,11:38:11,1895.39,0,0,0,0,0,0
BSEQUI.BSE_IDX,01/07/2025,11:38:20,1895.29,0,0,0,0,0,0
BSEQUI.BSE_IDX,01/07/2025,11:38:27,1895.28,0,0,0,0,0,0
BSEQUI.BSE_IDX,01/07/2025,11:38:35,1895.31,0,0,0,0,0,0
BSEQUI.BSE_IDX,01/07/2025,11:38:43,1895.29,0,0,0,0,0,0
BSEQUI.BSE_IDX,01/07/2025,11:38:51,1895.3,0,0,0,0,0,0
BSEQUI.BSE_IDX,01/07/2025,11:38:59,1895.21,0,0,0,0,0,0
BSEQUI.BSE_IDX,01/07/2025,11:39:07,1895.32,0,0,0,0,0,0
BSEQUI.BSE_IDX,01/07/2025,11:39:16,1895.51,0,0,0,0,0,0
BSEQUI.BSE_IDX,01/07/2025,11:39:23,1895.52,0,0,0,0,0,0
BSEQUI.BSE_IDX,01/07/2025,11:39:31,1895.36,0,0,0,0,0,0
BSEQUI.BSE_IDX,01/07/2025,11:39:39,1895.41,0,0,0,0,0,0
BSEQUI.BSE_IDX,01/07/2025,11:39:47,1895.44,0,0,0,0,0,0
BSEQUI.BSE_IDX,01/07/2025,11:39:55,1895.43,0,0,0,0,0,0
BSEQUI.BSE_IDX,01/07/2025,11:40:03,1895.47,0,0,0,0,0,0
BSEQUI.BSE_IDX,01/07/2025,11:40:11,1895.84,0,0,0,0,0,0
BSEQUI.BSE_IDX,01/07/2025,11:40:19,1895.88,0,0,0,0,0,0
BSEQUI.BSE_IDX,01/07/2025,11:40:27,1895.85,0,0,0,0,0,0
BSEQUI.BSE_IDX,01/07/2025,11:40:35,1895.99,0,0,0,0,0,0
BSEQUI.BSE_IDX,01/07/2025,11:40:43,1896.02,0,0,0,0,0,0
BSEQUI.BSE_IDX,01/07/2025,11:40:51,1896.05,0,0,0,0,0,0
BSEQUI.BSE_IDX,01/07/2025,11:41:00,1895.91,0,0,0,0,0,0
BSEQUI.BSE_IDX,01/07/2025,11:41:07,1896.01,0,0,0,0,0,0
BSEQUI.BSE_IDX,01/07/2025,11:41:15,1895.87,0,0,0,0,0,0
BSEQUI.BSE_IDX,01/07/2025,11:41:24,1895.98,0,0,0,0,0,0
BSEQUI.BSE_IDX,01/07/2025,11:41:32,1896,0,0,0,0,0,0
BSEQUI.BSE_IDX,01/07/2025,11:41:39,1896.07,0,0,0,0,0,0
BSEQUI.BSE_IDX,01/07/2025,11:41:48,1896.23,0,0,0,0,0,0
BSEQUI.BSE_IDX,01/07/2025,11:41:56,1896.22,0,0,0,0,0,0
BSEQUI.BSE_IDX,01/07/2025,11:42:04,1896.39,0,0,0,0,0,0
BSEQUI.BSE_IDX,01/07/2025,11:42:12,1896.5,0,0,0,0,0,0
BSEQUI.BSE_IDX,01/07/2025,11:42:20,1896.32,0,0,0,0,0,0
BSEQUI.BSE_IDX,01/07/2025,11:42:28,1896.42,0,0,0,0,0,0
BSEQUI.BSE_IDX,01/07/2025,11:42:36,1896.26,0,0,0,0,0,0
BSEQUI.BSE_IDX,01/07/2025,11:42:44,1896.16,0,0,0,0,0,0
BSEQUI.BSE_IDX,01/07/2025,11:42:52,1896.39,0,0,0,0,0,0
BSEQUI.BSE_IDX,01/07/2025,11:43:00,1896.37,0,0,0,0,0,0
BSEQUI.BSE_IDX,01/07/2025,11:43:08,1896.43,0,0,0,0,0,0
BSEQUI.BSE_IDX,01/07/2025,11:43:16,1896.38,0,0,0,0,0,0
BSEQUI.BSE_IDX,01/07/2025,11:43:24,1896.27,0,0,0,0,0,0
BSEQUI.BSE_IDX,01/07/2025,11:43:32,1896.32,0,0,0,0,0,0
BSEQUI.BSE_IDX,01/07/2025,11:43:40,1896.26,0,0,0,0,0,0
BSEQUI.BSE_IDX,01/07/2025,11:43:48,1896.1,0,0,0,0,0,0
BSEQUI.BSE_IDX,01/07/2025,11:43:56,1896.17,0,0,0,0,0,0
BSEQUI.BSE_IDX,01/07/2025,11:44:04,1896.07,0,0,0,0,0,0
BSEQUI.BSE_IDX,01/07/2025,11:44:12,1896.01,0,0,0,0,0,0
BSEQUI.BSE_IDX,01/07/2025,11:44:20,1896.02,0,0,0,0,0,0
BSEQUI.BSE_IDX,01/07/2025,11:44:28,1896.1,0,0,0,0,0,0
BSEQUI.BSE_IDX,01/07/2025,11:44:36,1895.96,0,0,0,0,0,0
BSEQUI.BSE_IDX,01/07/2025,11:44:44,1896.04,0,0,0,0,0,0
BSEQUI.BSE_IDX,01/07/2025,11:44:52,1896,0,0,0,0,0,0
BSEQUI.BSE_IDX,01/07/2025,11:45:00,1895.96,0,0,0,0,0,0
BSEQUI.BSE_IDX,01/07/2025,11:45:08,1896.16,0,0,0,0,0,0
BSEQUI.BSE_IDX,01/07/2025,11:45:16,1896.21,0,0,0,0,0,0
BSEQUI.BSE_IDX,01/07/2025,11:45:24,1896.3,0,0,0,0,0,0
BSEQUI.BSE_IDX,01/07/2025,11:45:32,1896.46,0,0,0,0,0,0
BSEQUI.BSE_IDX,01/07/2025,11:45:40,1896.48,0,0,0,0,0,0
BSEQUI.BSE_IDX,01/07/2025,11:45:48,1896.45,0,0,0,0,0,0
BSEQUI.BSE_IDX,01/07/2025,11:45:56,1896.46,0,0,0,0,0,0
BSEQUI.BSE_IDX,01/07/2025,11:46:04,1896.54,0,0,0,0,0,0
BSEQUI.BSE_IDX,01/07/2025,11:46:12,1896.59,0,0,0,0,0,0
BSEQUI.BSE_IDX,01/07/2025,11:46:20,1896.47,0,0,0,0,0,0
BSEQUI.BSE_IDX,01/07/2025,11:46:28,1896.46,0,0,0,0,0,0
BSEQUI.BSE_IDX,01/07/2025,11:46:36,1896.48,0,0,0,0,0,0
BSEQUI.BSE_IDX,01/07/2025,11:46:44,1896.39,0,0,0,0,0,0
BSEQUI.BSE_IDX,01/07/2025,11:46:52,1896.36,0,0,0,0,0,0
BSEQUI.BSE_IDX,01/07/2025,11:47:00,1896.19,0,0,0,0,0,0
BSEQUI.BSE_IDX,01/07/2025,11:47:08,1895.93,0,0,0,0,0,0
BSEQUI.BSE_IDX,01/07/2025,11:47:16,1895.82,0,0,0,0,0,0
BSEQUI.BSE_IDX,01/07/2025,11:47:24,1895.67,0,0,0,0,0,0
BSEQUI.BSE_IDX,01/07/2025,11:47:32,1895.63,0,0,0,0,0,0
BSEQUI.BSE_IDX,01/07/2025,11:47:40,1895.65,0,0,0,0,0,0
BSEQUI.BSE_IDX,01/07/2025,11:47:48,1895.78,0,0,0,0,0,0
BSEQUI.BSE_IDX,01/07/2025,11:47:56,1895.6,0,0,0,0,0,0
BSEQUI.BSE_IDX,01/07/2025,11:48:04,1895.62,0,0,0,0,0,0
BSEQUI.BSE_IDX,01/07/2025,11:48:12,1895.65,0,0,0,0,0,0
BSEQUI.BSE_IDX,01/07/2025,11:48:20,1895.69,0,0,0,0,0,0
BSEQUI.BSE_IDX,01/07/2025,11:48:28,1895.75,0,0,0,0,0,0
BSEQUI.BSE_IDX,01/07/2025,11:48:36,1895.59,0,0,0,0,0,0
BSEQUI.BSE_IDX,01/07/2025,11:48:44,1895.7,0,0,0,0,0,0
BSEQUI.BSE_IDX,01/07/2025,11:48:52,1895.65,0,0,0,0,0,0
BSEQUI.BSE_IDX,01/07/2025,11:49:01,1895.64,0,0,0,0,0,0
BSEQUI.BSE_IDX,01/07/2025,11:49:09,1895.71,0,0,0,0,0,0
BSEQUI.BSE_IDX,01/07/2025,11:49:16,1895.54,0,0,0,0,0,0
BSEQUI.BSE_IDX,01/07/2025,11:49:24,1895.33,0,0,0,0,0,0
BSEQUI.BSE_IDX,01/07/2025,11:49:32,1895.18,0,0,0,0,0,0
BSEQUI.BSE_IDX,01/07/2025,11:49:40,1895.25,0,0,0,0,0,0
BSEQUI.BSE_IDX,01/07/2025,11:49:49,1895.25,0,0,0,0,0,0
BSEQUI.BSE_IDX,01/07/2025,11:49:56,1895.1,0,0,0,0,0,0
BSEQUI.BSE_IDX,01/07/2025,11:50:04,1894.9,0,0,0,0,0,0
BSEQUI.BSE_IDX,01/07/2025,11:50:12,1894.62,0,0,0,0,0,0
BSEQUI.BSE_IDX,01/07/2025,11:50:20,1894.71,0,0,0,0,0,0
BSEQUI.BSE_IDX,01/07/2025,11:50:28,1894.62,0,0,0,0,0,0
BSEQUI.BSE_IDX,01/07/2025,11:50:36,1894.61,0,0,0,0,0,0
BSEQUI.BSE_IDX,01/07/2025,11:50:44,1894.63,0,0,0,0,0,0
BSEQUI.BSE_IDX,01/07/2025,11:50:52,1894.54,0,0,0,0,0,0
BSEQUI.BSE_IDX,01/07/2025,11:51:00,1894.47,0,0,0,0,0,0
BSEQUI.BSE_IDX,01/07/2025,11:51:08,1894.59,0,0,0,0,0,0
BSEQUI.BSE_IDX,01/07/2025,11:51:16,1894.56,0,0,0,0,0,0
BSEQUI.BSE_IDX,01/07/2025,11:51:24,1894.54,0,0,0,0,0,0
BSEQUI.BSE_IDX,01/07/2025,11:51:32,1894.44,0,0,0,0,0,0
BSEQUI.BSE_IDX,01/07/2025,11:51:40,1894.3,0,0,0,0,0,0
BSEQUI.BSE_IDX,01/07/2025,11:51:48,1894.48,0,0,0,0,0,0
BSEQUI.BSE_IDX,01/07/2025,11:51:56,1894.54,0,0,0,0,0,0
BSEQUI.BSE_IDX,01/07/2025,11:52:04,1894.49,0,0,0,0,0,0
BSEQUI.BSE_IDX,01/07/2025,11:52:12,1894.44,0,0,0,0,0,0
BSEQUI.BSE_IDX,01/07/2025,11:52:20,1894.32,0,0,0,0,0,0
BSEQUI.BSE_IDX,01/07/2025,11:52:28,1894.49,0,0,0,0,0,0
BSEQUI.BSE_IDX,01/07/2025,11:52:36,1894.37,0,0,0,0,0,0
BSEQUI.BSE_IDX,01/07/2025,11:52:44,1894.41,0,0,0,0,0,0
BSEQUI.BSE_IDX,01/07/2025,11:52:52,1894.19,0,0,0,0,0,0
BSEQUI.BSE_IDX,01/07/2025,11:53:00,1894.03,0,0,0,0,0,0
BSEQUI.BSE_IDX,01/07/2025,11:53:08,1893.96,0,0,0,0,0,0
BSEQUI.BSE_IDX,01/07/2025,11:53:16,1893.97,0,0,0,0,0,0
BSEQUI.BSE_IDX,01/07/2025,11:53:24,1893.83,0,0,0,0,0,0
BSEQUI.BSE_IDX,01/07/2025,11:53:32,1893.9,0,0,0,0,0,0
BSEQUI.BSE_IDX,01/07/2025,11:53:40,1893.84,0,0,0,0,0,0
BSEQUI.BSE_IDX,01/07/2025,11:53:48,1893.89,0,0,0,0,0,0
BSEQUI.BSE_IDX,01/07/2025,11:53:56,1893.79,0,0,0,0,0,0
BSEQUI.BSE_IDX,01/07/2025,11:54:04,1893.44,0,0,0,0,0,0
BSEQUI.BSE_IDX,01/07/2025,11:54:12,1893.01,0,0,0,0,0,0
BSEQUI.BSE_IDX,01/07/2025,11:54:20,1892.91,0,0,0,0,0,0
BSEQUI.BSE_IDX,01/07/2025,11:54:28,1892.63,0,0,0,0,0,0
BSEQUI.BSE_IDX,01/07/2025,11:54:36,1892.69,0,0,0,0,0,0
BSEQUI.BSE_IDX,01/07/2025,11:54:44,1892.57,0,0,0,0,0,0
BSEQUI.BSE_IDX,01/07/2025,11:54:52,1892.45,0,0,0,0,0,0
BSEQUI.BSE_IDX,01/07/2025,11:55:00,1892.43,0,0,0,0,0,0
BSEQUI.BSE_IDX,01/07/2025,11:55:08,1892.31,0,0,0,0,0,0
BSEQUI.BSE_IDX,01/07/2025,11:55:17,1892.21,0,0,0,0,0,0
BSEQUI.BSE_IDX,01/07/2025,11:55:24,1892.23,0,0,0,0,0,0
BSEQUI.BSE_IDX,01/07/2025,11:55:32,1892.16,0,0,0,0,0,0
BSEQUI.BSE_IDX,01/07/2025,11:55:40,1892.42,0,0,0,0,0,0
BSEQUI.BSE_IDX,01/07/2025,11:55:48,1892.46,0,0,0,0,0,0
BSEQUI.BSE_IDX,01/07/2025,11:55:56,1892.31,0,0,0,0,0,0
BSEQUI.BSE_IDX,01/07/2025,11:56:05,1892.37,0,0,0,0,0,0
BSEQUI.BSE_IDX,01/07/2025,11:56:12,1892.43,0,0,0,0,0,0
BSEQUI.BSE_IDX,01/07/2025,11:56:20,1892.25,0,0,0,0,0,0
BSEQUI.BSE_IDX,01/07/2025,11:56:28,1892.05,0,0,0,0,0,0
BSEQUI.BSE_IDX,01/07/2025,11:56:36,1891.94,0,0,0,0,0,0
BSEQUI.BSE_IDX,01/07/2025,11:56:44,1891.96,0,0,0,0,0,0
BSEQUI.BSE_IDX,01/07/2025,11:56:52,1891.94,0,0,0,0,0,0
BSEQUI.BSE_IDX,01/07/2025,11:57:00,1892.06,0,0,0,0,0,0
BSEQUI.BSE_IDX,01/07/2025,11:57:08,1891.9,0,0,0,0,0,0
BSEQUI.BSE_IDX,01/07/2025,11:57:16,1891.99,0,0,0,0,0,0
BSEQUI.BSE_IDX,01/07/2025,11:57:24,1892.12,0,0,0,0,0,0
BSEQUI.BSE_IDX,01/07/2025,11:57:32,1892.19,0,0,0,0,0,0
BSEQUI.BSE_IDX,01/07/2025,11:57:40,1892.01,0,0,0,0,0,0
BSEQUI.BSE_IDX,01/07/2025,11:57:48,1892.02,0,0,0,0,0,0
BSEQUI.BSE_IDX,01/07/2025,11:57:56,1891.96,0,0,0,0,0,0
BSEQUI.BSE_IDX,01/07/2025,11:58:04,1891.94,0,0,0,0,0,0
BSEQUI.BSE_IDX,01/07/2025,11:58:12,1892.03,0,0,0,0,0,0
BSEQUI.BSE_IDX,01/07/2025,11:58:20,1892.22,0,0,0,0,0,0
BSEQUI.BSE_IDX,01/07/2025,11:58:28,1892.23,0,0,0,0,0,0
BSEQUI.BSE_IDX,01/07/2025,11:58:36,1892.29,0,0,0,0,0,0
BSEQUI.BSE_IDX,01/07/2025,11:58:44,1892.41,0,0,0,0,0,0
BSEQUI.BSE_IDX,01/07/2025,11:58:52,1892.55,0,0,0,0,0,0
BSEQUI.BSE_IDX,01/07/2025,11:59:00,1892.57,0,0,0,0,0,0
BSEQUI.BSE_IDX,01/07/2025,11:59:08,1892.48,0,0,0,0,0,0
BSEQUI.BSE_IDX,01/07/2025,11:59:16,1892.34,0,0,0,0,0,0
BSEQUI.BSE_IDX,01/07/2025,11:59:24,1892.38,0,0,0,0,0,0
BSEQUI.BSE_IDX,01/07/2025,11:59:32,1892.65,0,0,0,0,0,0
BSEQUI.BSE_IDX,01/07/2025,11:59:40,1892.69,0,0,0,0,0,0
BSEQUI.BSE_IDX,01/07/2025,11:59:48,1892.81,0,0,0,0,0,0
BSEQUI.BSE_IDX,01/07/2025,11:59:56,1892.98,0,0,0,0,0,0
BSEQUI.BSE_IDX,01/07/2025,12:00:05,1892.99,0,0,0,0,0,0
BSEQUI.BSE_IDX,01/07/2025,12:00:12,1893.1,0,0,0,0,0,0
BSEQUI.BSE_IDX,01/07/2025,12:00:20,1893.05,0,0,0,0,0,0
BSEQUI.BSE_IDX,01/07/2025,12:00:28,1893.15,0,0,0,0,0,0
BSEQUI.BSE_IDX,01/07/2025,12:00:37,1892.94,0,0,0,0,0,0
BSEQUI.BSE_IDX,01/07/2025,12:00:44,1892.91,0,0,0,0,0,0
BSEQUI.BSE_IDX,01/07/2025,12:00:52,1892.9,0,0,0,0,0,0
BSEQUI.BSE_IDX,01/07/2025,12:01:00,1892.84,0,0,0,0,0,0
BSEQUI.BSE_IDX,01/07/2025,12:01:08,1892.83,0,0,0,0,0,0
BSEQUI.BSE_IDX,01/07/2025,12:01:16,1892.84,0,0,0,0,0,0
BSEQUI.BSE_IDX,01/07/2025,12:01:24,1892.82,0,0,0,0,0,0
BSEQUI.BSE_IDX,01/07/2025,12:01:32,1892.68,0,0,0,0,0,0
BSEQUI.BSE_IDX,01/07/2025,12:01:40,1892.8,0,0,0,0,0,0
BSEQUI.BSE_IDX,01/07/2025,12:01:48,1892.78,0,0,0,0,0,0
BSEQUI.BSE_IDX,01/07/2025,12:01:57,1892.44,0,0,0,0,0,0
BSEQUI.BSE_IDX,01/07/2025,12:02:04,1892.55,0,0,0,0,0,0
BSEQUI.BSE_IDX,01/07/2025,12:02:12,1892.71,0,0,0,0,0,0
BSEQUI.BSE_IDX,01/07/2025,12:02:20,1892.66,0,0,0,0,0,0
BSEQUI.BSE_IDX,01/07/2025,12:02:28,1892.81,0,0,0,0,0,0
BSEQUI.BSE_IDX,01/07/2025,12:02:36,1892.89,0,0,0,0,0,0
BSEQUI.BSE_IDX,01/07/2025,12:02:44,1892.89,0,0,0,0,0,0
BSEQUI.BSE_IDX,01/07/2025,12:02:52,1892.94,0,0,0,0,0,0
BSEQUI.BSE_IDX,01/07/2025,12:03:00,1892.91,0,0,0,0,0,0
BSEQUI.BSE_IDX,01/07/2025,12:03:08,1892.88,0,0,0,0,0,0
BSEQUI.BSE_IDX,01/07/2025,12:03:17,1892.76,0,0,0,0,0,0
BSEQUI.BSE_IDX,01/07/2025,12:03:24,1892.74,0,0,0,0,0,0
BSEQUI.BSE_IDX,01/07/2025,12:03:32,1892.77,0,0,0,0,0,0
BSEQUI.BSE_IDX,01/07/2025,12:03:40,1892.78,0,0,0,0,0,0
BSEQUI.BSE_IDX,01/07/2025,12:03:48,1892.64,0,0,0,0,0,0
BSEQUI.BSE_IDX,01/07/2025,12:03:56,1892.63,0,0,0,0,0,0
BSEQUI.BSE_IDX,01/07/2025,12:04:04,1892.67,0,0,0,0,0,0
BSEQUI.BSE_IDX,01/07/2025,12:04:12,1892.6,0,0,0,0,0,0
BSEQUI.BSE_IDX,01/07/2025,12:04:20,1892.5,0,0,0,0,0,0
BSEQUI.BSE_IDX,01/07/2025,12:04:28,1892.63,0,0,0,0,0,0
BSEQUI.BSE_IDX,01/07/2025,12:04:36,1892.7,0,0,0,0,0,0
BSEQUI.BSE_IDX,01/07/2025,12:04:44,1892.68,0,0,0,0,0,0
BSEQUI.BSE_IDX,01/07/2025,12:04:52,1892.59,0,0,0,0,0,0
BSEQUI.BSE_IDX,01/07/2025,12:05:01,1892.84,0,0,0,0,0,0
BSEQUI.BSE_IDX,01/07/2025,12:05:08,1892.74,0,0,0,0,0,0
BSEQUI.BSE_IDX,01/07/2025,12:05:16,1892.86,0,0,0,0,0,0
BSEQUI.BSE_IDX,01/07/2025,12:05:24,1892.89,0,0,0,0,0,0
BSEQUI.BSE_IDX,01/07/2025,12:05:32,1892.97,0,0,0,0,0,0
BSEQUI.BSE_IDX,01/07/2025,12:05:40,1892.88,0,0,0,0,0,0
BSEQUI.BSE_IDX,01/07/2025,12:05:48,1892.8,0,0,0,0,0,0
BSEQUI.BSE_IDX,01/07/2025,12:05:56,1892.72,0,0,0,0,0,0
BSEQUI.BSE_IDX,01/07/2025,12:06:04,1892.67,0,0,0,0,0,0
BSEQUI.BSE_IDX,01/07/2025,12:06:12,1892.58,0,0,0,0,0,0
BSEQUI.BSE_IDX,01/07/2025,12:06:20,1892.55,0,0,0,0,0,0
BSEQUI.BSE_IDX,01/07/2025,12:06:28,1892.71,0,0,0,0,0,0
BSEQUI.BSE_IDX,01/07/2025,12:06:36,1892.7,0,0,0,0,0,0
BSEQUI.BSE_IDX,01/07/2025,12:06:44,1892.77,0,0,0,0,0,0
BSEQUI.BSE_IDX,01/07/2025,12:06:53,1892.78,0,0,0,0,0,0
BSEQUI.BSE_IDX,01/07/2025,12:07:00,1892.91,0,0,0,0,0,0
BSEQUI.BSE_IDX,01/07/2025,12:07:08,1892.94,0,0,0,0,0,0
BSEQUI.BSE_IDX,01/07/2025,12:07:16,1892.9,0,0,0,0,0,0
BSEQUI.BSE_IDX,01/07/2025,12:07:24,1892.74,0,0,0,0,0,0
BSEQUI.BSE_IDX,01/07/2025,12:07:32,1892.59,0,0,0,0,0,0
BSEQUI.BSE_IDX,01/07/2025,12:07:40,1892.55,0,0,0,0,0,0
BSEQUI.BSE_IDX,01/07/2025,12:07:48,1892.34,0,0,0,0,0,0
BSEQUI.BSE_IDX,01/07/2025,12:07:56,1892.37,0,0,0,0,0,0
BSEQUI.BSE_IDX,01/07/2025,12:08:04,1892.31,0,0,0,0,0,0
BSEQUI.BSE_IDX,01/07/2025,12:08:12,1892.15,0,0,0,0,0,0
BSEQUI.BSE_IDX,01/07/2025,12:08:20,1892.03,0,0,0,0,0,0
BSEQUI.BSE_IDX,01/07/2025,12:08:28,1892.19,0,0,0,0,0,0
BSEQUI.BSE_IDX,01/07/2025,12:08:36,1892.17,0,0,0,0,0,0
BSEQUI.BSE_IDX,01/07/2025,12:08:44,1892.19,0,0,0,0,0,0
BSEQUI.BSE_IDX,01/07/2025,12:08:52,1892.26,0,0,0,0,0,0
BSEQUI.BSE_IDX,01/07/2025,12:09:00,1892.36,0,0,0,0,0,0
BSEQUI.BSE_IDX,01/07/2025,12:09:08,1892.38,0,0,0,0,0,0
BSEQUI.BSE_IDX,01/07/2025,12:09:16,1892.23,0,0,0,0,0,0
BSEQUI.BSE_IDX,01/07/2025,12:09:25,1892.08,0,0,0,0,0,0
BSEQUI.BSE_IDX,01/07/2025,12:09:32,1892.16,0,0,0,0,0,0
BSEQUI.BSE_IDX,01/07/2025,12:09:40,1892.13,0,0,0,0,0,0
BSEQUI.BSE_IDX,01/07/2025,12:09:48,1892.09,0,0,0,0,0,0
BSEQUI.BSE_IDX,01/07/2025,12:09:57,1891.98,0,0,0,0,0,0
BSEQUI.BSE_IDX,01/07/2025,12:10:05,1891.9,0,0,0,0,0,0
BSEQUI.BSE_IDX,01/07/2025,12:10:13,1892.03,0,0,0,0,0,0
BSEQUI.BSE_IDX,01/07/2025,12:10:22,1892.34,0,0,0,0,0,0
BSEQUI.BSE_IDX,01/07/2025,12:10:28,1892.46,0,0,0,0,0,0
BSEQUI.BSE_IDX,01/07/2025,12:10:36,1892.48,0,0,0,0,0,0
BSEQUI.BSE_IDX,01/07/2025,12:10:45,1892.54,0,0,0,0,0,0
BSEQUI.BSE_IDX,01/07/2025,12:10:52,1892.62,0,0,0,0,0,0
BSEQUI.BSE_IDX,01/07/2025,12:11:00,1892.47,0,0,0,0,0,0
BSEQUI.BSE_IDX,01/07/2025,12:11:08,1892.36,0,0,0,0,0,0
BSEQUI.BSE_IDX,01/07/2025,12:11:17,1892.51,0,0,0,0,0,0
BSEQUI.BSE_IDX,01/07/2025,12:11:24,1892.52,0,0,0,0,0,0
BSEQUI.BSE_IDX,01/07/2025,12:11:32,1892.33,0,0,0,0,0,0
BSEQUI.BSE_IDX,01/07/2025,12:11:40,1892.4,0,0,0,0,0,0
BSEQUI.BSE_IDX,01/07/2025,12:11:49,1892.48,0,0,0,0,0,0
BSEQUI.BSE_IDX,01/07/2025,12:11:57,1892.69,0,0,0,0,0,0
BSEQUI.BSE_IDX,01/07/2025,12:12:05,1892.86,0,0,0,0,0,0
BSEQUI.BSE_IDX,01/07/2025,12:12:13,1892.89,0,0,0,0,0,0
BSEQUI.BSE_IDX,01/07/2025,12:12:21,1892.78,0,0,0,0,0,0
BSEQUI.BSE_IDX,01/07/2025,12:12:29,1892.86,0,0,0,0,0,0
BSEQUI.BSE_IDX,01/07/2025,12:12:37,1892.99,0,0,0,0,0,0
BSEQUI.BSE_IDX,01/07/2025,12:12:45,1892.83,0,0,0,0,0,0
BSEQUI.BSE_IDX,01/07/2025,12:12:53,1892.77,0,0,0,0,0,0
BSEQUI.BSE_IDX,01/07/2025,12:13:01,1892.71,0,0,0,0,0,0
BSEQUI.BSE_IDX,01/07/2025,12:13:09,1892.71,0,0,0,0,0,0
BSEQUI.BSE_IDX,01/07/2025,12:13:17,1892.73,0,0,0,0,0,0
BSEQUI.BSE_IDX,01/07/2025,12:13:25,1892.6,0,0,0,0,0,0
BSEQUI.BSE_IDX,01/07/2025,12:13:33,1892.67,0,0,0,0,0,0
BSEQUI.BSE_IDX,01/07/2025,12:13:41,1892.77,0,0,0,0,0,0
BSEQUI.BSE_IDX,01/07/2025,12:13:49,1892.75,0,0,0,0,0,0
BSEQUI.BSE_IDX,01/07/2025,12:13:57,1892.71,0,0,0,0,0,0
BSEQUI.BSE_IDX,01/07/2025,12:14:05,1892.73,0,0,0,0,0,0
BSEQUI.BSE_IDX,01/07/2025,12:14:13,1892.73,0,0,0,0,0,0
BSEQUI.BSE_IDX,01/07/2025,12:14:21,1892.75,0,0,0,0,0,0
BSEQUI.BSE_IDX,01/07/2025,12:14:29,1892.77,0,0,0,0,0,0
BSEQUI.BSE_IDX,01/07/2025,12:14:37,1892.77,0,0,0,0,0,0
BSEQUI.BSE_IDX,01/07/2025,12:14:46,1892.72,0,0,0,0,0,0
BSEQUI.BSE_IDX,01/07/2025,12:14:54,1892.46,0,0,0,0,0,0
BSEQUI.BSE_IDX,01/07/2025,12:15:01,1892.46,0,0,0,0,0,0
BSEQUI.BSE_IDX,01/07/2025,12:15:09,1892.5,0,0,0,0,0,0
BSEQUI.BSE_IDX,01/07/2025,12:15:17,1892.58,0,0,0,0,0,0
BSEQUI.BSE_IDX,01/07/2025,12:15:25,1892.51,0,0,0,0,0,0
BSEQUI.BSE_IDX,01/07/2025,12:15:33,1892.52,0,0,0,0,0,0
BSEQUI.BSE_IDX,01/07/2025,12:15:41,1892.54,0,0,0,0,0,0
BSEQUI.BSE_IDX,01/07/2025,12:15:49,1892.54,0,0,0,0,0,0
BSEQUI.BSE_IDX,01/07/2025,12:15:57,1892.61,0,0,0,0,0,0
BSEQUI.BSE_IDX,01/07/2025,12:16:05,1892.67,0,0,0,0,0,0
BSEQUI.BSE_IDX,01/07/2025,12:16:13,1892.64,0,0,0,0,0,0
BSEQUI.BSE_IDX,01/07/2025,12:16:21,1892.78,0,0,0,0,0,0
BSEQUI.BSE_IDX,01/07/2025,12:16:29,1892.97,0,0,0,0,0,0
BSEQUI.BSE_IDX,01/07/2025,12:16:37,1893,0,0,0,0,0,0
BSEQUI.BSE_IDX,01/07/2025,12:16:45,1892.79,0,0,0,0,0,0
BSEQUI.BSE_IDX,01/07/2025,12:16:53,1892.77,0,0,0,0,0,0
BSEQUI.BSE_IDX,01/07/2025,12:17:01,1892.9,0,0,0,0,0,0
BSEQUI.BSE_IDX,01/07/2025,12:17:09,1892.93,0,0,0,0,0,0
BSEQUI.BSE_IDX,01/07/2025,12:17:17,1893.2,0,0,0,0,0,0
BSEQUI.BSE_IDX,01/07/2025,12:17:25,1893.12,0,0,0,0,0,0
BSEQUI.BSE_IDX,01/07/2025,12:17:33,1893.23,0,0,0,0,0,0
BSEQUI.BSE_IDX,01/07/2025,12:17:41,1893.04,0,0,0,0,0,0
BSEQUI.BSE_IDX,01/07/2025,12:17:49,1892.94,0,0,0,0,0,0
BSEQUI.BSE_IDX,01/07/2025,12:17:57,1892.94,0,0,0,0,0,0
BSEQUI.BSE_IDX,01/07/2025,12:18:05,1893.09,0,0,0,0,0,0
BSEQUI.BSE_IDX,01/07/2025,12:18:13,1893.15,0,0,0,0,0,0
BSEQUI.BSE_IDX,01/07/2025,12:18:21,1893.11,0,0,0,0,0,0
BSEQUI.BSE_IDX,01/07/2025,12:18:29,1893.07,0,0,0,0,0,0
BSEQUI.BSE_IDX,01/07/2025,12:18:37,1893.26,0,0,0,0,0,0
BSEQUI.BSE_IDX,01/07/2025,12:18:45,1893.3,0,0,0,0,0,0
BSEQUI.BSE_IDX,01/07/2025,12:18:53,1893.28,0,0,0,0,0,0
BSEQUI.BSE_IDX,01/07/2025,12:19:01,1893.33,0,0,0,0,0,0
BSEQUI.BSE_IDX,01/07/2025,12:19:09,1893.33,0,0,0,0,0,0
BSEQUI.BSE_IDX,01/07/2025,12:19:17,1893.37,0,0,0,0,0,0
BSEQUI.BSE_IDX,01/07/2025,12:19:25,1893.41,0,0,0,0,0,0
BSEQUI.BSE_IDX,01/07/2025,12:19:33,1893.42,0,0,0,0,0,0
BSEQUI.BSE_IDX,01/07/2025,12:19:41,1893.68,0,0,0,0,0,0
BSEQUI.BSE_IDX,01/07/2025,12:19:49,1893.76,0,0,0,0,0,0
BSEQUI.BSE_IDX,01/07/2025,12:19:57,1893.6,0,0,0,0,0,0
BSEQUI.BSE_IDX,01/07/2025,12:20:05,1893.68,0,0,0,0,0,0
BSEQUI.BSE_IDX,01/07/2025,12:20:13,1893.48,0,0,0,0,0,0
BSEQUI.BSE_IDX,01/07/2025,12:20:21,1893.79,0,0,0,0,0,0
BSEQUI.BSE_IDX,01/07/2025,12:20:29,1894.07,0,0,0,0,0,0
BSEQUI.BSE_IDX,01/07/2025,12:20:37,1893.88,0,0,0,0,0,0
BSEQUI.BSE_IDX,01/07/2025,12:20:45,1894.12,0,0,0,0,0,0
BSEQUI.BSE_IDX,01/07/2025,12:21:01,1894.19,0,0,0,0,0,0
BSEQUI.BSE_IDX,01/07/2025,12:21:09,1894.16,0,0,0,0,0,0
BSEQUI.BSE_IDX,01/07/2025,12:21:17,1894.07,0,0,0,0,0,0
BSEQUI.BSE_IDX,01/07/2025,12:21:25,1894.01,0,0,0,0,0,0
BSEQUI.BSE_IDX,01/07/2025,12:21:33,1894.18,0,0,0,0,0,0
BSEQUI.BSE_IDX,01/07/2025,12:21:41,1894.38,0,0,0,0,0,0
BSEQUI.BSE_IDX,01/07/2025,12:21:49,1894.4,0,0,0,0,0,0
BSEQUI.BSE_IDX,01/07/2025,12:21:57,1894.38,0,0,0,0,0,0
BSEQUI.BSE_IDX,01/07/2025,12:22:05,1894.45,0,0,0,0,0,0
BSEQUI.BSE_IDX,01/07/2025,12:22:13,1894.47,0,0,0,0,0,0
BSEQUI.BSE_IDX,01/07/2025,12:22:21,1894.47,0,0,0,0,0,0
BSEQUI.BSE_IDX,01/07/2025,12:22:29,1894.42,0,0,0,0,0,0
BSEQUI.BSE_IDX,01/07/2025,12:22:37,1894.3,0,0,0,0,0,0
BSEQUI.BSE_IDX,01/07/2025,12:22:45,1894.37,0,0,0,0,0,0
BSEQUI.BSE_IDX,01/07/2025,12:22:53,1894.4,0,0,0,0,0,0
BSEQUI.BSE_IDX,01/07/2025,12:23:02,1894.5,0,0,0,0,0,0
BSEQUI.BSE_IDX,01/07/2025,12:23:09,1894.51,0,0,0,0,0,0
BSEQUI.BSE_IDX,01/07/2025,12:23:17,1894.47,0,0,0,0,0,0
BSEQUI.BSE_IDX,01/07/2025,12:23:25,1894.49,0,0,0,0,0,0
BSEQUI.BSE_IDX,01/07/2025,12:23:33,1894.66,0,0,0,0,0,0
BSEQUI.BSE_IDX,01/07/2025,12:23:41,1894.59,0,0,0,0,0,0
BSEQUI.BSE_IDX,01/07/2025,12:23:49,1894.65,0,0,0,0,0,0
BSEQUI.BSE_IDX,01/07/2025,12:23:57,1894.58,0,0,0,0,0,0
BSEQUI.BSE_IDX,01/07/2025,12:24:05,1894.76,0,0,0,0,0,0
BSEQUI.BSE_IDX,01/07/2025,12:24:13,1894.75,0,0,0,0,0,0
BSEQUI.BSE_IDX,01/07/2025,12:24:21,1894.72,0,0,0,0,0,0
BSEQUI.BSE_IDX,01/07/2025,12:24:29,1894.81,0,0,0,0,0,0
BSEQUI.BSE_IDX,01/07/2025,12:24:37,1894.72,0,0,0,0,0,0
BSEQUI.BSE_IDX,01/07/2025,12:24:45,1894.83,0,0,0,0,0,0
BSEQUI.BSE_IDX,01/07/2025,12:24:53,1894.88,0,0,0,0,0,0
BSEQUI.BSE_IDX,01/07/2025,12:25:01,1894.88,0,0,0,0,0,0
BSEQUI.BSE_IDX,01/07/2025,12:25:09,1894.66,0,0,0,0,0,0
BSEQUI.BSE_IDX,01/07/2025,12:25:17,1894.7,0,0,0,0,0,0
BSEQUI.BSE_IDX,01/07/2025,12:25:25,1894.83,0,0,0,0,0,0
BSEQUI.BSE_IDX,01/07/2025,12:25:33,1894.98,0,0,0,0,0,0
BSEQUI.BSE_IDX,01/07/2025,12:25:41,1894.95,0,0,0,0,0,0
BSEQUI.BSE_IDX,01/07/2025,12:25:49,1895.03,0,0,0,0,0,0
BSEQUI.BSE_IDX,01/07/2025,12:25:57,1895.11,0,0,0,0,0,0
BSEQUI.BSE_IDX,01/07/2025,12:26:05,1895.13,0,0,0,0,0,0
BSEQUI.BSE_IDX,01/07/2025,12:26:13,1895.01,0,0,0,0,0,0
BSEQUI.BSE_IDX,01/07/2025,12:26:21,1895.02,0,0,0,0,0,0
BSEQUI.BSE_IDX,01/07/2025,12:26:31,1895.22,0,0,0,0,0,0
BSEQUI.BSE_IDX,01/07/2025,12:26:37,1895.11,0,0,0,0,0,0
BSEQUI.BSE_IDX,01/07/2025,12:26:45,1895,0,0,0,0,0,0
BSEQUI.BSE_IDX,01/07/2025,12:26:53,1894.66,0,0,0,0,0,0
BSEQUI.BSE_IDX,01/07/2025,12:27:01,1894.79,0,0,0,0,0,0
BSEQUI.BSE_IDX,01/07/2025,12:27:09,1894.66,0,0,0,0,0,0
BSEQUI.BSE_IDX,01/07/2025,12:27:17,1894.69,0,0,0,0,0,0
BSEQUI.BSE_IDX,01/07/2025,12:27:25,1894.53,0,0,0,0,0,0
BSEQUI.BSE_IDX,01/07/2025,12:27:33,1894.5,0,0,0,0,0,0
BSEQUI.BSE_IDX,01/07/2025,12:27:41,1894.74,0,0,0,0,0,0
BSEQUI.BSE_IDX,01/07/2025,12:27:49,1894.72,0,0,0,0,0,0
BSEQUI.BSE_IDX,01/07/2025,12:27:57,1894.74,0,0,0,0,0,0
BSEQUI.BSE_IDX,01/07/2025,12:28:05,1894.82,0,0,0,0,0,0
BSEQUI.BSE_IDX,01/07/2025,12:28:13,1894.8,0,0,0,0,0,0
BSEQUI.BSE_IDX,01/07/2025,12:28:21,1894.7,0,0,0,0,0,0
BSEQUI.BSE_IDX,01/07/2025,12:28:29,1894.69,0,0,0,0,0,0
BSEQUI.BSE_IDX,01/07/2025,12:28:37,1894.6,0,0,0,0,0,0
BSEQUI.BSE_IDX,01/07/2025,12:28:45,1894.53,0,0,0,0,0,0
BSEQUI.BSE_IDX,01/07/2025,12:28:53,1894.41,0,0,0,0,0,0
BSEQUI.BSE_IDX,01/07/2025,12:29:01,1894.35,0,0,0,0,0,0
BSEQUI.BSE_IDX,01/07/2025,12:29:10,1894.27,0,0,0,0,0,0
BSEQUI.BSE_IDX,01/07/2025,12:29:18,1894.29,0,0,0,0,0,0
BSEQUI.BSE_IDX,01/07/2025,12:29:25,1894.22,0,0,0,0,0,0
BSEQUI.BSE_IDX,01/07/2025,12:29:33,1894.27,0,0,0,0,0,0
BSEQUI.BSE_IDX,01/07/2025,12:29:41,1894.17,0,0,0,0,0,0
BSEQUI.BSE_IDX,01/07/2025,12:29:49,1894.22,0,0,0,0,0,0
BSEQUI.BSE_IDX,01/07/2025,12:29:57,1894.11,0,0,0,0,0,0
BSEQUI.BSE_IDX,01/07/2025,12:30:05,1894.24,0,0,0,0,0,0
BSEQUI.BSE_IDX,01/07/2025,12:30:13,1894.16,0,0,0,0,0,0
BSEQUI.BSE_IDX,01/07/2025,12:30:22,1894.16,0,0,0,0,0,0
BSEQUI.BSE_IDX,01/07/2025,12:30:29,1894.04,0,0,0,0,0,0
BSEQUI.BSE_IDX,01/07/2025,12:30:37,1894.14,0,0,0,0,0,0
BSEQUI.BSE_IDX,01/07/2025,12:30:45,1894.1,0,0,0,0,0,0
BSEQUI.BSE_IDX,01/07/2025,12:30:53,1894.15,0,0,0,0,0,0
BSEQUI.BSE_IDX,01/07/2025,12:31:01,1893.98,0,0,0,0,0,0
BSEQUI.BSE_IDX,01/07/2025,12:31:09,1893.85,0,0,0,0,0,0
BSEQUI.BSE_IDX,01/07/2025,12:31:17,1893.76,0,0,0,0,0,0
BSEQUI.BSE_IDX,01/07/2025,12:31:25,1893.43,0,0,0,0,0,0
BSEQUI.BSE_IDX,01/07/2025,12:31:34,1893.55,0,0,0,0,0,0
BSEQUI.BSE_IDX,01/07/2025,12:31:41,1893.5,0,0,0,0,0,0
BSEQUI.BSE_IDX,01/07/2025,12:31:49,1893.28,0,0,0,0,0,0
BSEQUI.BSE_IDX,01/07/2025,12:31:57,1893.21,0,0,0,0,0,0
BSEQUI.BSE_IDX,01/07/2025,12:32:05,1893.15,0,0,0,0,0,0
BSEQUI.BSE_IDX,01/07/2025,12:32:13,1893.25,0,0,0,0,0,0
BSEQUI.BSE_IDX,01/07/2025,12:32:21,1893.26,0,0,0,0,0,0
BSEQUI.BSE_IDX,01/07/2025,12:32:29,1893.31,0,0,0,0,0,0
BSEQUI.BSE_IDX,01/07/2025,12:32:37,1893.18,0,0,0,0,0,0
BSEQUI.BSE_IDX,01/07/2025,12:32:45,1893.02,0,0,0,0,0,0
BSEQUI.BSE_IDX,01/07/2025,12:32:53,1893.06,0,0,0,0,0,0
BSEQUI.BSE_IDX,01/07/2025,12:33:01,1893.18,0,0,0,0,0,0
BSEQUI.BSE_IDX,01/07/2025,12:33:09,1893.19,0,0,0,0,0,0
BSEQUI.BSE_IDX,01/07/2025,12:33:17,1893.13,0,0,0,0,0,0
BSEQUI.BSE_IDX,01/07/2025,12:33:26,1893.14,0,0,0,0,0,0
BSEQUI.BSE_IDX,01/07/2025,12:33:33,1892.94,0,0,0,0,0,0
BSEQUI.BSE_IDX,01/07/2025,12:33:41,1893,0,0,0,0,0,0
BSEQUI.BSE_IDX,01/07/2025,12:33:49,1892.96,0,0,0,0,0,0
BSEQUI.BSE_IDX,01/07/2025,12:33:57,1892.95,0,0,0,0,0,0
BSEQUI.BSE_IDX,01/07/2025,12:34:05,1893.01,0,0,0,0,0,0
BSEQUI.BSE_IDX,01/07/2025,12:34:13,1893.04,0,0,0,0,0,0
BSEQUI.BSE_IDX,01/07/2025,12:34:21,1893.09,0,0,0,0,0,0
BSEQUI.BSE_IDX,01/07/2025,12:34:29,1893.04,0,0,0,0,0,0
BSEQUI.BSE_IDX,01/07/2025,12:34:37,1893.03,0,0,0,0,0,0
BSEQUI.BSE_IDX,01/07/2025,12:34:45,1893.08,0,0,0,0,0,0
BSEQUI.BSE_IDX,01/07/2025,12:34:53,1893.18,0,0,0,0,0,0
BSEQUI.BSE_IDX,01/07/2025,12:35:01,1893.18,0,0,0,0,0,0
BSEQUI.BSE_IDX,01/07/2025,12:35:09,1892.93,0,0,0,0,0,0
BSEQUI.BSE_IDX,01/07/2025,12:35:17,1893.04,0,0,0,0,0,0
BSEQUI.BSE_IDX,01/07/2025,12:35:25,1892.92,0,0,0,0,0,0
BSEQUI.BSE_IDX,01/07/2025,12:35:33,1892.97,0,0,0,0,0,0
BSEQUI.BSE_IDX,01/07/2025,12:35:41,1892.9,0,0,0,0,0,0
BSEQUI.BSE_IDX,01/07/2025,12:35:49,1892.97,0,0,0,0,0,0
BSEQUI.BSE_IDX,01/07/2025,12:35:57,1892.94,0,0,0,0,0,0
BSEQUI.BSE_IDX,01/07/2025,12:36:05,1892.97,0,0,0,0,0,0
BSEQUI.BSE_IDX,01/07/2025,12:36:13,1892.96,0,0,0,0,0,0
BSEQUI.BSE_IDX,01/07/2025,12:36:21,1892.95,0,0,0,0,0,0
BSEQUI.BSE_IDX,01/07/2025,12:36:29,1892.9,0,0,0,0,0,0
BSEQUI.BSE_IDX,01/07/2025,12:36:37,1893.09,0,0,0,0,0,0
BSEQUI.BSE_IDX,01/07/2025,12:36:45,1893.19,0,0,0,0,0,0
BSEQUI.BSE_IDX,01/07/2025,12:36:53,1893.06,0,0,0,0,0,0
BSEQUI.BSE_IDX,01/07/2025,12:37:01,1893.17,0,0,0,0,0,0
BSEQUI.BSE_IDX,01/07/2025,12:37:09,1893.17,0,0,0,0,0,0
BSEQUI.BSE_IDX,01/07/2025,12:37:17,1893.16,0,0,0,0,0,0
BSEQUI.BSE_IDX,01/07/2025,12:37:25,1893.12,0,0,0,0,0,0
BSEQUI.BSE_IDX,01/07/2025,12:37:33,1893.06,0,0,0,0,0,0
BSEQUI.BSE_IDX,01/07/2025,12:37:41,1892.81,0,0,0,0,0,0
BSEQUI.BSE_IDX,01/07/2025,12:37:49,1892.69,0,0,0,0,0,0
BSEQUI.BSE_IDX,01/07/2025,12:37:57,1892.61,0,0,0,0,0,0
BSEQUI.BSE_IDX,01/07/2025,12:38:05,1892.49,0,0,0,0,0,0
BSEQUI.BSE_IDX,01/07/2025,12:38:13,1892.53,0,0,0,0,0,0
BSEQUI.BSE_IDX,01/07/2025,12:38:22,1892.41,0,0,0,0,0,0
BSEQUI.BSE_IDX,01/07/2025,12:38:29,1892.46,0,0,0,0,0,0
BSEQUI.BSE_IDX,01/07/2025,12:38:39,1892.35,0,0,0,0,0,0
BSEQUI.BSE_IDX,01/07/2025,12:38:45,1892.5,0,0,0,0,0,0
BSEQUI.BSE_IDX,01/07/2025,12:38:53,1892.42,0,0,0,0,0,0
BSEQUI.BSE_IDX,01/07/2025,12:39:01,1892.55,0,0,0,0,0,0
BSEQUI.BSE_IDX,01/07/2025,12:39:10,1892.44,0,0,0,0,0,0
BSEQUI.BSE_IDX,01/07/2025,12:39:17,1892.64,0,0,0,0,0,0
BSEQUI.BSE_IDX,01/07/2025,12:39:25,1892.66,0,0,0,0,0,0
BSEQUI.BSE_IDX,01/07/2025,12:39:34,1892.55,0,0,0,0,0,0
BSEQUI.BSE_IDX,01/07/2025,12:39:42,1892.57,0,0,0,0,0,0
BSEQUI.BSE_IDX,01/07/2025,12:39:49,1892.54,0,0,0,0,0,0
BSEQUI.BSE_IDX,01/07/2025,12:39:57,1892.57,0,0,0,0,0,0
BSEQUI.BSE_IDX,01/07/2025,12:40:05,1892.61,0,0,0,0,0,0
BSEQUI.BSE_IDX,01/07/2025,12:40:14,1892.61,0,0,0,0,0,0
BSEQUI.BSE_IDX,01/07/2025,12:40:21,1892.52,0,0,0,0,0,0
BSEQUI.BSE_IDX,01/07/2025,12:40:29,1892.51,0,0,0,0,0,0
BSEQUI.BSE_IDX,01/07/2025,12:40:37,1892.5,0,0,0,0,0,0
BSEQUI.BSE_IDX,01/07/2025,12:40:45,1892.64,0,0,0,0,0,0
BSEQUI.BSE_IDX,01/07/2025,12:40:54,1892.64,0,0,0,0,0,0
BSEQUI.BSE_IDX,01/07/2025,12:41:01,1892.63,0,0,0,0,0,0
BSEQUI.BSE_IDX,01/07/2025,12:41:09,1892.55,0,0,0,0,0,0
BSEQUI.BSE_IDX,01/07/2025,12:41:17,1892.51,0,0,0,0,0,0
BSEQUI.BSE_IDX,01/07/2025,12:41:25,1892.42,0,0,0,0,0,0
BSEQUI.BSE_IDX,01/07/2025,12:41:33,1892.43,0,0,0,0,0,0
BSEQUI.BSE_IDX,01/07/2025,12:41:41,1892.53,0,0,0,0,0,0
BSEQUI.BSE_IDX,01/07/2025,12:41:49,1892.5,0,0,0,0,0,0
BSEQUI.BSE_IDX,01/07/2025,12:41:57,1892.41,0,0,0,0,0,0
BSEQUI.BSE_IDX,01/07/2025,12:42:05,1892.48,0,0,0,0,0,0
BSEQUI.BSE_IDX,01/07/2025,12:42:13,1892.56,0,0,0,0,0,0
BSEQUI.BSE_IDX,01/07/2025,12:42:21,1892.51,0,0,0,0,0,0
BSEQUI.BSE_IDX,01/07/2025,12:42:29,1892.57,0,0,0,0,0,0
BSEQUI.BSE_IDX,01/07/2025,12:42:37,1892.59,0,0,0,0,0,0
BSEQUI.BSE_IDX,01/07/2025,12:42:45,1892.77,0,0,0,0,0,0
BSEQUI.BSE_IDX,01/07/2025,12:42:53,1892.75,0,0,0,0,0,0
BSEQUI.BSE_IDX,01/07/2025,12:43:01,1892.56,0,0,0,0,0,0
BSEQUI.BSE_IDX,01/07/2025,12:43:10,1892.6,0,0,0,0,0,0
BSEQUI.BSE_IDX,01/07/2025,12:43:17,1892.64,0,0,0,0,0,0
BSEQUI.BSE_IDX,01/07/2025,12:43:26,1892.67,0,0,0,0,0,0
BSEQUI.BSE_IDX,01/07/2025,12:43:33,1892.79,0,0,0,0,0,0
BSEQUI.BSE_IDX,01/07/2025,12:43:41,1892.64,0,0,0,0,0,0
BSEQUI.BSE_IDX,01/07/2025,12:43:49,1892.62,0,0,0,0,0,0
BSEQUI.BSE_IDX,01/07/2025,12:43:58,1892.67,0,0,0,0,0,0
BSEQUI.BSE_IDX,01/07/2025,12:44:05,1892.62,0,0,0,0,0,0
BSEQUI.BSE_IDX,01/07/2025,12:44:14,1892.57,0,0,0,0,0,0
BSEQUI.BSE_IDX,01/07/2025,12:44:21,1892.44,0,0,0,0,0,0
BSEQUI.BSE_IDX,01/07/2025,12:44:29,1892.25,0,0,0,0,0,0
BSEQUI.BSE_IDX,01/07/2025,12:44:38,1892.39,0,0,0,0,0,0
BSEQUI.BSE_IDX,01/07/2025,12:44:45,1892.41,0,0,0,0,0,0
BSEQUI.BSE_IDX,01/07/2025,12:44:53,1892.39,0,0,0,0,0,0
BSEQUI.BSE_IDX,01/07/2025,12:45:01,1892.49,0,0,0,0,0,0
BSEQUI.BSE_IDX,01/07/2025,12:45:11,1892.13,0,0,0,0,0,0
BSEQUI.BSE_IDX,01/07/2025,12:45:17,1891.86,0,0,0,0,0,0
BSEQUI.BSE_IDX,01/07/2025,12:45:25,1891.78,0,0,0,0,0,0
BSEQUI.BSE_IDX,01/07/2025,12:45:34,1891.74,0,0,0,0,0,0
BSEQUI.BSE_IDX,01/07/2025,12:45:42,1891.84,0,0,0,0,0,0
BSEQUI.BSE_IDX,01/07/2025,12:45:50,1892.07,0,0,0,0,0,0
BSEQUI.BSE_IDX,01/07/2025,12:45:58,1891.88,0,0,0,0,0,0
BSEQUI.BSE_IDX,01/07/2025,12:46:06,1891.94,0,0,0,0,0,0
BSEQUI.BSE_IDX,01/07/2025,12:46:14,1891.98,0,0,0,0,0,0
BSEQUI.BSE_IDX,01/07/2025,12:46:22,1892.03,0,0,0,0,0,0
BSEQUI.BSE_IDX,01/07/2025,12:46:30,1891.87,0,0,0,0,0,0
BSEQUI.BSE_IDX,01/07/2025,12:46:38,1891.71,0,0,0,0,0,0
BSEQUI.BSE_IDX,01/07/2025,12:46:46,1891.54,0,0,0,0,0,0
BSEQUI.BSE_IDX,01/07/2025,12:46:54,1891.23,0,0,0,0,0,0
BSEQUI.BSE_IDX,01/07/2025,12:47:02,1891.34,0,0,0,0,0,0
BSEQUI.BSE_IDX,01/07/2025,12:47:10,1891.22,0,0,0,0,0,0
BSEQUI.BSE_IDX,01/07/2025,12:47:18,1891.24,0,0,0,0,0,0
BSEQUI.BSE_IDX,01/07/2025,12:47:26,1891.19,0,0,0,0,0,0
BSEQUI.BSE_IDX,01/07/2025,12:47:34,1891.46,0,0,0,0,0,0
BSEQUI.BSE_IDX,01/07/2025,12:47:42,1891.51,0,0,0,0,0,0
BSEQUI.BSE_IDX,01/07/2025,12:47:50,1891.37,0,0,0,0,0,0
BSEQUI.BSE_IDX,01/07/2025,12:47:58,1891.21,0,0,0,0,0,0
BSEQUI.BSE_IDX,01/07/2025,12:48:06,1891.17,0,0,0,0,0,0
BSEQUI.BSE_IDX,01/07/2025,12:48:14,1891.36,0,0,0,0,0,0
BSEQUI.BSE_IDX,01/07/2025,12:48:22,1891.31,0,0,0,0,0,0
BSEQUI.BSE_IDX,01/07/2025,12:48:30,1891.29,0,0,0,0,0,0
BSEQUI.BSE_IDX,01/07/2025,12:48:38,1891.25,0,0,0,0,0,0
BSEQUI.BSE_IDX,01/07/2025,12:48:46,1891.51,0,0,0,0,0,0
BSEQUI.BSE_IDX,01/07/2025,12:48:54,1891.53,0,0,0,0,0,0
BSEQUI.BSE_IDX,01/07/2025,12:49:02,1891.4,0,0,0,0,0,0
BSEQUI.BSE_IDX,01/07/2025,12:49:10,1891.26,0,0,0,0,0,0
BSEQUI.BSE_IDX,01/07/2025,12:49:18,1891.2,0,0,0,0,0,0
BSEQUI.BSE_IDX,01/07/2025,12:49:26,1891.17,0,0,0,0,0,0
BSEQUI.BSE_IDX,01/07/2025,12:49:34,1891.21,0,0,0,0,0,0
BSEQUI.BSE_IDX,01/07/2025,12:49:42,1891.28,0,0,0,0,0,0
BSEQUI.BSE_IDX,01/07/2025,12:49:50,1891.37,0,0,0,0,0,0
BSEQUI.BSE_IDX,01/07/2025,12:49:58,1891.19,0,0,0,0,0,0
BSEQUI.BSE_IDX,01/07/2025,12:50:06,1891.38,0,0,0,0,0,0
BSEQUI.BSE_IDX,01/07/2025,12:50:14,1891.34,0,0,0,0,0,0
BSEQUI.BSE_IDX,01/07/2025,12:50:22,1891.29,0,0,0,0,0,0
BSEQUI.BSE_IDX,01/07/2025,12:50:30,1891.11,0,0,0,0,0,0
BSEQUI.BSE_IDX,01/07/2025,12:50:38,1891.17,0,0,0,0,0,0
BSEQUI.BSE_IDX,01/07/2025,12:50:47,1891.2,0,0,0,0,0,0
BSEQUI.BSE_IDX,01/07/2025,12:50:54,1891.25,0,0,0,0,0,0
BSEQUI.BSE_IDX,01/07/2025,12:51:02,1891.42,0,0,0,0,0,0
BSEQUI.BSE_IDX,01/07/2025,12:51:10,1891.46,0,0,0,0,0,0
BSEQUI.BSE_IDX,01/07/2025,12:51:19,1891.5,0,0,0,0,0,0
BSEQUI.BSE_IDX,01/07/2025,12:51:26,1891.39,0,0,0,0,0,0
BSEQUI.BSE_IDX,01/07/2025,12:51:34,1891.38,0,0,0,0,0,0
BSEQUI.BSE_IDX,01/07/2025,12:51:42,1891.34,0,0,0,0,0,0
BSEQUI.BSE_IDX,01/07/2025,12:51:50,1891.25,0,0,0,0,0,0
BSEQUI.BSE_IDX,01/07/2025,12:51:58,1891.16,0,0,0,0,0,0
BSEQUI.BSE_IDX,01/07/2025,12:52:06,1891.12,0,0,0,0,0,0
BSEQUI.BSE_IDX,01/07/2025,12:52:14,1891.03,0,0,0,0,0,0
BSEQUI.BSE_IDX,01/07/2025,12:52:22,1891.44,0,0,0,0,0,0
BSEQUI.BSE_IDX,01/07/2025,12:52:30,1891.36,0,0,0,0,0,0
BSEQUI.BSE_IDX,01/07/2025,12:52:38,1891.45,0,0,0,0,0,0
BSEQUI.BSE_IDX,01/07/2025,12:52:46,1891.34,0,0,0,0,0,0
BSEQUI.BSE_IDX,01/07/2025,12:52:54,1891.55,0,0,0,0,0,0
BSEQUI.BSE_IDX,01/07/2025,12:53:02,1891.68,0,0,0,0,0,0
BSEQUI.BSE_IDX,01/07/2025,12:53:10,1891.62,0,0,0,0,0,0
BSEQUI.BSE_IDX,01/07/2025,12:53:18,1891.63,0,0,0,0,0,0
BSEQUI.BSE_IDX,01/07/2025,12:53:26,1891.43,0,0,0,0,0,0
BSEQUI.BSE_IDX,01/07/2025,12:53:34,1891.53,0,0,0,0,0,0
BSEQUI.BSE_IDX,01/07/2025,12:53:42,1891.46,0,0,0,0,0,0
BSEQUI.BSE_IDX,01/07/2025,12:53:50,1891.51,0,0,0,0,0,0
BSEQUI.BSE_IDX,01/07/2025,12:53:58,1891.49,0,0,0,0,0,0
BSEQUI.BSE_IDX,01/07/2025,12:54:06,1891.6,0,0,0,0,0,0
BSEQUI.BSE_IDX,01/07/2025,12:54:14,1891.5,0,0,0,0,0,0
BSEQUI.BSE_IDX,01/07/2025,12:54:22,1891.41,0,0,0,0,0,0
BSEQUI.BSE_IDX,01/07/2025,12:54:30,1891.47,0,0,0,0,0,0
BSEQUI.BSE_IDX,01/07/2025,12:54:38,1891.23,0,0,0,0,0,0
BSEQUI.BSE_IDX,01/07/2025,12:54:46,1891.06,0,0,0,0,0,0
BSEQUI.BSE_IDX,01/07/2025,12:54:54,1891.06,0,0,0,0,0,0
BSEQUI.BSE_IDX,01/07/2025,12:55:02,1891.05,0,0,0,0,0,0
BSEQUI.BSE_IDX,01/07/2025,12:55:10,1891.11,0,0,0,0,0,0
BSEQUI.BSE_IDX,01/07/2025,12:55:18,1890.95,0,0,0,0,0,0
BSEQUI.BSE_IDX,01/07/2025,12:55:26,1890.87,0,0,0,0,0,0
BSEQUI.BSE_IDX,01/07/2025,12:55:34,1890.92,0,0,0,0,0,0
BSEQUI.BSE_IDX,01/07/2025,12:55:42,1891,0,0,0,0,0,0
BSEQUI.BSE_IDX,01/07/2025,12:55:50,1890.95,0,0,0,0,0,0
BSEQUI.BSE_IDX,01/07/2025,12:55:58,1890.76,0,0,0,0,0,0
BSEQUI.BSE_IDX,01/07/2025,12:56:06,1890.78,0,0,0,0,0,0
BSEQUI.BSE_IDX,01/07/2025,12:56:15,1890.95,0,0,0,0,0,0
BSEQUI.BSE_IDX,01/07/2025,12:56:22,1890.91,0,0,0,0,0,0
BSEQUI.BSE_IDX,01/07/2025,12:56:30,1891.05,0,0,0,0,0,0
BSEQUI.BSE_IDX,01/07/2025,12:56:38,1890.81,0,0,0,0,0,0
BSEQUI.BSE_IDX,01/07/2025,12:56:46,1890.73,0,0,0,0,0,0
BSEQUI.BSE_IDX,01/07/2025,12:56:54,1890.8,0,0,0,0,0,0
BSEQUI.BSE_IDX,01/07/2025,12:57:02,1890.21,0,0,0,0,0,0
BSEQUI.BSE_IDX,01/07/2025,12:57:10,1890.39,0,0,0,0,0,0
BSEQUI.BSE_IDX,01/07/2025,12:57:18,1890.37,0,0,0,0,0,0
BSEQUI.BSE_IDX,01/07/2025,12:57:26,1890.39,0,0,0,0,0,0
BSEQUI.BSE_IDX,01/07/2025,12:57:34,1890.39,0,0,0,0,0,0
BSEQUI.BSE_IDX,01/07/2025,12:57:42,1890.5,0,0,0,0,0,0
BSEQUI.BSE_IDX,01/07/2025,12:57:51,1890.47,0,0,0,0,0,0
BSEQUI.BSE_IDX,01/07/2025,12:57:58,1890.48,0,0,0,0,0,0
BSEQUI.BSE_IDX,01/07/2025,12:58:06,1890.48,0,0,0,0,0,0
BSEQUI.BSE_IDX,01/07/2025,12:58:14,1890.33,0,0,0,0,0,0
BSEQUI.BSE_IDX,01/07/2025,12:58:22,1890.3,0,0,0,0,0,0
BSEQUI.BSE_IDX,01/07/2025,12:58:30,1890.21,0,0,0,0,0,0
BSEQUI.BSE_IDX,01/07/2025,12:58:38,1890.13,0,0,0,0,0,0
