Ticker,Date,Time,LTP,BuyPrice,BuyQty,SellPrice,SellQty,LTQ,OpenInterest
BSESER.BSE_IDX,01/07/2025,09:00:00,1619.57,0,0,0,0,0,0
BSESER.BSE_IDX,01/07/2025,09:00:07,1673.77,0,0,0,0,0,0
BSESER.BSE_IDX,01/07/2025,09:00:15,1668.24,0,0,0,0,0,0
BSESER.BSE_IDX,01/07/2025,09:00:23,1666.73,0,0,0,0,0,0
BSESER.BSE_IDX,01/07/2025,09:00:31,1666.84,0,0,0,0,0,0
BSESER.BSE_IDX,01/07/2025,09:00:39,1621.45,0,0,0,0,0,0
BSESER.BSE_IDX,01/07/2025,09:00:47,1620.67,0,0,0,0,0,0
BSESER.BSE_IDX,01/07/2025,09:00:55,1620.67,0,0,0,0,0,0
BSESER.BSE_IDX,01/07/2025,09:01:03,1620.36,0,0,0,0,0,0
BSESER.BSE_IDX,01/07/2025,09:01:11,1620.36,0,0,0,0,0,0
BSESER.BSE_IDX,01/07/2025,09:01:19,1620.35,0,0,0,0,0,0
BSESER.BSE_IDX,01/07/2025,09:01:27,1620.13,0,0,0,0,0,0
BSESER.BSE_IDX,01/07/2025,09:01:35,1620.13,0,0,0,0,0,0
BSESER.BSE_IDX,01/07/2025,09:01:43,1620.12,0,0,0,0,0,0
BSESER.BSE_IDX,01/07/2025,09:01:51,1620.14,0,0,0,0,0,0
BSESER.BSE_IDX,01/07/2025,09:01:59,1621.76,0,0,0,0,0,0
BSESER.BSE_IDX,01/07/2025,09:02:07,1621.76,0,0,0,0,0,0
BSESER.BSE_IDX,01/07/2025,09:02:15,1621.76,0,0,0,0,0,0
BSESER.BSE_IDX,01/07/2025,09:02:23,1621.76,0,0,0,0,0,0
BSESER.BSE_IDX,01/07/2025,09:02:31,1621.76,0,0,0,0,0,0
BSESER.BSE_IDX,01/07/2025,09:02:39,1621.77,0,0,0,0,0,0
BSESER.BSE_IDX,01/07/2025,09:02:47,1621.77,0,0,0,0,0,0
BSESER.BSE_IDX,01/07/2025,09:02:55,1621.77,0,0,0,0,0,0
BSESER.BSE_IDX,01/07/2025,09:03:03,1622.02,0,0,0,0,0,0
BSESER.BSE_IDX,01/07/2025,09:03:11,1620.71,0,0,0,0,0,0
BSESER.BSE_IDX,01/07/2025,09:03:19,1620.99,0,0,0,0,0,0
BSESER.BSE_IDX,01/07/2025,09:03:27,1621.29,0,0,0,0,0,0
BSESER.BSE_IDX,01/07/2025,09:03:35,1621.29,0,0,0,0,0,0
BSESER.BSE_IDX,01/07/2025,09:03:43,1621.43,0,0,0,0,0,0
BSESER.BSE_IDX,01/07/2025,09:03:51,1621.42,0,0,0,0,0,0
BSESER.BSE_IDX,01/07/2025,09:03:59,1621.51,0,0,0,0,0,0
BSESER.BSE_IDX,01/07/2025,09:04:07,1621.71,0,0,0,0,0,0
BSESER.BSE_IDX,01/07/2025,09:04:15,1621.71,0,0,0,0,0,0
BSESER.BSE_IDX,01/07/2025,09:04:23,1620.1,0,0,0,0,0,0
BSESER.BSE_IDX,01/07/2025,09:04:31,1620.07,0,0,0,0,0,0
BSESER.BSE_IDX,01/07/2025,09:04:39,1620.41,0,0,0,0,0,0
BSESER.BSE_IDX,01/07/2025,09:04:47,1620.21,0,0,0,0,0,0
BSESER.BSE_IDX,01/07/2025,09:04:55,1620.21,0,0,0,0,0,0
BSESER.BSE_IDX,01/07/2025,09:05:03,1620.23,0,0,0,0,0,0
BSESER.BSE_IDX,01/07/2025,09:05:11,1619.99,0,0,0,0,0,0
BSESER.BSE_IDX,01/07/2025,09:05:19,1620.18,0,0,0,0,0,0
BSESER.BSE_IDX,01/07/2025,09:05:27,1621.09,0,0,0,0,0,0
BSESER.BSE_IDX,01/07/2025,09:05:35,1623.42,0,0,0,0,0,0
BSESER.BSE_IDX,01/07/2025,09:05:43,1621.97,0,0,0,0,0,0
BSESER.BSE_IDX,01/07/2025,09:05:51,1622.13,0,0,0,0,0,0
BSESER.BSE_IDX,01/07/2025,09:05:59,1622.12,0,0,0,0,0,0
BSESER.BSE_IDX,01/07/2025,09:06:07,1622.12,0,0,0,0,0,0
BSESER.BSE_IDX,01/07/2025,09:06:15,1622.12,0,0,0,0,0,0
BSESER.BSE_IDX,01/07/2025,09:06:23,1623.71,0,0,0,0,0,0
BSESER.BSE_IDX,01/07/2025,09:06:31,1623.98,0,0,0,0,0,0
BSESER.BSE_IDX,01/07/2025,09:06:39,1622.8,0,0,0,0,0,0
BSESER.BSE_IDX,01/07/2025,09:06:47,1624.61,0,0,0,0,0,0
BSESER.BSE_IDX,01/07/2025,09:06:55,1622.7,0,0,0,0,0,0
BSESER.BSE_IDX,01/07/2025,09:07:04,1621.79,0,0,0,0,0,0
BSESER.BSE_IDX,01/07/2025,09:07:11,1621.79,0,0,0,0,0,0
BSESER.BSE_IDX,01/07/2025,09:07:19,1621.79,0,0,0,0,0,0
BSESER.BSE_IDX,01/07/2025,09:07:27,1621.79,0,0,0,0,0,0
BSESER.BSE_IDX,01/07/2025,09:07:35,1621.79,0,0,0,0,0,0
BSESER.BSE_IDX,01/07/2025,09:07:43,1621.79,0,0,0,0,0,0
BSESER.BSE_IDX,01/07/2025,09:07:51,1621.79,0,0,0,0,0,0
BSESER.BSE_IDX,01/07/2025,09:07:59,1621.79,0,0,0,0,0,0
BSESER.BSE_IDX,01/07/2025,09:08:07,1621.79,0,0,0,0,0,0
BSESER.BSE_IDX,01/07/2025,09:08:15,1621.79,0,0,0,0,0,0
BSESER.BSE_IDX,01/07/2025,09:08:23,1621.79,0,0,0,0,0,0
BSESER.BSE_IDX,01/07/2025,09:08:31,1621.79,0,0,0,0,0,0
BSESER.BSE_IDX,01/07/2025,09:08:39,1621.79,0,0,0,0,0,0
BSESER.BSE_IDX,01/07/2025,09:08:47,1621.79,0,0,0,0,0,0
BSESER.BSE_IDX,01/07/2025,09:08:55,1621.79,0,0,0,0,0,0
BSESER.BSE_IDX,01/07/2025,09:09:03,1622.09,0,0,0,0,0,0
BSESER.BSE_IDX,01/07/2025,09:09:11,1622.09,0,0,0,0,0,0
BSESER.BSE_IDX,01/07/2025,09:09:20,1622.09,0,0,0,0,0,0
BSESER.BSE_IDX,01/07/2025,09:09:27,1622.09,0,0,0,0,0,0
BSESER.BSE_IDX,01/07/2025,09:09:36,1622.09,0,0,0,0,0,0
BSESER.BSE_IDX,01/07/2025,09:09:43,1622.09,0,0,0,0,0,0
BSESER.BSE_IDX,01/07/2025,09:09:51,1622.09,0,0,0,0,0,0
BSESER.BSE_IDX,01/07/2025,09:09:59,1622.09,0,0,0,0,0,0
BSESER.BSE_IDX,01/07/2025,09:10:07,1622.09,0,0,0,0,0,0
BSESER.BSE_IDX,01/07/2025,09:10:16,1622.09,0,0,0,0,0,0
BSESER.BSE_IDX,01/07/2025,09:10:24,1622.09,0,0,0,0,0,0
BSESER.BSE_IDX,01/07/2025,09:10:32,1622.09,0,0,0,0,0,0
BSESER.BSE_IDX,01/07/2025,09:10:39,1622.09,0,0,0,0,0,0
BSESER.BSE_IDX,01/07/2025,09:10:47,1622.09,0,0,0,0,0,0
BSESER.BSE_IDX,01/07/2025,09:10:55,1622.09,0,0,0,0,0,0
BSESER.BSE_IDX,01/07/2025,09:11:03,1622.09,0,0,0,0,0,0
BSESER.BSE_IDX,01/07/2025,09:11:11,1622.09,0,0,0,0,0,0
BSESER.BSE_IDX,01/07/2025,09:11:19,1622.09,0,0,0,0,0,0
BSESER.BSE_IDX,01/07/2025,09:11:27,1622.09,0,0,0,0,0,0
BSESER.BSE_IDX,01/07/2025,09:11:35,1622.09,0,0,0,0,0,0
BSESER.BSE_IDX,01/07/2025,09:11:43,1622.09,0,0,0,0,0,0
BSESER.BSE_IDX,01/07/2025,09:11:51,1622.09,0,0,0,0,0,0
BSESER.BSE_IDX,01/07/2025,09:11:59,1622.09,0,0,0,0,0,0
BSESER.BSE_IDX,01/07/2025,09:12:07,1622.09,0,0,0,0,0,0
BSESER.BSE_IDX,01/07/2025,09:12:16,1622.09,0,0,0,0,0,0
BSESER.BSE_IDX,01/07/2025,09:12:23,1622.09,0,0,0,0,0,0
BSESER.BSE_IDX,01/07/2025,09:12:31,1622.09,0,0,0,0,0,0
BSESER.BSE_IDX,01/07/2025,09:12:39,1622.09,0,0,0,0,0,0
BSESER.BSE_IDX,01/07/2025,09:12:47,1622.09,0,0,0,0,0,0
BSESER.BSE_IDX,01/07/2025,09:12:55,1622.09,0,0,0,0,0,0
BSESER.BSE_IDX,01/07/2025,09:13:03,1622.09,0,0,0,0,0,0
BSESER.BSE_IDX,01/07/2025,09:13:11,1622.09,0,0,0,0,0,0
BSESER.BSE_IDX,01/07/2025,09:13:19,1622.09,0,0,0,0,0,0
BSESER.BSE_IDX,01/07/2025,09:13:27,1622.09,0,0,0,0,0,0
BSESER.BSE_IDX,01/07/2025,09:13:35,1622.09,0,0,0,0,0,0
BSESER.BSE_IDX,01/07/2025,09:13:43,1622.09,0,0,0,0,0,0
BSESER.BSE_IDX,01/07/2025,09:13:51,1622.09,0,0,0,0,0,0
BSESER.BSE_IDX,01/07/2025,09:13:59,1622.09,0,0,0,0,0,0
BSESER.BSE_IDX,01/07/2025,09:14:07,1622.09,0,0,0,0,0,0
BSESER.BSE_IDX,01/07/2025,09:14:15,1622.09,0,0,0,0,0,0
BSESER.BSE_IDX,01/07/2025,09:14:23,1622.09,0,0,0,0,0,0
BSESER.BSE_IDX,01/07/2025,09:14:31,1622.09,0,0,0,0,0,0
BSESER.BSE_IDX,01/07/2025,09:14:39,1622.09,0,0,0,0,0,0
BSESER.BSE_IDX,01/07/2025,09:14:47,1622.09,0,0,0,0,0,0
BSESER.BSE_IDX,01/07/2025,09:14:55,1622.09,0,0,0,0,0,0
BSESER.BSE_IDX,01/07/2025,09:15:04,1620.22,0,0,0,0,0,0
BSESER.BSE_IDX,01/07/2025,09:15:11,1620.07,0,0,0,0,0,0
BSESER.BSE_IDX,01/07/2025,09:15:19,1622.29,0,0,0,0,0,0
BSESER.BSE_IDX,01/07/2025,09:15:27,1621.48,0,0,0,0,0,0
BSESER.BSE_IDX,01/07/2025,09:15:35,1620.98,0,0,0,0,0,0
BSESER.BSE_IDX,01/07/2025,09:15:43,1620.29,0,0,0,0,0,0
BSESER.BSE_IDX,01/07/2025,09:15:51,1619.48,0,0,0,0,0,0
BSESER.BSE_IDX,01/07/2025,09:15:59,1620.27,0,0,0,0,0,0
BSESER.BSE_IDX,01/07/2025,09:16:07,1618.93,0,0,0,0,0,0
BSESER.BSE_IDX,01/07/2025,09:16:15,1619.03,0,0,0,0,0,0
BSESER.BSE_IDX,01/07/2025,09:16:24,1620.62,0,0,0,0,0,0
BSESER.BSE_IDX,01/07/2025,09:16:31,1619.79,0,0,0,0,0,0
BSESER.BSE_IDX,01/07/2025,09:16:39,1619.5,0,0,0,0,0,0
BSESER.BSE_IDX,01/07/2025,09:16:48,1620.74,0,0,0,0,0,0
BSESER.BSE_IDX,01/07/2025,09:16:55,1620.89,0,0,0,0,0,0
BSESER.BSE_IDX,01/07/2025,09:17:03,1621.25,0,0,0,0,0,0
BSESER.BSE_IDX,01/07/2025,09:17:12,1621.14,0,0,0,0,0,0
BSESER.BSE_IDX,01/07/2025,09:17:19,1620.52,0,0,0,0,0,0
BSESER.BSE_IDX,01/07/2025,09:17:27,1620.6,0,0,0,0,0,0
BSESER.BSE_IDX,01/07/2025,09:17:35,1620.6,0,0,0,0,0,0
BSESER.BSE_IDX,01/07/2025,09:17:44,1620.73,0,0,0,0,0,0
BSESER.BSE_IDX,01/07/2025,09:17:51,1621.25,0,0,0,0,0,0
BSESER.BSE_IDX,01/07/2025,09:17:59,1621.28,0,0,0,0,0,0
BSESER.BSE_IDX,01/07/2025,09:18:07,1621.53,0,0,0,0,0,0
BSESER.BSE_IDX,01/07/2025,09:18:15,1621.18,0,0,0,0,0,0
BSESER.BSE_IDX,01/07/2025,09:18:23,1621.38,0,0,0,0,0,0
BSESER.BSE_IDX,01/07/2025,09:18:31,1620.6,0,0,0,0,0,0
BSESER.BSE_IDX,01/07/2025,09:18:39,1620.83,0,0,0,0,0,0
BSESER.BSE_IDX,01/07/2025,09:18:47,1621.06,0,0,0,0,0,0
BSESER.BSE_IDX,01/07/2025,09:18:56,1621.29,0,0,0,0,0,0
BSESER.BSE_IDX,01/07/2025,09:19:03,1622.2,0,0,0,0,0,0
BSESER.BSE_IDX,01/07/2025,09:19:11,1622.26,0,0,0,0,0,0
BSESER.BSE_IDX,01/07/2025,09:19:19,1622.49,0,0,0,0,0,0
BSESER.BSE_IDX,01/07/2025,09:19:28,1622.12,0,0,0,0,0,0
BSESER.BSE_IDX,01/07/2025,09:19:35,1622.73,0,0,0,0,0,0
BSESER.BSE_IDX,01/07/2025,09:19:43,1622.45,0,0,0,0,0,0
BSESER.BSE_IDX,01/07/2025,09:19:52,1622.52,0,0,0,0,0,0
BSESER.BSE_IDX,01/07/2025,09:19:59,1622.54,0,0,0,0,0,0
BSESER.BSE_IDX,01/07/2025,09:20:07,1621.94,0,0,0,0,0,0
BSESER.BSE_IDX,01/07/2025,09:20:15,1622.05,0,0,0,0,0,0
BSESER.BSE_IDX,01/07/2025,09:20:24,1622.1,0,0,0,0,0,0
BSESER.BSE_IDX,01/07/2025,09:20:31,1622.23,0,0,0,0,0,0
BSESER.BSE_IDX,01/07/2025,09:20:39,1621.52,0,0,0,0,0,0
BSESER.BSE_IDX,01/07/2025,09:20:47,1621.91,0,0,0,0,0,0
BSESER.BSE_IDX,01/07/2025,09:20:55,1621.9,0,0,0,0,0,0
BSESER.BSE_IDX,01/07/2025,09:21:03,1622.28,0,0,0,0,0,0
BSESER.BSE_IDX,01/07/2025,09:21:11,1622.2,0,0,0,0,0,0
BSESER.BSE_IDX,01/07/2025,09:21:19,1622.36,0,0,0,0,0,0
BSESER.BSE_IDX,01/07/2025,09:21:27,1622.66,0,0,0,0,0,0
BSESER.BSE_IDX,01/07/2025,09:21:36,1622.33,0,0,0,0,0,0
BSESER.BSE_IDX,01/07/2025,09:21:43,1622.86,0,0,0,0,0,0
BSESER.BSE_IDX,01/07/2025,09:21:51,1623.04,0,0,0,0,0,0
BSESER.BSE_IDX,01/07/2025,09:22:00,1622.95,0,0,0,0,0,0
BSESER.BSE_IDX,01/07/2025,09:22:07,1622.94,0,0,0,0,0,0
BSESER.BSE_IDX,01/07/2025,09:22:15,1623.5,0,0,0,0,0,0
BSESER.BSE_IDX,01/07/2025,09:22:23,1623.9,0,0,0,0,0,0
BSESER.BSE_IDX,01/07/2025,09:22:31,1624.14,0,0,0,0,0,0
BSESER.BSE_IDX,01/07/2025,09:22:39,1624.56,0,0,0,0,0,0
BSESER.BSE_IDX,01/07/2025,09:22:47,1624.88,0,0,0,0,0,0
BSESER.BSE_IDX,01/07/2025,09:22:55,1625.19,0,0,0,0,0,0
BSESER.BSE_IDX,01/07/2025,09:23:03,1625.63,0,0,0,0,0,0
BSESER.BSE_IDX,01/07/2025,09:23:11,1625.37,0,0,0,0,0,0
BSESER.BSE_IDX,01/07/2025,09:23:20,1626.5,0,0,0,0,0,0
BSESER.BSE_IDX,01/07/2025,09:23:27,1626.5,0,0,0,0,0,0
BSESER.BSE_IDX,01/07/2025,09:23:35,1626.48,0,0,0,0,0,0
BSESER.BSE_IDX,01/07/2025,09:23:44,1626.34,0,0,0,0,0,0
BSESER.BSE_IDX,01/07/2025,09:23:51,1626.15,0,0,0,0,0,0
BSESER.BSE_IDX,01/07/2025,09:23:59,1626.45,0,0,0,0,0,0
BSESER.BSE_IDX,01/07/2025,09:24:08,1626.13,0,0,0,0,0,0
BSESER.BSE_IDX,01/07/2025,09:24:16,1626.3,0,0,0,0,0,0
BSESER.BSE_IDX,01/07/2025,09:24:23,1626.13,0,0,0,0,0,0
BSESER.BSE_IDX,01/07/2025,09:24:32,1626.26,0,0,0,0,0,0
BSESER.BSE_IDX,01/07/2025,09:24:39,1625.87,0,0,0,0,0,0
BSESER.BSE_IDX,01/07/2025,09:24:48,1625.5,0,0,0,0,0,0
BSESER.BSE_IDX,01/07/2025,09:24:57,1625.77,0,0,0,0,0,0
BSESER.BSE_IDX,01/07/2025,09:25:03,1625.34,0,0,0,0,0,0
BSESER.BSE_IDX,01/07/2025,09:25:12,1624.93,0,0,0,0,0,0
BSESER.BSE_IDX,01/07/2025,09:25:20,1624.57,0,0,0,0,0,0
BSESER.BSE_IDX,01/07/2025,09:25:29,1624.58,0,0,0,0,0,0
BSESER.BSE_IDX,01/07/2025,09:25:35,1624.72,0,0,0,0,0,0
BSESER.BSE_IDX,01/07/2025,09:25:43,1624.81,0,0,0,0,0,0
BSESER.BSE_IDX,01/07/2025,09:25:51,1624.87,0,0,0,0,0,0
BSESER.BSE_IDX,01/07/2025,09:25:59,1624.62,0,0,0,0,0,0
BSESER.BSE_IDX,01/07/2025,09:26:08,1624.68,0,0,0,0,0,0
BSESER.BSE_IDX,01/07/2025,09:26:15,1624.52,0,0,0,0,0,0
BSESER.BSE_IDX,01/07/2025,09:26:24,1624.33,0,0,0,0,0,0
BSESER.BSE_IDX,01/07/2025,09:26:31,1624.48,0,0,0,0,0,0
BSESER.BSE_IDX,01/07/2025,09:26:40,1624.36,0,0,0,0,0,0
BSESER.BSE_IDX,01/07/2025,09:26:48,1624.32,0,0,0,0,0,0
BSESER.BSE_IDX,01/07/2025,09:26:55,1624.47,0,0,0,0,0,0
BSESER.BSE_IDX,01/07/2025,09:27:04,1625.02,0,0,0,0,0,0
BSESER.BSE_IDX,01/07/2025,09:27:12,1625.14,0,0,0,0,0,0
BSESER.BSE_IDX,01/07/2025,09:27:19,1624.32,0,0,0,0,0,0
BSESER.BSE_IDX,01/07/2025,09:27:28,1624.34,0,0,0,0,0,0
BSESER.BSE_IDX,01/07/2025,09:27:36,1623.69,0,0,0,0,0,0
BSESER.BSE_IDX,01/07/2025,09:27:44,1623.61,0,0,0,0,0,0
BSESER.BSE_IDX,01/07/2025,09:27:52,1623.46,0,0,0,0,0,0
BSESER.BSE_IDX,01/07/2025,09:28:00,1623.07,0,0,0,0,0,0
BSESER.BSE_IDX,01/07/2025,09:28:08,1621.89,0,0,0,0,0,0
BSESER.BSE_IDX,01/07/2025,09:28:16,1621.77,0,0,0,0,0,0
BSESER.BSE_IDX,01/07/2025,09:28:24,1621.95,0,0,0,0,0,0
BSESER.BSE_IDX,01/07/2025,09:28:32,1621.11,0,0,0,0,0,0
BSESER.BSE_IDX,01/07/2025,09:28:40,1621.06,0,0,0,0,0,0
BSESER.BSE_IDX,01/07/2025,09:28:48,1620.84,0,0,0,0,0,0
BSESER.BSE_IDX,01/07/2025,09:28:56,1619.78,0,0,0,0,0,0
BSESER.BSE_IDX,01/07/2025,09:29:04,1620.06,0,0,0,0,0,0
BSESER.BSE_IDX,01/07/2025,09:29:12,1620.29,0,0,0,0,0,0
BSESER.BSE_IDX,01/07/2025,09:29:20,1619.43,0,0,0,0,0,0
BSESER.BSE_IDX,01/07/2025,09:29:28,1619.75,0,0,0,0,0,0
BSESER.BSE_IDX,01/07/2025,09:29:36,1620.08,0,0,0,0,0,0
BSESER.BSE_IDX,01/07/2025,09:29:44,1620.12,0,0,0,0,0,0
BSESER.BSE_IDX,01/07/2025,09:29:52,1620.08,0,0,0,0,0,0
BSESER.BSE_IDX,01/07/2025,09:30:00,1620.67,0,0,0,0,0,0
BSESER.BSE_IDX,01/07/2025,09:30:08,1620.69,0,0,0,0,0,0
BSESER.BSE_IDX,01/07/2025,09:30:16,1620.14,0,0,0,0,0,0
BSESER.BSE_IDX,01/07/2025,09:30:24,1619.77,0,0,0,0,0,0
BSESER.BSE_IDX,01/07/2025,09:30:32,1621.3,0,0,0,0,0,0
BSESER.BSE_IDX,01/07/2025,09:30:40,1620.81,0,0,0,0,0,0
BSESER.BSE_IDX,01/07/2025,09:30:48,1620.81,0,0,0,0,0,0
BSESER.BSE_IDX,01/07/2025,09:30:56,1620.61,0,0,0,0,0,0
BSESER.BSE_IDX,01/07/2025,09:31:04,1621.28,0,0,0,0,0,0
BSESER.BSE_IDX,01/07/2025,09:31:12,1621.09,0,0,0,0,0,0
BSESER.BSE_IDX,01/07/2025,09:31:20,1621.03,0,0,0,0,0,0
BSESER.BSE_IDX,01/07/2025,09:31:28,1620.76,0,0,0,0,0,0
BSESER.BSE_IDX,01/07/2025,09:31:36,1620.39,0,0,0,0,0,0
BSESER.BSE_IDX,01/07/2025,09:31:44,1620.18,0,0,0,0,0,0
BSESER.BSE_IDX,01/07/2025,09:31:52,1620.45,0,0,0,0,0,0
BSESER.BSE_IDX,01/07/2025,09:32:00,1620.63,0,0,0,0,0,0
BSESER.BSE_IDX,01/07/2025,09:32:08,1621.16,0,0,0,0,0,0
BSESER.BSE_IDX,01/07/2025,09:32:16,1620.27,0,0,0,0,0,0
BSESER.BSE_IDX,01/07/2025,09:32:24,1620.55,0,0,0,0,0,0
BSESER.BSE_IDX,01/07/2025,09:32:32,1620.78,0,0,0,0,0,0
BSESER.BSE_IDX,01/07/2025,09:32:40,1621.72,0,0,0,0,0,0
BSESER.BSE_IDX,01/07/2025,09:32:48,1621.93,0,0,0,0,0,0
BSESER.BSE_IDX,01/07/2025,09:32:56,1622.39,0,0,0,0,0,0
BSESER.BSE_IDX,01/07/2025,09:33:04,1621.92,0,0,0,0,0,0
BSESER.BSE_IDX,01/07/2025,09:33:12,1621.99,0,0,0,0,0,0
BSESER.BSE_IDX,01/07/2025,09:33:20,1622.1,0,0,0,0,0,0
BSESER.BSE_IDX,01/07/2025,09:33:28,1622.33,0,0,0,0,0,0
BSESER.BSE_IDX,01/07/2025,09:33:36,1622.33,0,0,0,0,0,0
BSESER.BSE_IDX,01/07/2025,09:33:44,1622.26,0,0,0,0,0,0
BSESER.BSE_IDX,01/07/2025,09:33:52,1622.46,0,0,0,0,0,0
BSESER.BSE_IDX,01/07/2025,09:34:00,1622.5,0,0,0,0,0,0
BSESER.BSE_IDX,01/07/2025,09:34:08,1622.75,0,0,0,0,0,0
BSESER.BSE_IDX,01/07/2025,09:34:16,1622.6,0,0,0,0,0,0
BSESER.BSE_IDX,01/07/2025,09:34:24,1622.72,0,0,0,0,0,0
BSESER.BSE_IDX,01/07/2025,09:34:32,1622.66,0,0,0,0,0,0
BSESER.BSE_IDX,01/07/2025,09:34:40,1622.2,0,0,0,0,0,0
BSESER.BSE_IDX,01/07/2025,09:34:48,1623.17,0,0,0,0,0,0
BSESER.BSE_IDX,01/07/2025,09:34:56,1623.68,0,0,0,0,0,0
BSESER.BSE_IDX,01/07/2025,09:35:05,1623.18,0,0,0,0,0,0
BSESER.BSE_IDX,01/07/2025,09:35:12,1623.24,0,0,0,0,0,0
BSESER.BSE_IDX,01/07/2025,09:35:20,1623.39,0,0,0,0,0,0
BSESER.BSE_IDX,01/07/2025,09:35:28,1623.78,0,0,0,0,0,0
BSESER.BSE_IDX,01/07/2025,09:35:36,1623.81,0,0,0,0,0,0
BSESER.BSE_IDX,01/07/2025,09:35:44,1623.85,0,0,0,0,0,0
BSESER.BSE_IDX,01/07/2025,09:35:52,1624.26,0,0,0,0,0,0
BSESER.BSE_IDX,01/07/2025,09:36:00,1624.6,0,0,0,0,0,0
BSESER.BSE_IDX,01/07/2025,09:36:08,1623.9,0,0,0,0,0,0
BSESER.BSE_IDX,01/07/2025,09:36:16,1623.92,0,0,0,0,0,0
BSESER.BSE_IDX,01/07/2025,09:36:24,1623.79,0,0,0,0,0,0
BSESER.BSE_IDX,01/07/2025,09:36:33,1623.86,0,0,0,0,0,0
BSESER.BSE_IDX,01/07/2025,09:36:40,1623.23,0,0,0,0,0,0
BSESER.BSE_IDX,01/07/2025,09:36:48,1623.23,0,0,0,0,0,0
BSESER.BSE_IDX,01/07/2025,09:36:56,1623.08,0,0,0,0,0,0
BSESER.BSE_IDX,01/07/2025,09:37:04,1623.08,0,0,0,0,0,0
BSESER.BSE_IDX,01/07/2025,09:37:12,1623.25,0,0,0,0,0,0
BSESER.BSE_IDX,01/07/2025,09:37:20,1623.22,0,0,0,0,0,0
BSESER.BSE_IDX,01/07/2025,09:37:28,1623.32,0,0,0,0,0,0
BSESER.BSE_IDX,01/07/2025,09:37:36,1623.43,0,0,0,0,0,0
BSESER.BSE_IDX,01/07/2025,09:37:44,1623.71,0,0,0,0,0,0
BSESER.BSE_IDX,01/07/2025,09:37:52,1623.73,0,0,0,0,0,0
BSESER.BSE_IDX,01/07/2025,09:38:00,1623.93,0,0,0,0,0,0
BSESER.BSE_IDX,01/07/2025,09:38:08,1623.78,0,0,0,0,0,0
BSESER.BSE_IDX,01/07/2025,09:38:16,1624.26,0,0,0,0,0,0
BSESER.BSE_IDX,01/07/2025,09:38:24,1624.37,0,0,0,0,0,0
BSESER.BSE_IDX,01/07/2025,09:38:32,1623.87,0,0,0,0,0,0
BSESER.BSE_IDX,01/07/2025,09:38:40,1623.84,0,0,0,0,0,0
BSESER.BSE_IDX,01/07/2025,09:38:48,1624.15,0,0,0,0,0,0
BSESER.BSE_IDX,01/07/2025,09:38:56,1623.66,0,0,0,0,0,0
BSESER.BSE_IDX,01/07/2025,09:39:04,1623.03,0,0,0,0,0,0
BSESER.BSE_IDX,01/07/2025,09:39:12,1623.09,0,0,0,0,0,0
BSESER.BSE_IDX,01/07/2025,09:39:20,1623.33,0,0,0,0,0,0
BSESER.BSE_IDX,01/07/2025,09:39:28,1623.13,0,0,0,0,0,0
BSESER.BSE_IDX,01/07/2025,09:39:36,1623.46,0,0,0,0,0,0
BSESER.BSE_IDX,01/07/2025,09:39:44,1623.52,0,0,0,0,0,0
BSESER.BSE_IDX,01/07/2025,09:39:52,1623.47,0,0,0,0,0,0
BSESER.BSE_IDX,01/07/2025,09:40:00,1623.14,0,0,0,0,0,0
BSESER.BSE_IDX,01/07/2025,09:40:08,1623.11,0,0,0,0,0,0
BSESER.BSE_IDX,01/07/2025,09:40:16,1623.6,0,0,0,0,0,0
BSESER.BSE_IDX,01/07/2025,09:40:24,1623.61,0,0,0,0,0,0
BSESER.BSE_IDX,01/07/2025,09:40:32,1623.61,0,0,0,0,0,0
BSESER.BSE_IDX,01/07/2025,09:40:40,1623.76,0,0,0,0,0,0
BSESER.BSE_IDX,01/07/2025,09:40:48,1623.76,0,0,0,0,0,0
BSESER.BSE_IDX,01/07/2025,09:40:56,1622.95,0,0,0,0,0,0
BSESER.BSE_IDX,01/07/2025,09:41:04,1622.72,0,0,0,0,0,0
BSESER.BSE_IDX,01/07/2025,09:41:12,1622.71,0,0,0,0,0,0
BSESER.BSE_IDX,01/07/2025,09:41:20,1622.87,0,0,0,0,0,0
BSESER.BSE_IDX,01/07/2025,09:41:28,1622.91,0,0,0,0,0,0
BSESER.BSE_IDX,01/07/2025,09:41:36,1623.6,0,0,0,0,0,0
BSESER.BSE_IDX,01/07/2025,09:41:44,1623.5,0,0,0,0,0,0
BSESER.BSE_IDX,01/07/2025,09:41:52,1623.4,0,0,0,0,0,0
BSESER.BSE_IDX,01/07/2025,09:42:00,1623.41,0,0,0,0,0,0
BSESER.BSE_IDX,01/07/2025,09:42:08,1623.4,0,0,0,0,0,0
BSESER.BSE_IDX,01/07/2025,09:42:16,1623.27,0,0,0,0,0,0
BSESER.BSE_IDX,01/07/2025,09:42:24,1622.86,0,0,0,0,0,0
BSESER.BSE_IDX,01/07/2025,09:42:32,1622.84,0,0,0,0,0,0
BSESER.BSE_IDX,01/07/2025,09:42:40,1623.64,0,0,0,0,0,0
BSESER.BSE_IDX,01/07/2025,09:42:48,1623.68,0,0,0,0,0,0
BSESER.BSE_IDX,01/07/2025,09:42:56,1623.97,0,0,0,0,0,0
BSESER.BSE_IDX,01/07/2025,09:43:04,1623.6,0,0,0,0,0,0
BSESER.BSE_IDX,01/07/2025,09:43:12,1623.53,0,0,0,0,0,0
BSESER.BSE_IDX,01/07/2025,09:43:20,1623.61,0,0,0,0,0,0
BSESER.BSE_IDX,01/07/2025,09:43:28,1623.54,0,0,0,0,0,0
BSESER.BSE_IDX,01/07/2025,09:43:36,1623.59,0,0,0,0,0,0
BSESER.BSE_IDX,01/07/2025,09:43:44,1623.67,0,0,0,0,0,0
BSESER.BSE_IDX,01/07/2025,09:43:53,1623.7,0,0,0,0,0,0
BSESER.BSE_IDX,01/07/2025,09:44:00,1623.77,0,0,0,0,0,0
BSESER.BSE_IDX,01/07/2025,09:44:08,1623.68,0,0,0,0,0,0
BSESER.BSE_IDX,01/07/2025,09:44:16,1623.66,0,0,0,0,0,0
BSESER.BSE_IDX,01/07/2025,09:44:24,1623.53,0,0,0,0,0,0
BSESER.BSE_IDX,01/07/2025,09:44:32,1623.43,0,0,0,0,0,0
BSESER.BSE_IDX,01/07/2025,09:44:40,1623.56,0,0,0,0,0,0
BSESER.BSE_IDX,01/07/2025,09:44:48,1623.52,0,0,0,0,0,0
BSESER.BSE_IDX,01/07/2025,09:44:56,1623.46,0,0,0,0,0,0
BSESER.BSE_IDX,01/07/2025,09:45:05,1623.14,0,0,0,0,0,0
BSESER.BSE_IDX,01/07/2025,09:45:12,1623.09,0,0,0,0,0,0
BSESER.BSE_IDX,01/07/2025,09:45:20,1623,0,0,0,0,0,0
BSESER.BSE_IDX,01/07/2025,09:45:28,1622.88,0,0,0,0,0,0
BSESER.BSE_IDX,01/07/2025,09:45:36,1622.82,0,0,0,0,0,0
BSESER.BSE_IDX,01/07/2025,09:45:44,1622.71,0,0,0,0,0,0
BSESER.BSE_IDX,01/07/2025,09:45:52,1622.42,0,0,0,0,0,0
BSESER.BSE_IDX,01/07/2025,09:46:01,1622.48,0,0,0,0,0,0
BSESER.BSE_IDX,01/07/2025,09:46:08,1621.95,0,0,0,0,0,0
BSESER.BSE_IDX,01/07/2025,09:46:16,1621.83,0,0,0,0,0,0
BSESER.BSE_IDX,01/07/2025,09:46:24,1622.06,0,0,0,0,0,0
BSESER.BSE_IDX,01/07/2025,09:46:32,1622.22,0,0,0,0,0,0
BSESER.BSE_IDX,01/07/2025,09:46:40,1622.17,0,0,0,0,0,0
BSESER.BSE_IDX,01/07/2025,09:46:48,1622.35,0,0,0,0,0,0
BSESER.BSE_IDX,01/07/2025,09:46:56,1622,0,0,0,0,0,0
BSESER.BSE_IDX,01/07/2025,09:47:04,1621.99,0,0,0,0,0,0
BSESER.BSE_IDX,01/07/2025,09:47:12,1621.87,0,0,0,0,0,0
BSESER.BSE_IDX,01/07/2025,09:47:20,1621.85,0,0,0,0,0,0
BSESER.BSE_IDX,01/07/2025,09:47:28,1622.06,0,0,0,0,0,0
BSESER.BSE_IDX,01/07/2025,09:47:36,1621.91,0,0,0,0,0,0
BSESER.BSE_IDX,01/07/2025,09:47:44,1622.25,0,0,0,0,0,0
BSESER.BSE_IDX,01/07/2025,09:47:52,1622.45,0,0,0,0,0,0
BSESER.BSE_IDX,01/07/2025,09:48:00,1622.74,0,0,0,0,0,0
BSESER.BSE_IDX,01/07/2025,09:48:08,1622.67,0,0,0,0,0,0
BSESER.BSE_IDX,01/07/2025,09:48:16,1622.99,0,0,0,0,0,0
BSESER.BSE_IDX,01/07/2025,09:48:24,1623.05,0,0,0,0,0,0
BSESER.BSE_IDX,01/07/2025,09:48:32,1623.06,0,0,0,0,0,0
BSESER.BSE_IDX,01/07/2025,09:48:40,1623.08,0,0,0,0,0,0
BSESER.BSE_IDX,01/07/2025,09:48:48,1622.94,0,0,0,0,0,0
BSESER.BSE_IDX,01/07/2025,09:48:56,1622.72,0,0,0,0,0,0
BSESER.BSE_IDX,01/07/2025,09:49:04,1622.92,0,0,0,0,0,0
BSESER.BSE_IDX,01/07/2025,09:49:12,1623.28,0,0,0,0,0,0
BSESER.BSE_IDX,01/07/2025,09:49:20,1623.27,0,0,0,0,0,0
BSESER.BSE_IDX,01/07/2025,09:49:28,1623.14,0,0,0,0,0,0
BSESER.BSE_IDX,01/07/2025,09:49:36,1623.27,0,0,0,0,0,0
BSESER.BSE_IDX,01/07/2025,09:49:44,1623.28,0,0,0,0,0,0
BSESER.BSE_IDX,01/07/2025,09:49:52,1623.05,0,0,0,0,0,0
BSESER.BSE_IDX,01/07/2025,09:50:00,1622.83,0,0,0,0,0,0
BSESER.BSE_IDX,01/07/2025,09:50:08,1622.84,0,0,0,0,0,0
BSESER.BSE_IDX,01/07/2025,09:50:16,1623.12,0,0,0,0,0,0
BSESER.BSE_IDX,01/07/2025,09:50:24,1622.21,0,0,0,0,0,0
BSESER.BSE_IDX,01/07/2025,09:50:32,1622.46,0,0,0,0,0,0
BSESER.BSE_IDX,01/07/2025,09:50:40,1621.97,0,0,0,0,0,0
BSESER.BSE_IDX,01/07/2025,09:50:48,1621.83,0,0,0,0,0,0
BSESER.BSE_IDX,01/07/2025,09:50:57,1622.37,0,0,0,0,0,0
BSESER.BSE_IDX,01/07/2025,09:51:04,1622.39,0,0,0,0,0,0
BSESER.BSE_IDX,01/07/2025,09:51:12,1622.32,0,0,0,0,0,0
BSESER.BSE_IDX,01/07/2025,09:51:20,1622.21,0,0,0,0,0,0
BSESER.BSE_IDX,01/07/2025,09:51:28,1622.2,0,0,0,0,0,0
BSESER.BSE_IDX,01/07/2025,09:51:37,1622.2,0,0,0,0,0,0
BSESER.BSE_IDX,01/07/2025,09:51:44,1622.04,0,0,0,0,0,0
BSESER.BSE_IDX,01/07/2025,09:51:52,1622.07,0,0,0,0,0,0
BSESER.BSE_IDX,01/07/2025,09:52:01,1622.11,0,0,0,0,0,0
BSESER.BSE_IDX,01/07/2025,09:52:08,1622.08,0,0,0,0,0,0
BSESER.BSE_IDX,01/07/2025,09:52:17,1622.07,0,0,0,0,0,0
BSESER.BSE_IDX,01/07/2025,09:52:24,1621.68,0,0,0,0,0,0
BSESER.BSE_IDX,01/07/2025,09:52:32,1621.78,0,0,0,0,0,0
BSESER.BSE_IDX,01/07/2025,09:52:40,1621.66,0,0,0,0,0,0
BSESER.BSE_IDX,01/07/2025,09:52:48,1621.61,0,0,0,0,0,0
BSESER.BSE_IDX,01/07/2025,09:52:57,1621.72,0,0,0,0,0,0
BSESER.BSE_IDX,01/07/2025,09:53:04,1621.42,0,0,0,0,0,0
BSESER.BSE_IDX,01/07/2025,09:53:13,1621.05,0,0,0,0,0,0
BSESER.BSE_IDX,01/07/2025,09:53:20,1621.28,0,0,0,0,0,0
BSESER.BSE_IDX,01/07/2025,09:53:28,1620.94,0,0,0,0,0,0
BSESER.BSE_IDX,01/07/2025,09:53:36,1621.29,0,0,0,0,0,0
BSESER.BSE_IDX,01/07/2025,09:53:44,1621.3,0,0,0,0,0,0
BSESER.BSE_IDX,01/07/2025,09:53:52,1621.54,0,0,0,0,0,0
BSESER.BSE_IDX,01/07/2025,09:54:00,1621.74,0,0,0,0,0,0
BSESER.BSE_IDX,01/07/2025,09:54:08,1621.33,0,0,0,0,0,0
BSESER.BSE_IDX,01/07/2025,09:54:16,1620.39,0,0,0,0,0,0
BSESER.BSE_IDX,01/07/2025,09:54:24,1620.43,0,0,0,0,0,0
BSESER.BSE_IDX,01/07/2025,09:54:32,1620.57,0,0,0,0,0,0
BSESER.BSE_IDX,01/07/2025,09:54:40,1620.58,0,0,0,0,0,0
BSESER.BSE_IDX,01/07/2025,09:54:48,1620.58,0,0,0,0,0,0
BSESER.BSE_IDX,01/07/2025,09:54:56,1620.4,0,0,0,0,0,0
BSESER.BSE_IDX,01/07/2025,09:55:04,1620.38,0,0,0,0,0,0
BSESER.BSE_IDX,01/07/2025,09:55:12,1620.41,0,0,0,0,0,0
BSESER.BSE_IDX,01/07/2025,09:55:20,1620.96,0,0,0,0,0,0
BSESER.BSE_IDX,01/07/2025,09:55:28,1620.85,0,0,0,0,0,0
BSESER.BSE_IDX,01/07/2025,09:55:36,1621.18,0,0,0,0,0,0
BSESER.BSE_IDX,01/07/2025,09:55:44,1620.83,0,0,0,0,0,0
BSESER.BSE_IDX,01/07/2025,09:55:52,1620.77,0,0,0,0,0,0
BSESER.BSE_IDX,01/07/2025,09:56:00,1620.77,0,0,0,0,0,0
BSESER.BSE_IDX,01/07/2025,09:56:08,1620.77,0,0,0,0,0,0
BSESER.BSE_IDX,01/07/2025,09:56:16,1621.14,0,0,0,0,0,0
BSESER.BSE_IDX,01/07/2025,09:56:25,1621.06,0,0,0,0,0,0
BSESER.BSE_IDX,01/07/2025,09:56:33,1621,0,0,0,0,0,0
BSESER.BSE_IDX,01/07/2025,09:56:41,1620.84,0,0,0,0,0,0
BSESER.BSE_IDX,01/07/2025,09:56:48,1621.19,0,0,0,0,0,0
BSESER.BSE_IDX,01/07/2025,09:56:57,1620.92,0,0,0,0,0,0
BSESER.BSE_IDX,01/07/2025,09:57:04,1620.79,0,0,0,0,0,0
BSESER.BSE_IDX,01/07/2025,09:57:12,1621.12,0,0,0,0,0,0
BSESER.BSE_IDX,01/07/2025,09:57:20,1621.82,0,0,0,0,0,0
BSESER.BSE_IDX,01/07/2025,09:57:28,1621.39,0,0,0,0,0,0
BSESER.BSE_IDX,01/07/2025,09:57:36,1621.42,0,0,0,0,0,0
BSESER.BSE_IDX,01/07/2025,09:57:44,1621.42,0,0,0,0,0,0
BSESER.BSE_IDX,01/07/2025,09:57:52,1621.54,0,0,0,0,0,0
BSESER.BSE_IDX,01/07/2025,09:58:00,1621.06,0,0,0,0,0,0
BSESER.BSE_IDX,01/07/2025,09:58:08,1621.57,0,0,0,0,0,0
BSESER.BSE_IDX,01/07/2025,09:58:16,1621.65,0,0,0,0,0,0
BSESER.BSE_IDX,01/07/2025,09:58:24,1621.65,0,0,0,0,0,0
BSESER.BSE_IDX,01/07/2025,09:58:32,1621.65,0,0,0,0,0,0
BSESER.BSE_IDX,01/07/2025,09:58:40,1621.79,0,0,0,0,0,0
BSESER.BSE_IDX,01/07/2025,09:58:48,1621.43,0,0,0,0,0,0
BSESER.BSE_IDX,01/07/2025,09:58:56,1621.08,0,0,0,0,0,0
BSESER.BSE_IDX,01/07/2025,09:59:05,1620.98,0,0,0,0,0,0
BSESER.BSE_IDX,01/07/2025,09:59:12,1620.83,0,0,0,0,0,0
BSESER.BSE_IDX,01/07/2025,09:59:20,1621.22,0,0,0,0,0,0
BSESER.BSE_IDX,01/07/2025,09:59:28,1621.22,0,0,0,0,0,0
BSESER.BSE_IDX,01/07/2025,09:59:36,1621.18,0,0,0,0,0,0
BSESER.BSE_IDX,01/07/2025,09:59:45,1621.14,0,0,0,0,0,0
BSESER.BSE_IDX,01/07/2025,09:59:52,1621.15,0,0,0,0,0,0
BSESER.BSE_IDX,01/07/2025,10:00:01,1620.92,0,0,0,0,0,0
BSESER.BSE_IDX,01/07/2025,10:00:08,1621.16,0,0,0,0,0,0
BSESER.BSE_IDX,01/07/2025,10:00:16,1620.92,0,0,0,0,0,0
BSESER.BSE_IDX,01/07/2025,10:00:25,1620.94,0,0,0,0,0,0
BSESER.BSE_IDX,01/07/2025,10:00:32,1621.21,0,0,0,0,0,0
BSESER.BSE_IDX,01/07/2025,10:00:40,1621.3,0,0,0,0,0,0
BSESER.BSE_IDX,01/07/2025,10:00:49,1621.39,0,0,0,0,0,0
BSESER.BSE_IDX,01/07/2025,10:00:57,1621.36,0,0,0,0,0,0
BSESER.BSE_IDX,01/07/2025,10:01:04,1620.84,0,0,0,0,0,0
BSESER.BSE_IDX,01/07/2025,10:01:12,1620.79,0,0,0,0,0,0
BSESER.BSE_IDX,01/07/2025,10:01:21,1621.04,0,0,0,0,0,0
BSESER.BSE_IDX,01/07/2025,10:01:29,1620.91,0,0,0,0,0,0
BSESER.BSE_IDX,01/07/2025,10:01:37,1620.37,0,0,0,0,0,0
BSESER.BSE_IDX,01/07/2025,10:01:44,1620.18,0,0,0,0,0,0
BSESER.BSE_IDX,01/07/2025,10:01:52,1620.57,0,0,0,0,0,0
BSESER.BSE_IDX,01/07/2025,10:02:00,1620.2,0,0,0,0,0,0
BSESER.BSE_IDX,01/07/2025,10:02:09,1620.33,0,0,0,0,0,0
BSESER.BSE_IDX,01/07/2025,10:02:17,1620.53,0,0,0,0,0,0
BSESER.BSE_IDX,01/07/2025,10:02:24,1620.54,0,0,0,0,0,0
BSESER.BSE_IDX,01/07/2025,10:02:32,1620.12,0,0,0,0,0,0
BSESER.BSE_IDX,01/07/2025,10:02:41,1620.1,0,0,0,0,0,0
BSESER.BSE_IDX,01/07/2025,10:02:49,1620.5,0,0,0,0,0,0
BSESER.BSE_IDX,01/07/2025,10:02:57,1620.55,0,0,0,0,0,0
BSESER.BSE_IDX,01/07/2025,10:03:04,1620.47,0,0,0,0,0,0
BSESER.BSE_IDX,01/07/2025,10:03:13,1620.26,0,0,0,0,0,0
BSESER.BSE_IDX,01/07/2025,10:03:20,1619.83,0,0,0,0,0,0
BSESER.BSE_IDX,01/07/2025,10:03:29,1619.4,0,0,0,0,0,0
BSESER.BSE_IDX,01/07/2025,10:03:37,1619.31,0,0,0,0,0,0
BSESER.BSE_IDX,01/07/2025,10:03:45,1619.82,0,0,0,0,0,0
BSESER.BSE_IDX,01/07/2025,10:03:53,1619.53,0,0,0,0,0,0
BSESER.BSE_IDX,01/07/2025,10:04:01,1619.69,0,0,0,0,0,0
BSESER.BSE_IDX,01/07/2025,10:04:09,1619.62,0,0,0,0,0,0
BSESER.BSE_IDX,01/07/2025,10:04:17,1620.12,0,0,0,0,0,0
BSESER.BSE_IDX,01/07/2025,10:04:25,1620.13,0,0,0,0,0,0
BSESER.BSE_IDX,01/07/2025,10:04:33,1620.34,0,0,0,0,0,0
BSESER.BSE_IDX,01/07/2025,10:04:41,1620.21,0,0,0,0,0,0
BSESER.BSE_IDX,01/07/2025,10:04:50,1620.43,0,0,0,0,0,0
BSESER.BSE_IDX,01/07/2025,10:04:57,1620.1,0,0,0,0,0,0
BSESER.BSE_IDX,01/07/2025,10:05:05,1620.19,0,0,0,0,0,0
BSESER.BSE_IDX,01/07/2025,10:05:14,1619.74,0,0,0,0,0,0
BSESER.BSE_IDX,01/07/2025,10:05:21,1620.14,0,0,0,0,0,0
BSESER.BSE_IDX,01/07/2025,10:05:29,1620.22,0,0,0,0,0,0
BSESER.BSE_IDX,01/07/2025,10:05:37,1620.27,0,0,0,0,0,0
BSESER.BSE_IDX,01/07/2025,10:05:45,1620.48,0,0,0,0,0,0
BSESER.BSE_IDX,01/07/2025,10:05:53,1620.36,0,0,0,0,0,0
BSESER.BSE_IDX,01/07/2025,10:06:01,1620.01,0,0,0,0,0,0
BSESER.BSE_IDX,01/07/2025,10:06:09,1620.31,0,0,0,0,0,0
BSESER.BSE_IDX,01/07/2025,10:06:17,1620.33,0,0,0,0,0,0
BSESER.BSE_IDX,01/07/2025,10:06:25,1620.34,0,0,0,0,0,0
BSESER.BSE_IDX,01/07/2025,10:06:33,1620.11,0,0,0,0,0,0
BSESER.BSE_IDX,01/07/2025,10:06:41,1620.21,0,0,0,0,0,0
BSESER.BSE_IDX,01/07/2025,10:06:49,1620.15,0,0,0,0,0,0
BSESER.BSE_IDX,01/07/2025,10:06:57,1620.14,0,0,0,0,0,0
BSESER.BSE_IDX,01/07/2025,10:07:05,1620.4,0,0,0,0,0,0
BSESER.BSE_IDX,01/07/2025,10:07:13,1620.63,0,0,0,0,0,0
BSESER.BSE_IDX,01/07/2025,10:07:21,1620.85,0,0,0,0,0,0
BSESER.BSE_IDX,01/07/2025,10:07:29,1621.2,0,0,0,0,0,0
BSESER.BSE_IDX,01/07/2025,10:07:37,1621.19,0,0,0,0,0,0
BSESER.BSE_IDX,01/07/2025,10:07:45,1621.18,0,0,0,0,0,0
BSESER.BSE_IDX,01/07/2025,10:07:53,1621.29,0,0,0,0,0,0
BSESER.BSE_IDX,01/07/2025,10:08:01,1621.35,0,0,0,0,0,0
BSESER.BSE_IDX,01/07/2025,10:08:09,1621.43,0,0,0,0,0,0
BSESER.BSE_IDX,01/07/2025,10:08:17,1621.58,0,0,0,0,0,0
BSESER.BSE_IDX,01/07/2025,10:08:25,1622.61,0,0,0,0,0,0
BSESER.BSE_IDX,01/07/2025,10:08:33,1622.37,0,0,0,0,0,0
BSESER.BSE_IDX,01/07/2025,10:08:41,1622.42,0,0,0,0,0,0
BSESER.BSE_IDX,01/07/2025,10:08:49,1622.4,0,0,0,0,0,0
BSESER.BSE_IDX,01/07/2025,10:08:57,1620.67,0,0,0,0,0,0
BSESER.BSE_IDX,01/07/2025,10:09:05,1620.5,0,0,0,0,0,0
BSESER.BSE_IDX,01/07/2025,10:09:13,1620.12,0,0,0,0,0,0
BSESER.BSE_IDX,01/07/2025,10:09:21,1620.15,0,0,0,0,0,0
BSESER.BSE_IDX,01/07/2025,10:09:29,1620.14,0,0,0,0,0,0
BSESER.BSE_IDX,01/07/2025,10:09:37,1620.44,0,0,0,0,0,0
BSESER.BSE_IDX,01/07/2025,10:09:45,1620.47,0,0,0,0,0,0
BSESER.BSE_IDX,01/07/2025,10:09:53,1620.49,0,0,0,0,0,0
BSESER.BSE_IDX,01/07/2025,10:10:01,1620.84,0,0,0,0,0,0
BSESER.BSE_IDX,01/07/2025,10:10:09,1620.66,0,0,0,0,0,0
BSESER.BSE_IDX,01/07/2025,10:10:17,1620.46,0,0,0,0,0,0
BSESER.BSE_IDX,01/07/2025,10:10:25,1620.58,0,0,0,0,0,0
BSESER.BSE_IDX,01/07/2025,10:10:33,1620.38,0,0,0,0,0,0
BSESER.BSE_IDX,01/07/2025,10:10:41,1620.33,0,0,0,0,0,0
BSESER.BSE_IDX,01/07/2025,10:10:49,1620.26,0,0,0,0,0,0
BSESER.BSE_IDX,01/07/2025,10:10:57,1620.2,0,0,0,0,0,0
BSESER.BSE_IDX,01/07/2025,10:11:05,1620.17,0,0,0,0,0,0
BSESER.BSE_IDX,01/07/2025,10:11:13,1619.87,0,0,0,0,0,0
BSESER.BSE_IDX,01/07/2025,10:11:22,1619.76,0,0,0,0,0,0
BSESER.BSE_IDX,01/07/2025,10:11:29,1619.34,0,0,0,0,0,0
BSESER.BSE_IDX,01/07/2025,10:11:37,1618.94,0,0,0,0,0,0
BSESER.BSE_IDX,01/07/2025,10:11:45,1618.93,0,0,0,0,0,0
BSESER.BSE_IDX,01/07/2025,10:11:53,1618.84,0,0,0,0,0,0
BSESER.BSE_IDX,01/07/2025,10:12:01,1618.85,0,0,0,0,0,0
BSESER.BSE_IDX,01/07/2025,10:12:09,1618.6,0,0,0,0,0,0
BSESER.BSE_IDX,01/07/2025,10:12:17,1618.39,0,0,0,0,0,0
BSESER.BSE_IDX,01/07/2025,10:12:25,1618.38,0,0,0,0,0,0
BSESER.BSE_IDX,01/07/2025,10:12:33,1618.24,0,0,0,0,0,0
BSESER.BSE_IDX,01/07/2025,10:12:41,1618.18,0,0,0,0,0,0
BSESER.BSE_IDX,01/07/2025,10:12:49,1618.25,0,0,0,0,0,0
BSESER.BSE_IDX,01/07/2025,10:12:57,1618.3,0,0,0,0,0,0
BSESER.BSE_IDX,01/07/2025,10:13:05,1618.14,0,0,0,0,0,0
BSESER.BSE_IDX,01/07/2025,10:13:13,1618.22,0,0,0,0,0,0
BSESER.BSE_IDX,01/07/2025,10:13:21,1618.49,0,0,0,0,0,0
BSESER.BSE_IDX,01/07/2025,10:13:29,1618.33,0,0,0,0,0,0
BSESER.BSE_IDX,01/07/2025,10:13:37,1617.99,0,0,0,0,0,0
BSESER.BSE_IDX,01/07/2025,10:13:45,1617.6,0,0,0,0,0,0
BSESER.BSE_IDX,01/07/2025,10:13:53,1617.51,0,0,0,0,0,0
BSESER.BSE_IDX,01/07/2025,10:14:01,1617.3,0,0,0,0,0,0
BSESER.BSE_IDX,01/07/2025,10:14:09,1617.28,0,0,0,0,0,0
BSESER.BSE_IDX,01/07/2025,10:14:17,1617.02,0,0,0,0,0,0
BSESER.BSE_IDX,01/07/2025,10:14:25,1616.95,0,0,0,0,0,0
BSESER.BSE_IDX,01/07/2025,10:14:33,1617.11,0,0,0,0,0,0
BSESER.BSE_IDX,01/07/2025,10:14:41,1616.97,0,0,0,0,0,0
BSESER.BSE_IDX,01/07/2025,10:14:49,1617.16,0,0,0,0,0,0
BSESER.BSE_IDX,01/07/2025,10:14:57,1617.03,0,0,0,0,0,0
BSESER.BSE_IDX,01/07/2025,10:15:05,1616.13,0,0,0,0,0,0
BSESER.BSE_IDX,01/07/2025,10:15:13,1616.1,0,0,0,0,0,0
BSESER.BSE_IDX,01/07/2025,10:15:21,1616.19,0,0,0,0,0,0
BSESER.BSE_IDX,01/07/2025,10:15:29,1616.15,0,0,0,0,0,0
BSESER.BSE_IDX,01/07/2025,10:15:37,1616.1,0,0,0,0,0,0
BSESER.BSE_IDX,01/07/2025,10:15:45,1616.11,0,0,0,0,0,0
BSESER.BSE_IDX,01/07/2025,10:15:53,1616.67,0,0,0,0,0,0
BSESER.BSE_IDX,01/07/2025,10:16:01,1616.2,0,0,0,0,0,0
BSESER.BSE_IDX,01/07/2025,10:16:09,1616.23,0,0,0,0,0,0
BSESER.BSE_IDX,01/07/2025,10:16:17,1616.34,0,0,0,0,0,0
BSESER.BSE_IDX,01/07/2025,10:16:25,1616.71,0,0,0,0,0,0
BSESER.BSE_IDX,01/07/2025,10:16:33,1617.05,0,0,0,0,0,0
BSESER.BSE_IDX,01/07/2025,10:16:41,1616.56,0,0,0,0,0,0
BSESER.BSE_IDX,01/07/2025,10:16:49,1616.94,0,0,0,0,0,0
BSESER.BSE_IDX,01/07/2025,10:16:57,1617,0,0,0,0,0,0
BSESER.BSE_IDX,01/07/2025,10:17:05,1617.39,0,0,0,0,0,0
BSESER.BSE_IDX,01/07/2025,10:17:13,1617.27,0,0,0,0,0,0
BSESER.BSE_IDX,01/07/2025,10:17:21,1617.29,0,0,0,0,0,0
BSESER.BSE_IDX,01/07/2025,10:17:29,1617.32,0,0,0,0,0,0
BSESER.BSE_IDX,01/07/2025,10:17:37,1617.53,0,0,0,0,0,0
BSESER.BSE_IDX,01/07/2025,10:17:45,1617.53,0,0,0,0,0,0
BSESER.BSE_IDX,01/07/2025,10:17:53,1617.61,0,0,0,0,0,0
BSESER.BSE_IDX,01/07/2025,10:18:01,1617.63,0,0,0,0,0,0
BSESER.BSE_IDX,01/07/2025,10:18:09,1617.68,0,0,0,0,0,0
BSESER.BSE_IDX,01/07/2025,10:18:17,1617.64,0,0,0,0,0,0
BSESER.BSE_IDX,01/07/2025,10:18:25,1617.27,0,0,0,0,0,0
BSESER.BSE_IDX,01/07/2025,10:18:33,1617.3,0,0,0,0,0,0
BSESER.BSE_IDX,01/07/2025,10:18:41,1617.33,0,0,0,0,0,0
BSESER.BSE_IDX,01/07/2025,10:18:49,1617.19,0,0,0,0,0,0
BSESER.BSE_IDX,01/07/2025,10:18:57,1617.6,0,0,0,0,0,0
BSESER.BSE_IDX,01/07/2025,10:19:05,1617.66,0,0,0,0,0,0
BSESER.BSE_IDX,01/07/2025,10:19:13,1617.65,0,0,0,0,0,0
BSESER.BSE_IDX,01/07/2025,10:19:21,1617.55,0,0,0,0,0,0
BSESER.BSE_IDX,01/07/2025,10:19:29,1617.92,0,0,0,0,0,0
BSESER.BSE_IDX,01/07/2025,10:19:37,1617.87,0,0,0,0,0,0
BSESER.BSE_IDX,01/07/2025,10:19:45,1617.7,0,0,0,0,0,0
BSESER.BSE_IDX,01/07/2025,10:19:53,1617.63,0,0,0,0,0,0
BSESER.BSE_IDX,01/07/2025,10:20:01,1617.62,0,0,0,0,0,0
BSESER.BSE_IDX,01/07/2025,10:20:09,1618.05,0,0,0,0,0,0
BSESER.BSE_IDX,01/07/2025,10:20:17,1618.1,0,0,0,0,0,0
BSESER.BSE_IDX,01/07/2025,10:20:25,1618.13,0,0,0,0,0,0
BSESER.BSE_IDX,01/07/2025,10:20:33,1617.95,0,0,0,0,0,0
BSESER.BSE_IDX,01/07/2025,10:20:41,1617.94,0,0,0,0,0,0
BSESER.BSE_IDX,01/07/2025,10:20:49,1617.89,0,0,0,0,0,0
BSESER.BSE_IDX,01/07/2025,10:20:57,1617.91,0,0,0,0,0,0
BSESER.BSE_IDX,01/07/2025,10:21:05,1617.86,0,0,0,0,0,0
BSESER.BSE_IDX,01/07/2025,10:21:13,1617.79,0,0,0,0,0,0
BSESER.BSE_IDX,01/07/2025,10:21:21,1617.89,0,0,0,0,0,0
BSESER.BSE_IDX,01/07/2025,10:21:29,1617.23,0,0,0,0,0,0
BSESER.BSE_IDX,01/07/2025,10:21:37,1617.03,0,0,0,0,0,0
BSESER.BSE_IDX,01/07/2025,10:21:45,1617.04,0,0,0,0,0,0
BSESER.BSE_IDX,01/07/2025,10:21:53,1616.67,0,0,0,0,0,0
BSESER.BSE_IDX,01/07/2025,10:22:01,1616.48,0,0,0,0,0,0
BSESER.BSE_IDX,01/07/2025,10:22:09,1616.45,0,0,0,0,0,0
BSESER.BSE_IDX,01/07/2025,10:22:17,1616.66,0,0,0,0,0,0
BSESER.BSE_IDX,01/07/2025,10:22:25,1617.06,0,0,0,0,0,0
BSESER.BSE_IDX,01/07/2025,10:22:33,1616.64,0,0,0,0,0,0
BSESER.BSE_IDX,01/07/2025,10:22:41,1616.71,0,0,0,0,0,0
BSESER.BSE_IDX,01/07/2025,10:22:49,1616.84,0,0,0,0,0,0
BSESER.BSE_IDX,01/07/2025,10:22:57,1616.55,0,0,0,0,0,0
BSESER.BSE_IDX,01/07/2025,10:23:05,1616.84,0,0,0,0,0,0
BSESER.BSE_IDX,01/07/2025,10:23:13,1616.83,0,0,0,0,0,0
BSESER.BSE_IDX,01/07/2025,10:23:21,1616.83,0,0,0,0,0,0
BSESER.BSE_IDX,01/07/2025,10:23:29,1617.22,0,0,0,0,0,0
BSESER.BSE_IDX,01/07/2025,10:23:37,1617.19,0,0,0,0,0,0
BSESER.BSE_IDX,01/07/2025,10:23:45,1617.32,0,0,0,0,0,0
BSESER.BSE_IDX,01/07/2025,10:23:53,1617.17,0,0,0,0,0,0
BSESER.BSE_IDX,01/07/2025,10:24:01,1617.12,0,0,0,0,0,0
BSESER.BSE_IDX,01/07/2025,10:24:09,1617.16,0,0,0,0,0,0
BSESER.BSE_IDX,01/07/2025,10:24:17,1617.12,0,0,0,0,0,0
BSESER.BSE_IDX,01/07/2025,10:24:25,1617.1,0,0,0,0,0,0
BSESER.BSE_IDX,01/07/2025,10:24:33,1616.89,0,0,0,0,0,0
BSESER.BSE_IDX,01/07/2025,10:24:41,1616.82,0,0,0,0,0,0
BSESER.BSE_IDX,01/07/2025,10:24:49,1616.89,0,0,0,0,0,0
BSESER.BSE_IDX,01/07/2025,10:24:57,1616.87,0,0,0,0,0,0
BSESER.BSE_IDX,01/07/2025,10:25:05,1616.9,0,0,0,0,0,0
BSESER.BSE_IDX,01/07/2025,10:25:13,1616.83,0,0,0,0,0,0
BSESER.BSE_IDX,01/07/2025,10:25:21,1616.98,0,0,0,0,0,0
BSESER.BSE_IDX,01/07/2025,10:25:29,1616.75,0,0,0,0,0,0
BSESER.BSE_IDX,01/07/2025,10:25:37,1616.65,0,0,0,0,0,0
BSESER.BSE_IDX,01/07/2025,10:25:45,1616.65,0,0,0,0,0,0
BSESER.BSE_IDX,01/07/2025,10:25:53,1616.78,0,0,0,0,0,0
BSESER.BSE_IDX,01/07/2025,10:26:01,1616.86,0,0,0,0,0,0
BSESER.BSE_IDX,01/07/2025,10:26:09,1616.88,0,0,0,0,0,0
BSESER.BSE_IDX,01/07/2025,10:26:17,1617.05,0,0,0,0,0,0
BSESER.BSE_IDX,01/07/2025,10:26:25,1616.97,0,0,0,0,0,0
BSESER.BSE_IDX,01/07/2025,10:26:33,1616.96,0,0,0,0,0,0
BSESER.BSE_IDX,01/07/2025,10:26:41,1617.1,0,0,0,0,0,0
BSESER.BSE_IDX,01/07/2025,10:26:49,1617.03,0,0,0,0,0,0
BSESER.BSE_IDX,01/07/2025,10:26:57,1617.08,0,0,0,0,0,0
BSESER.BSE_IDX,01/07/2025,10:27:05,1617.02,0,0,0,0,0,0
BSESER.BSE_IDX,01/07/2025,10:27:13,1617.46,0,0,0,0,0,0
BSESER.BSE_IDX,01/07/2025,10:27:21,1617.37,0,0,0,0,0,0
BSESER.BSE_IDX,01/07/2025,10:27:29,1617.68,0,0,0,0,0,0
BSESER.BSE_IDX,01/07/2025,10:27:37,1617.59,0,0,0,0,0,0
BSESER.BSE_IDX,01/07/2025,10:27:45,1617.71,0,0,0,0,0,0
BSESER.BSE_IDX,01/07/2025,10:27:53,1617.8,0,0,0,0,0,0
BSESER.BSE_IDX,01/07/2025,10:28:01,1617.75,0,0,0,0,0,0
BSESER.BSE_IDX,01/07/2025,10:28:09,1617.79,0,0,0,0,0,0
BSESER.BSE_IDX,01/07/2025,10:28:17,1618.36,0,0,0,0,0,0
BSESER.BSE_IDX,01/07/2025,10:28:25,1618.43,0,0,0,0,0,0
BSESER.BSE_IDX,01/07/2025,10:28:33,1618.38,0,0,0,0,0,0
BSESER.BSE_IDX,01/07/2025,10:28:41,1618.16,0,0,0,0,0,0
BSESER.BSE_IDX,01/07/2025,10:28:49,1617.86,0,0,0,0,0,0
BSESER.BSE_IDX,01/07/2025,10:28:57,1618.17,0,0,0,0,0,0
BSESER.BSE_IDX,01/07/2025,10:29:05,1618.01,0,0,0,0,0,0
BSESER.BSE_IDX,01/07/2025,10:29:13,1617.64,0,0,0,0,0,0
BSESER.BSE_IDX,01/07/2025,10:29:21,1617.91,0,0,0,0,0,0
BSESER.BSE_IDX,01/07/2025,10:29:29,1617.87,0,0,0,0,0,0
BSESER.BSE_IDX,01/07/2025,10:29:37,1617.41,0,0,0,0,0,0
BSESER.BSE_IDX,01/07/2025,10:29:46,1617.4,0,0,0,0,0,0
BSESER.BSE_IDX,01/07/2025,10:29:54,1617.75,0,0,0,0,0,0
BSESER.BSE_IDX,01/07/2025,10:30:01,1617.76,0,0,0,0,0,0
BSESER.BSE_IDX,01/07/2025,10:30:09,1617.75,0,0,0,0,0,0
BSESER.BSE_IDX,01/07/2025,10:30:17,1617.82,0,0,0,0,0,0
BSESER.BSE_IDX,01/07/2025,10:30:25,1617.74,0,0,0,0,0,0
BSESER.BSE_IDX,01/07/2025,10:30:33,1617.81,0,0,0,0,0,0
BSESER.BSE_IDX,01/07/2025,10:30:41,1617.73,0,0,0,0,0,0
BSESER.BSE_IDX,01/07/2025,10:30:49,1617.82,0,0,0,0,0,0
BSESER.BSE_IDX,01/07/2025,10:30:57,1617.8,0,0,0,0,0,0
BSESER.BSE_IDX,01/07/2025,10:31:05,1617.74,0,0,0,0,0,0
BSESER.BSE_IDX,01/07/2025,10:31:13,1617.76,0,0,0,0,0,0
BSESER.BSE_IDX,01/07/2025,10:31:22,1617.63,0,0,0,0,0,0
BSESER.BSE_IDX,01/07/2025,10:31:29,1617.31,0,0,0,0,0,0
BSESER.BSE_IDX,01/07/2025,10:31:37,1617.31,0,0,0,0,0,0
BSESER.BSE_IDX,01/07/2025,10:31:46,1617.25,0,0,0,0,0,0
BSESER.BSE_IDX,01/07/2025,10:31:53,1617.31,0,0,0,0,0,0
BSESER.BSE_IDX,01/07/2025,10:32:01,1617.23,0,0,0,0,0,0
BSESER.BSE_IDX,01/07/2025,10:32:10,1617.51,0,0,0,0,0,0
BSESER.BSE_IDX,01/07/2025,10:32:17,1617.82,0,0,0,0,0,0
BSESER.BSE_IDX,01/07/2025,10:32:25,1618.06,0,0,0,0,0,0
BSESER.BSE_IDX,01/07/2025,10:32:33,1618.34,0,0,0,0,0,0
BSESER.BSE_IDX,01/07/2025,10:32:41,1618.33,0,0,0,0,0,0
BSESER.BSE_IDX,01/07/2025,10:32:49,1618.44,0,0,0,0,0,0
BSESER.BSE_IDX,01/07/2025,10:32:57,1618.23,0,0,0,0,0,0
BSESER.BSE_IDX,01/07/2025,10:33:06,1618.16,0,0,0,0,0,0
BSESER.BSE_IDX,01/07/2025,10:33:13,1618.28,0,0,0,0,0,0
BSESER.BSE_IDX,01/07/2025,10:33:22,1618.36,0,0,0,0,0,0
BSESER.BSE_IDX,01/07/2025,10:33:29,1618.52,0,0,0,0,0,0
BSESER.BSE_IDX,01/07/2025,10:33:37,1618.61,0,0,0,0,0,0
BSESER.BSE_IDX,01/07/2025,10:33:45,1618.63,0,0,0,0,0,0
BSESER.BSE_IDX,01/07/2025,10:33:53,1618.38,0,0,0,0,0,0
BSESER.BSE_IDX,01/07/2025,10:34:01,1618.7,0,0,0,0,0,0
BSESER.BSE_IDX,01/07/2025,10:34:09,1618.78,0,0,0,0,0,0
BSESER.BSE_IDX,01/07/2025,10:34:17,1619.11,0,0,0,0,0,0
BSESER.BSE_IDX,01/07/2025,10:34:25,1619.04,0,0,0,0,0,0
BSESER.BSE_IDX,01/07/2025,10:34:33,1619.04,0,0,0,0,0,0
BSESER.BSE_IDX,01/07/2025,10:34:41,1619.08,0,0,0,0,0,0
BSESER.BSE_IDX,01/07/2025,10:34:49,1619.08,0,0,0,0,0,0
BSESER.BSE_IDX,01/07/2025,10:34:58,1618.87,0,0,0,0,0,0
BSESER.BSE_IDX,01/07/2025,10:35:06,1618.44,0,0,0,0,0,0
BSESER.BSE_IDX,01/07/2025,10:35:14,1618.44,0,0,0,0,0,0
BSESER.BSE_IDX,01/07/2025,10:35:21,1618.8,0,0,0,0,0,0
BSESER.BSE_IDX,01/07/2025,10:35:29,1619.07,0,0,0,0,0,0
BSESER.BSE_IDX,01/07/2025,10:35:37,1618.77,0,0,0,0,0,0
BSESER.BSE_IDX,01/07/2025,10:35:45,1618.55,0,0,0,0,0,0
BSESER.BSE_IDX,01/07/2025,10:35:54,1618.6,0,0,0,0,0,0
BSESER.BSE_IDX,01/07/2025,10:36:02,1618.48,0,0,0,0,0,0
BSESER.BSE_IDX,01/07/2025,10:36:10,1618.74,0,0,0,0,0,0
BSESER.BSE_IDX,01/07/2025,10:36:18,1618.72,0,0,0,0,0,0
BSESER.BSE_IDX,01/07/2025,10:36:25,1618.43,0,0,0,0,0,0
BSESER.BSE_IDX,01/07/2025,10:36:34,1618.87,0,0,0,0,0,0
BSESER.BSE_IDX,01/07/2025,10:36:42,1618.65,0,0,0,0,0,0
BSESER.BSE_IDX,01/07/2025,10:36:49,1618.65,0,0,0,0,0,0
BSESER.BSE_IDX,01/07/2025,10:36:58,1618.51,0,0,0,0,0,0
BSESER.BSE_IDX,01/07/2025,10:37:06,1618.51,0,0,0,0,0,0
BSESER.BSE_IDX,01/07/2025,10:37:14,1618.51,0,0,0,0,0,0
BSESER.BSE_IDX,01/07/2025,10:37:22,1618.31,0,0,0,0,0,0
BSESER.BSE_IDX,01/07/2025,10:37:30,1618.23,0,0,0,0,0,0
BSESER.BSE_IDX,01/07/2025,10:37:38,1617.88,0,0,0,0,0,0
BSESER.BSE_IDX,01/07/2025,10:37:46,1617.85,0,0,0,0,0,0
BSESER.BSE_IDX,01/07/2025,10:37:54,1617.9,0,0,0,0,0,0
BSESER.BSE_IDX,01/07/2025,10:38:02,1618.35,0,0,0,0,0,0
BSESER.BSE_IDX,01/07/2025,10:38:10,1618.35,0,0,0,0,0,0
BSESER.BSE_IDX,01/07/2025,10:38:18,1618.34,0,0,0,0,0,0
BSESER.BSE_IDX,01/07/2025,10:38:26,1618.34,0,0,0,0,0,0
BSESER.BSE_IDX,01/07/2025,10:38:34,1618.44,0,0,0,0,0,0
BSESER.BSE_IDX,01/07/2025,10:38:42,1618.49,0,0,0,0,0,0
BSESER.BSE_IDX,01/07/2025,10:38:50,1618.63,0,0,0,0,0,0
BSESER.BSE_IDX,01/07/2025,10:38:58,1618.65,0,0,0,0,0,0
BSESER.BSE_IDX,01/07/2025,10:39:06,1618.89,0,0,0,0,0,0
BSESER.BSE_IDX,01/07/2025,10:39:14,1619.07,0,0,0,0,0,0
BSESER.BSE_IDX,01/07/2025,10:39:22,1619.12,0,0,0,0,0,0
BSESER.BSE_IDX,01/07/2025,10:39:30,1618.98,0,0,0,0,0,0
BSESER.BSE_IDX,01/07/2025,10:39:38,1618.97,0,0,0,0,0,0
BSESER.BSE_IDX,01/07/2025,10:39:46,1619.01,0,0,0,0,0,0
BSESER.BSE_IDX,01/07/2025,10:39:54,1619.23,0,0,0,0,0,0
BSESER.BSE_IDX,01/07/2025,10:40:02,1619.2,0,0,0,0,0,0
BSESER.BSE_IDX,01/07/2025,10:40:10,1619.21,0,0,0,0,0,0
BSESER.BSE_IDX,01/07/2025,10:40:18,1619.21,0,0,0,0,0,0
BSESER.BSE_IDX,01/07/2025,10:40:26,1617.93,0,0,0,0,0,0
BSESER.BSE_IDX,01/07/2025,10:40:34,1617.99,0,0,0,0,0,0
BSESER.BSE_IDX,01/07/2025,10:40:42,1618.08,0,0,0,0,0,0
BSESER.BSE_IDX,01/07/2025,10:40:50,1618.64,0,0,0,0,0,0
BSESER.BSE_IDX,01/07/2025,10:40:58,1618.63,0,0,0,0,0,0
BSESER.BSE_IDX,01/07/2025,10:41:06,1618.69,0,0,0,0,0,0
BSESER.BSE_IDX,01/07/2025,10:41:14,1618.69,0,0,0,0,0,0
BSESER.BSE_IDX,01/07/2025,10:41:22,1618.62,0,0,0,0,0,0
BSESER.BSE_IDX,01/07/2025,10:41:30,1618.63,0,0,0,0,0,0
BSESER.BSE_IDX,01/07/2025,10:41:38,1618.7,0,0,0,0,0,0
BSESER.BSE_IDX,01/07/2025,10:41:46,1618.53,0,0,0,0,0,0
BSESER.BSE_IDX,01/07/2025,10:41:54,1618.69,0,0,0,0,0,0
BSESER.BSE_IDX,01/07/2025,10:42:02,1618.98,0,0,0,0,0,0
BSESER.BSE_IDX,01/07/2025,10:42:10,1618.83,0,0,0,0,0,0
BSESER.BSE_IDX,01/07/2025,10:42:18,1619.24,0,0,0,0,0,0
BSESER.BSE_IDX,01/07/2025,10:42:26,1619.09,0,0,0,0,0,0
BSESER.BSE_IDX,01/07/2025,10:42:34,1619.16,0,0,0,0,0,0
BSESER.BSE_IDX,01/07/2025,10:42:42,1619.41,0,0,0,0,0,0
BSESER.BSE_IDX,01/07/2025,10:42:50,1619.47,0,0,0,0,0,0
BSESER.BSE_IDX,01/07/2025,10:42:58,1619.02,0,0,0,0,0,0
BSESER.BSE_IDX,01/07/2025,10:43:06,1618.99,0,0,0,0,0,0
BSESER.BSE_IDX,01/07/2025,10:43:14,1619.11,0,0,0,0,0,0
BSESER.BSE_IDX,01/07/2025,10:43:22,1618.69,0,0,0,0,0,0
BSESER.BSE_IDX,01/07/2025,10:43:30,1618.8,0,0,0,0,0,0
BSESER.BSE_IDX,01/07/2025,10:43:38,1618.7,0,0,0,0,0,0
BSESER.BSE_IDX,01/07/2025,10:43:46,1618.55,0,0,0,0,0,0
BSESER.BSE_IDX,01/07/2025,10:43:54,1618.54,0,0,0,0,0,0
BSESER.BSE_IDX,01/07/2025,10:44:02,1618.44,0,0,0,0,0,0
BSESER.BSE_IDX,01/07/2025,10:44:10,1618.55,0,0,0,0,0,0
BSESER.BSE_IDX,01/07/2025,10:44:18,1619.04,0,0,0,0,0,0
BSESER.BSE_IDX,01/07/2025,10:44:26,1619.02,0,0,0,0,0,0
BSESER.BSE_IDX,01/07/2025,10:44:34,1619.05,0,0,0,0,0,0
BSESER.BSE_IDX,01/07/2025,10:44:42,1619.51,0,0,0,0,0,0
BSESER.BSE_IDX,01/07/2025,10:44:50,1619.67,0,0,0,0,0,0
BSESER.BSE_IDX,01/07/2025,10:44:58,1619.51,0,0,0,0,0,0
BSESER.BSE_IDX,01/07/2025,10:45:07,1619.46,0,0,0,0,0,0
BSESER.BSE_IDX,01/07/2025,10:45:14,1619.74,0,0,0,0,0,0
BSESER.BSE_IDX,01/07/2025,10:45:22,1619.57,0,0,0,0,0,0
BSESER.BSE_IDX,01/07/2025,10:45:30,1619.92,0,0,0,0,0,0
BSESER.BSE_IDX,01/07/2025,10:45:38,1619.88,0,0,0,0,0,0
BSESER.BSE_IDX,01/07/2025,10:45:46,1620.19,0,0,0,0,0,0
BSESER.BSE_IDX,01/07/2025,10:45:54,1620.08,0,0,0,0,0,0
BSESER.BSE_IDX,01/07/2025,10:46:02,1620.08,0,0,0,0,0,0
BSESER.BSE_IDX,01/07/2025,10:46:10,1620.14,0,0,0,0,0,0
BSESER.BSE_IDX,01/07/2025,10:46:18,1620.05,0,0,0,0,0,0
BSESER.BSE_IDX,01/07/2025,10:46:26,1620.02,0,0,0,0,0,0
BSESER.BSE_IDX,01/07/2025,10:46:34,1619.59,0,0,0,0,0,0
BSESER.BSE_IDX,01/07/2025,10:46:42,1619.41,0,0,0,0,0,0
BSESER.BSE_IDX,01/07/2025,10:46:50,1619.7,0,0,0,0,0,0
BSESER.BSE_IDX,01/07/2025,10:46:58,1619.74,0,0,0,0,0,0
BSESER.BSE_IDX,01/07/2025,10:47:06,1619.74,0,0,0,0,0,0
BSESER.BSE_IDX,01/07/2025,10:47:14,1619.54,0,0,0,0,0,0
BSESER.BSE_IDX,01/07/2025,10:47:22,1619.57,0,0,0,0,0,0
BSESER.BSE_IDX,01/07/2025,10:47:30,1619.58,0,0,0,0,0,0
BSESER.BSE_IDX,01/07/2025,10:47:38,1619.55,0,0,0,0,0,0
BSESER.BSE_IDX,01/07/2025,10:47:46,1619.65,0,0,0,0,0,0
BSESER.BSE_IDX,01/07/2025,10:47:54,1620.31,0,0,0,0,0,0
BSESER.BSE_IDX,01/07/2025,10:48:02,1620.6,0,0,0,0,0,0
BSESER.BSE_IDX,01/07/2025,10:48:10,1620.71,0,0,0,0,0,0
BSESER.BSE_IDX,01/07/2025,10:48:18,1620.72,0,0,0,0,0,0
BSESER.BSE_IDX,01/07/2025,10:48:26,1620.85,0,0,0,0,0,0
BSESER.BSE_IDX,01/07/2025,10:48:34,1620.47,0,0,0,0,0,0
BSESER.BSE_IDX,01/07/2025,10:48:42,1620.5,0,0,0,0,0,0
BSESER.BSE_IDX,01/07/2025,10:48:50,1620.39,0,0,0,0,0,0
BSESER.BSE_IDX,01/07/2025,10:48:58,1620.46,0,0,0,0,0,0
BSESER.BSE_IDX,01/07/2025,10:49:06,1620.61,0,0,0,0,0,0
BSESER.BSE_IDX,01/07/2025,10:49:14,1620.48,0,0,0,0,0,0
BSESER.BSE_IDX,01/07/2025,10:49:22,1620.48,0,0,0,0,0,0
BSESER.BSE_IDX,01/07/2025,10:49:30,1620.67,0,0,0,0,0,0
BSESER.BSE_IDX,01/07/2025,10:49:38,1620.69,0,0,0,0,0,0
BSESER.BSE_IDX,01/07/2025,10:49:46,1620.49,0,0,0,0,0,0
BSESER.BSE_IDX,01/07/2025,10:49:54,1620.36,0,0,0,0,0,0
BSESER.BSE_IDX,01/07/2025,10:50:02,1620.37,0,0,0,0,0,0
BSESER.BSE_IDX,01/07/2025,10:50:10,1620.37,0,0,0,0,0,0
BSESER.BSE_IDX,01/07/2025,10:50:18,1620.37,0,0,0,0,0,0
BSESER.BSE_IDX,01/07/2025,10:50:26,1620.41,0,0,0,0,0,0
BSESER.BSE_IDX,01/07/2025,10:50:34,1620.28,0,0,0,0,0,0
BSESER.BSE_IDX,01/07/2025,10:50:42,1620.16,0,0,0,0,0,0
BSESER.BSE_IDX,01/07/2025,10:50:50,1620.13,0,0,0,0,0,0
BSESER.BSE_IDX,01/07/2025,10:50:58,1620.19,0,0,0,0,0,0
BSESER.BSE_IDX,01/07/2025,10:51:06,1620.22,0,0,0,0,0,0
BSESER.BSE_IDX,01/07/2025,10:51:14,1620.22,0,0,0,0,0,0
BSESER.BSE_IDX,01/07/2025,10:51:22,1620.11,0,0,0,0,0,0
BSESER.BSE_IDX,01/07/2025,10:51:30,1620.4,0,0,0,0,0,0
BSESER.BSE_IDX,01/07/2025,10:51:38,1620.34,0,0,0,0,0,0
BSESER.BSE_IDX,01/07/2025,10:51:46,1620.35,0,0,0,0,0,0
BSESER.BSE_IDX,01/07/2025,10:51:54,1620.23,0,0,0,0,0,0
BSESER.BSE_IDX,01/07/2025,10:52:02,1620.05,0,0,0,0,0,0
BSESER.BSE_IDX,01/07/2025,10:52:10,1620.08,0,0,0,0,0,0
BSESER.BSE_IDX,01/07/2025,10:52:18,1620.06,0,0,0,0,0,0
BSESER.BSE_IDX,01/07/2025,10:52:26,1620.01,0,0,0,0,0,0
BSESER.BSE_IDX,01/07/2025,10:52:34,1619.75,0,0,0,0,0,0
BSESER.BSE_IDX,01/07/2025,10:52:43,1619.63,0,0,0,0,0,0
BSESER.BSE_IDX,01/07/2025,10:52:50,1619.62,0,0,0,0,0,0
BSESER.BSE_IDX,01/07/2025,10:52:58,1619.68,0,0,0,0,0,0
BSESER.BSE_IDX,01/07/2025,10:53:06,1617.77,0,0,0,0,0,0
BSESER.BSE_IDX,01/07/2025,10:53:14,1617.67,0,0,0,0,0,0
BSESER.BSE_IDX,01/07/2025,10:53:22,1617.67,0,0,0,0,0,0
BSESER.BSE_IDX,01/07/2025,10:53:30,1617.68,0,0,0,0,0,0
BSESER.BSE_IDX,01/07/2025,10:53:38,1617.68,0,0,0,0,0,0
BSESER.BSE_IDX,01/07/2025,10:53:46,1617.65,0,0,0,0,0,0
BSESER.BSE_IDX,01/07/2025,10:53:54,1618.3,0,0,0,0,0,0
BSESER.BSE_IDX,01/07/2025,10:54:02,1618.54,0,0,0,0,0,0
BSESER.BSE_IDX,01/07/2025,10:54:10,1618.54,0,0,0,0,0,0
BSESER.BSE_IDX,01/07/2025,10:54:18,1618.62,0,0,0,0,0,0
BSESER.BSE_IDX,01/07/2025,10:54:26,1618.71,0,0,0,0,0,0
BSESER.BSE_IDX,01/07/2025,10:54:34,1618.7,0,0,0,0,0,0
BSESER.BSE_IDX,01/07/2025,10:54:42,1618.6,0,0,0,0,0,0
BSESER.BSE_IDX,01/07/2025,10:54:51,1618.61,0,0,0,0,0,0
BSESER.BSE_IDX,01/07/2025,10:54:58,1618.5,0,0,0,0,0,0
BSESER.BSE_IDX,01/07/2025,10:55:06,1618.51,0,0,0,0,0,0
BSESER.BSE_IDX,01/07/2025,10:55:14,1618.51,0,0,0,0,0,0
BSESER.BSE_IDX,01/07/2025,10:55:22,1618.64,0,0,0,0,0,0
BSESER.BSE_IDX,01/07/2025,10:55:30,1618.36,0,0,0,0,0,0
BSESER.BSE_IDX,01/07/2025,10:55:38,1618.36,0,0,0,0,0,0
BSESER.BSE_IDX,01/07/2025,10:55:46,1618.39,0,0,0,0,0,0
BSESER.BSE_IDX,01/07/2025,10:55:54,1618.45,0,0,0,0,0,0
BSESER.BSE_IDX,01/07/2025,10:56:02,1618.49,0,0,0,0,0,0
BSESER.BSE_IDX,01/07/2025,10:56:10,1618.75,0,0,0,0,0,0
BSESER.BSE_IDX,01/07/2025,10:56:18,1618.73,0,0,0,0,0,0
BSESER.BSE_IDX,01/07/2025,10:56:26,1618.52,0,0,0,0,0,0
BSESER.BSE_IDX,01/07/2025,10:56:34,1618.54,0,0,0,0,0,0
BSESER.BSE_IDX,01/07/2025,10:56:42,1618.57,0,0,0,0,0,0
BSESER.BSE_IDX,01/07/2025,10:56:50,1618.39,0,0,0,0,0,0
BSESER.BSE_IDX,01/07/2025,10:56:58,1618.35,0,0,0,0,0,0
BSESER.BSE_IDX,01/07/2025,10:57:06,1618.28,0,0,0,0,0,0
BSESER.BSE_IDX,01/07/2025,10:57:14,1618.4,0,0,0,0,0,0
BSESER.BSE_IDX,01/07/2025,10:57:22,1618.4,0,0,0,0,0,0
BSESER.BSE_IDX,01/07/2025,10:57:30,1618.5,0,0,0,0,0,0
BSESER.BSE_IDX,01/07/2025,10:57:39,1618.98,0,0,0,0,0,0
BSESER.BSE_IDX,01/07/2025,10:57:46,1618.72,0,0,0,0,0,0
BSESER.BSE_IDX,01/07/2025,10:57:54,1618.91,0,0,0,0,0,0
BSESER.BSE_IDX,01/07/2025,10:58:02,1618.9,0,0,0,0,0,0
BSESER.BSE_IDX,01/07/2025,10:58:10,1618.91,0,0,0,0,0,0
BSESER.BSE_IDX,01/07/2025,10:58:18,1618.79,0,0,0,0,0,0
BSESER.BSE_IDX,01/07/2025,10:58:26,1618.39,0,0,0,0,0,0
BSESER.BSE_IDX,01/07/2025,10:58:34,1618.37,0,0,0,0,0,0
BSESER.BSE_IDX,01/07/2025,10:58:42,1618.26,0,0,0,0,0,0
BSESER.BSE_IDX,01/07/2025,10:58:50,1618.25,0,0,0,0,0,0
BSESER.BSE_IDX,01/07/2025,10:58:58,1618.25,0,0,0,0,0,0
BSESER.BSE_IDX,01/07/2025,10:59:06,1618.31,0,0,0,0,0,0
BSESER.BSE_IDX,01/07/2025,10:59:14,1618.31,0,0,0,0,0,0
BSESER.BSE_IDX,01/07/2025,10:59:22,1618.33,0,0,0,0,0,0
BSESER.BSE_IDX,01/07/2025,10:59:30,1618.33,0,0,0,0,0,0
BSESER.BSE_IDX,01/07/2025,10:59:38,1618.24,0,0,0,0,0,0
BSESER.BSE_IDX,01/07/2025,10:59:47,1618.2,0,0,0,0,0,0
BSESER.BSE_IDX,01/07/2025,10:59:55,1618.33,0,0,0,0,0,0
BSESER.BSE_IDX,01/07/2025,11:00:03,1618.31,0,0,0,0,0,0
BSESER.BSE_IDX,01/07/2025,11:00:11,1618.34,0,0,0,0,0,0
BSESER.BSE_IDX,01/07/2025,11:00:18,1618.39,0,0,0,0,0,0
BSESER.BSE_IDX,01/07/2025,11:00:26,1618.24,0,0,0,0,0,0
BSESER.BSE_IDX,01/07/2025,11:00:34,1618.28,0,0,0,0,0,0
BSESER.BSE_IDX,01/07/2025,11:00:42,1618.31,0,0,0,0,0,0
BSESER.BSE_IDX,01/07/2025,11:00:50,1618.34,0,0,0,0,0,0
BSESER.BSE_IDX,01/07/2025,11:00:58,1618.4,0,0,0,0,0,0
BSESER.BSE_IDX,01/07/2025,11:01:06,1618.28,0,0,0,0,0,0
BSESER.BSE_IDX,01/07/2025,11:01:15,1618.72,0,0,0,0,0,0
BSESER.BSE_IDX,01/07/2025,11:01:22,1618.78,0,0,0,0,0,0
BSESER.BSE_IDX,01/07/2025,11:01:30,1618.84,0,0,0,0,0,0
BSESER.BSE_IDX,01/07/2025,11:01:38,1618.97,0,0,0,0,0,0
BSESER.BSE_IDX,01/07/2025,11:01:46,1618.93,0,0,0,0,0,0
BSESER.BSE_IDX,01/07/2025,11:01:54,1618.89,0,0,0,0,0,0
BSESER.BSE_IDX,01/07/2025,11:02:02,1618.88,0,0,0,0,0,0
BSESER.BSE_IDX,01/07/2025,11:02:10,1618.88,0,0,0,0,0,0
BSESER.BSE_IDX,01/07/2025,11:02:18,1618.89,0,0,0,0,0,0
BSESER.BSE_IDX,01/07/2025,11:02:27,1618.68,0,0,0,0,0,0
BSESER.BSE_IDX,01/07/2025,11:02:34,1618.68,0,0,0,0,0,0
BSESER.BSE_IDX,01/07/2025,11:02:42,1618.49,0,0,0,0,0,0
BSESER.BSE_IDX,01/07/2025,11:02:51,1618.6,0,0,0,0,0,0
BSESER.BSE_IDX,01/07/2025,11:02:58,1618.6,0,0,0,0,0,0
BSESER.BSE_IDX,01/07/2025,11:03:06,1618.52,0,0,0,0,0,0
BSESER.BSE_IDX,01/07/2025,11:03:14,1618.29,0,0,0,0,0,0
BSESER.BSE_IDX,01/07/2025,11:03:22,1618.24,0,0,0,0,0,0
BSESER.BSE_IDX,01/07/2025,11:03:31,1618.24,0,0,0,0,0,0
BSESER.BSE_IDX,01/07/2025,11:03:38,1618.22,0,0,0,0,0,0
BSESER.BSE_IDX,01/07/2025,11:03:46,1618.37,0,0,0,0,0,0
BSESER.BSE_IDX,01/07/2025,11:03:54,1618.22,0,0,0,0,0,0
BSESER.BSE_IDX,01/07/2025,11:04:02,1618.07,0,0,0,0,0,0
BSESER.BSE_IDX,01/07/2025,11:04:10,1617.86,0,0,0,0,0,0
BSESER.BSE_IDX,01/07/2025,11:04:18,1617.85,0,0,0,0,0,0
BSESER.BSE_IDX,01/07/2025,11:04:27,1617.77,0,0,0,0,0,0
BSESER.BSE_IDX,01/07/2025,11:04:34,1617.82,0,0,0,0,0,0
BSESER.BSE_IDX,01/07/2025,11:04:42,1618,0,0,0,0,0,0
BSESER.BSE_IDX,01/07/2025,11:04:51,1618,0,0,0,0,0,0
BSESER.BSE_IDX,01/07/2025,11:04:58,1617.94,0,0,0,0,0,0
BSESER.BSE_IDX,01/07/2025,11:05:06,1618.43,0,0,0,0,0,0
BSESER.BSE_IDX,01/07/2025,11:05:14,1618.67,0,0,0,0,0,0
BSESER.BSE_IDX,01/07/2025,11:05:22,1618.73,0,0,0,0,0,0
BSESER.BSE_IDX,01/07/2025,11:05:31,1618.77,0,0,0,0,0,0
BSESER.BSE_IDX,01/07/2025,11:05:39,1618.83,0,0,0,0,0,0
BSESER.BSE_IDX,01/07/2025,11:05:46,1618.8,0,0,0,0,0,0
BSESER.BSE_IDX,01/07/2025,11:05:54,1619.03,0,0,0,0,0,0
BSESER.BSE_IDX,01/07/2025,11:06:03,1619.12,0,0,0,0,0,0
BSESER.BSE_IDX,01/07/2025,11:06:11,1619.33,0,0,0,0,0,0
BSESER.BSE_IDX,01/07/2025,11:06:19,1619.2,0,0,0,0,0,0
BSESER.BSE_IDX,01/07/2025,11:06:27,1619.41,0,0,0,0,0,0
BSESER.BSE_IDX,01/07/2025,11:06:34,1619.41,0,0,0,0,0,0
BSESER.BSE_IDX,01/07/2025,11:06:43,1619.35,0,0,0,0,0,0
BSESER.BSE_IDX,01/07/2025,11:06:51,1619.19,0,0,0,0,0,0
BSESER.BSE_IDX,01/07/2025,11:06:58,1619.09,0,0,0,0,0,0
BSESER.BSE_IDX,01/07/2025,11:07:06,1619.65,0,0,0,0,0,0
BSESER.BSE_IDX,01/07/2025,11:07:15,1619.8,0,0,0,0,0,0
BSESER.BSE_IDX,01/07/2025,11:07:22,1619.82,0,0,0,0,0,0
BSESER.BSE_IDX,01/07/2025,11:07:31,1619.83,0,0,0,0,0,0
BSESER.BSE_IDX,01/07/2025,11:07:39,1620.08,0,0,0,0,0,0
BSESER.BSE_IDX,01/07/2025,11:07:46,1620.09,0,0,0,0,0,0
BSESER.BSE_IDX,01/07/2025,11:07:55,1620.11,0,0,0,0,0,0
BSESER.BSE_IDX,01/07/2025,11:08:02,1620.12,0,0,0,0,0,0
BSESER.BSE_IDX,01/07/2025,11:08:11,1620.18,0,0,0,0,0,0
BSESER.BSE_IDX,01/07/2025,11:08:18,1620.07,0,0,0,0,0,0
BSESER.BSE_IDX,01/07/2025,11:08:27,1620.07,0,0,0,0,0,0
BSESER.BSE_IDX,01/07/2025,11:08:35,1619.98,0,0,0,0,0,0
BSESER.BSE_IDX,01/07/2025,11:08:43,1619.87,0,0,0,0,0,0
BSESER.BSE_IDX,01/07/2025,11:08:51,1619.86,0,0,0,0,0,0
BSESER.BSE_IDX,01/07/2025,11:08:58,1619.91,0,0,0,0,0,0
BSESER.BSE_IDX,01/07/2025,11:09:07,1619.91,0,0,0,0,0,0
BSESER.BSE_IDX,01/07/2025,11:09:15,1619.71,0,0,0,0,0,0
BSESER.BSE_IDX,01/07/2025,11:09:23,1619.83,0,0,0,0,0,0
BSESER.BSE_IDX,01/07/2025,11:09:31,1619.8,0,0,0,0,0,0
BSESER.BSE_IDX,01/07/2025,11:09:39,1619.77,0,0,0,0,0,0
BSESER.BSE_IDX,01/07/2025,11:09:47,1619.47,0,0,0,0,0,0
BSESER.BSE_IDX,01/07/2025,11:09:55,1619.5,0,0,0,0,0,0
BSESER.BSE_IDX,01/07/2025,11:10:03,1619.52,0,0,0,0,0,0
BSESER.BSE_IDX,01/07/2025,11:10:11,1619.26,0,0,0,0,0,0
BSESER.BSE_IDX,01/07/2025,11:10:19,1619.36,0,0,0,0,0,0
BSESER.BSE_IDX,01/07/2025,11:10:27,1619.62,0,0,0,0,0,0
BSESER.BSE_IDX,01/07/2025,11:10:35,1619.72,0,0,0,0,0,0
BSESER.BSE_IDX,01/07/2025,11:10:43,1619.92,0,0,0,0,0,0
BSESER.BSE_IDX,01/07/2025,11:10:51,1619.98,0,0,0,0,0,0
BSESER.BSE_IDX,01/07/2025,11:10:59,1620.07,0,0,0,0,0,0
BSESER.BSE_IDX,01/07/2025,11:11:07,1620,0,0,0,0,0,0
BSESER.BSE_IDX,01/07/2025,11:11:15,1620.03,0,0,0,0,0,0
BSESER.BSE_IDX,01/07/2025,11:11:23,1619.8,0,0,0,0,0,0
BSESER.BSE_IDX,01/07/2025,11:11:31,1619.86,0,0,0,0,0,0
BSESER.BSE_IDX,01/07/2025,11:11:39,1620.15,0,0,0,0,0,0
BSESER.BSE_IDX,01/07/2025,11:11:47,1620.14,0,0,0,0,0,0
BSESER.BSE_IDX,01/07/2025,11:11:55,1620.18,0,0,0,0,0,0
BSESER.BSE_IDX,01/07/2025,11:12:03,1620.35,0,0,0,0,0,0
BSESER.BSE_IDX,01/07/2025,11:12:11,1620.53,0,0,0,0,0,0
BSESER.BSE_IDX,01/07/2025,11:12:19,1620.52,0,0,0,0,0,0
BSESER.BSE_IDX,01/07/2025,11:12:27,1620.48,0,0,0,0,0,0
BSESER.BSE_IDX,01/07/2025,11:12:35,1620.48,0,0,0,0,0,0
BSESER.BSE_IDX,01/07/2025,11:12:43,1620.39,0,0,0,0,0,0
BSESER.BSE_IDX,01/07/2025,11:12:51,1620.39,0,0,0,0,0,0
BSESER.BSE_IDX,01/07/2025,11:12:59,1620.34,0,0,0,0,0,0
BSESER.BSE_IDX,01/07/2025,11:13:07,1620.34,0,0,0,0,0,0
BSESER.BSE_IDX,01/07/2025,11:13:16,1620.38,0,0,0,0,0,0
BSESER.BSE_IDX,01/07/2025,11:13:23,1620.36,0,0,0,0,0,0
BSESER.BSE_IDX,01/07/2025,11:13:31,1620.16,0,0,0,0,0,0
BSESER.BSE_IDX,01/07/2025,11:13:39,1620.23,0,0,0,0,0,0
BSESER.BSE_IDX,01/07/2025,11:13:47,1620.39,0,0,0,0,0,0
BSESER.BSE_IDX,01/07/2025,11:13:55,1620.48,0,0,0,0,0,0
BSESER.BSE_IDX,01/07/2025,11:14:03,1620.51,0,0,0,0,0,0
BSESER.BSE_IDX,01/07/2025,11:14:11,1620.63,0,0,0,0,0,0
BSESER.BSE_IDX,01/07/2025,11:14:19,1620.63,0,0,0,0,0,0
BSESER.BSE_IDX,01/07/2025,11:14:27,1620.55,0,0,0,0,0,0
BSESER.BSE_IDX,01/07/2025,11:14:35,1620.52,0,0,0,0,0,0
BSESER.BSE_IDX,01/07/2025,11:14:43,1620.33,0,0,0,0,0,0
BSESER.BSE_IDX,01/07/2025,11:14:51,1620.37,0,0,0,0,0,0
BSESER.BSE_IDX,01/07/2025,11:14:59,1620.41,0,0,0,0,0,0
BSESER.BSE_IDX,01/07/2025,11:15:07,1621.39,0,0,0,0,0,0
BSESER.BSE_IDX,01/07/2025,11:15:15,1621.24,0,0,0,0,0,0
BSESER.BSE_IDX,01/07/2025,11:15:23,1621.33,0,0,0,0,0,0
BSESER.BSE_IDX,01/07/2025,11:15:31,1620.82,0,0,0,0,0,0
BSESER.BSE_IDX,01/07/2025,11:15:39,1620.8,0,0,0,0,0,0
BSESER.BSE_IDX,01/07/2025,11:15:47,1621.38,0,0,0,0,0,0
BSESER.BSE_IDX,01/07/2025,11:15:56,1621.37,0,0,0,0,0,0
BSESER.BSE_IDX,01/07/2025,11:16:03,1621.43,0,0,0,0,0,0
BSESER.BSE_IDX,01/07/2025,11:16:11,1621.45,0,0,0,0,0,0
BSESER.BSE_IDX,01/07/2025,11:16:19,1621.52,0,0,0,0,0,0
BSESER.BSE_IDX,01/07/2025,11:16:27,1621.7,0,0,0,0,0,0
BSESER.BSE_IDX,01/07/2025,11:16:35,1621.65,0,0,0,0,0,0
BSESER.BSE_IDX,01/07/2025,11:16:43,1621.94,0,0,0,0,0,0
BSESER.BSE_IDX,01/07/2025,11:16:51,1621.68,0,0,0,0,0,0
BSESER.BSE_IDX,01/07/2025,11:16:59,1622.39,0,0,0,0,0,0
BSESER.BSE_IDX,01/07/2025,11:17:07,1622.7,0,0,0,0,0,0
BSESER.BSE_IDX,01/07/2025,11:17:15,1622.98,0,0,0,0,0,0
BSESER.BSE_IDX,01/07/2025,11:17:23,1623.3,0,0,0,0,0,0
BSESER.BSE_IDX,01/07/2025,11:17:31,1623.14,0,0,0,0,0,0
BSESER.BSE_IDX,01/07/2025,11:17:39,1623.25,0,0,0,0,0,0
BSESER.BSE_IDX,01/07/2025,11:17:47,1623.37,0,0,0,0,0,0
BSESER.BSE_IDX,01/07/2025,11:17:57,1623.47,0,0,0,0,0,0
BSESER.BSE_IDX,01/07/2025,11:18:03,1623.75,0,0,0,0,0,0
BSESER.BSE_IDX,01/07/2025,11:18:11,1623.42,0,0,0,0,0,0
BSESER.BSE_IDX,01/07/2025,11:18:19,1623.59,0,0,0,0,0,0
BSESER.BSE_IDX,01/07/2025,11:18:27,1623.62,0,0,0,0,0,0
BSESER.BSE_IDX,01/07/2025,11:18:35,1623.29,0,0,0,0,0,0
BSESER.BSE_IDX,01/07/2025,11:18:44,1623.14,0,0,0,0,0,0
BSESER.BSE_IDX,01/07/2025,11:18:51,1622.79,0,0,0,0,0,0
BSESER.BSE_IDX,01/07/2025,11:18:59,1622.66,0,0,0,0,0,0
BSESER.BSE_IDX,01/07/2025,11:19:08,1622.18,0,0,0,0,0,0
BSESER.BSE_IDX,01/07/2025,11:19:15,1622.13,0,0,0,0,0,0
BSESER.BSE_IDX,01/07/2025,11:19:23,1622.22,0,0,0,0,0,0
BSESER.BSE_IDX,01/07/2025,11:19:31,1621.97,0,0,0,0,0,0
BSESER.BSE_IDX,01/07/2025,11:19:39,1622.13,0,0,0,0,0,0
BSESER.BSE_IDX,01/07/2025,11:19:47,1622.2,0,0,0,0,0,0
BSESER.BSE_IDX,01/07/2025,11:19:55,1622.04,0,0,0,0,0,0
BSESER.BSE_IDX,01/07/2025,11:20:03,1621.79,0,0,0,0,0,0
BSESER.BSE_IDX,01/07/2025,11:20:11,1621.69,0,0,0,0,0,0
BSESER.BSE_IDX,01/07/2025,11:20:19,1621.71,0,0,0,0,0,0
BSESER.BSE_IDX,01/07/2025,11:20:27,1621.98,0,0,0,0,0,0
BSESER.BSE_IDX,01/07/2025,11:20:35,1621.75,0,0,0,0,0,0
BSESER.BSE_IDX,01/07/2025,11:20:43,1621.67,0,0,0,0,0,0
BSESER.BSE_IDX,01/07/2025,11:20:51,1621.72,0,0,0,0,0,0
BSESER.BSE_IDX,01/07/2025,11:20:59,1621.46,0,0,0,0,0,0
BSESER.BSE_IDX,01/07/2025,11:21:07,1621.68,0,0,0,0,0,0
BSESER.BSE_IDX,01/07/2025,11:21:15,1621.86,0,0,0,0,0,0
BSESER.BSE_IDX,01/07/2025,11:21:24,1621.88,0,0,0,0,0,0
BSESER.BSE_IDX,01/07/2025,11:21:31,1621.87,0,0,0,0,0,0
BSESER.BSE_IDX,01/07/2025,11:21:39,1621.9,0,0,0,0,0,0
BSESER.BSE_IDX,01/07/2025,11:21:47,1621.35,0,0,0,0,0,0
BSESER.BSE_IDX,01/07/2025,11:21:56,1621.52,0,0,0,0,0,0
BSESER.BSE_IDX,01/07/2025,11:22:03,1621.58,0,0,0,0,0,0
BSESER.BSE_IDX,01/07/2025,11:22:11,1621.35,0,0,0,0,0,0
BSESER.BSE_IDX,01/07/2025,11:22:19,1621.57,0,0,0,0,0,0
BSESER.BSE_IDX,01/07/2025,11:22:28,1621.58,0,0,0,0,0,0
BSESER.BSE_IDX,01/07/2025,11:22:35,1621.5,0,0,0,0,0,0
BSESER.BSE_IDX,01/07/2025,11:22:43,1621.23,0,0,0,0,0,0
BSESER.BSE_IDX,01/07/2025,11:22:51,1621.66,0,0,0,0,0,0
BSESER.BSE_IDX,01/07/2025,11:22:59,1621.68,0,0,0,0,0,0
BSESER.BSE_IDX,01/07/2025,11:23:07,1621.65,0,0,0,0,0,0
BSESER.BSE_IDX,01/07/2025,11:23:15,1621.51,0,0,0,0,0,0
BSESER.BSE_IDX,01/07/2025,11:23:23,1621.56,0,0,0,0,0,0
BSESER.BSE_IDX,01/07/2025,11:23:31,1621.63,0,0,0,0,0,0
BSESER.BSE_IDX,01/07/2025,11:23:39,1621.69,0,0,0,0,0,0
BSESER.BSE_IDX,01/07/2025,11:23:47,1621.97,0,0,0,0,0,0
BSESER.BSE_IDX,01/07/2025,11:23:55,1622.07,0,0,0,0,0,0
BSESER.BSE_IDX,01/07/2025,11:24:04,1621.6,0,0,0,0,0,0
BSESER.BSE_IDX,01/07/2025,11:24:11,1621.58,0,0,0,0,0,0
BSESER.BSE_IDX,01/07/2025,11:24:19,1621.56,0,0,0,0,0,0
BSESER.BSE_IDX,01/07/2025,11:24:27,1621.92,0,0,0,0,0,0
BSESER.BSE_IDX,01/07/2025,11:24:35,1621.79,0,0,0,0,0,0
BSESER.BSE_IDX,01/07/2025,11:24:43,1621.57,0,0,0,0,0,0
BSESER.BSE_IDX,01/07/2025,11:24:52,1621.62,0,0,0,0,0,0
BSESER.BSE_IDX,01/07/2025,11:25:00,1621.61,0,0,0,0,0,0
BSESER.BSE_IDX,01/07/2025,11:25:07,1621.63,0,0,0,0,0,0
BSESER.BSE_IDX,01/07/2025,11:25:15,1620.97,0,0,0,0,0,0
BSESER.BSE_IDX,01/07/2025,11:25:23,1621.22,0,0,0,0,0,0
BSESER.BSE_IDX,01/07/2025,11:25:31,1621.49,0,0,0,0,0,0
BSESER.BSE_IDX,01/07/2025,11:25:41,1621.51,0,0,0,0,0,0
BSESER.BSE_IDX,01/07/2025,11:25:47,1621.51,0,0,0,0,0,0
BSESER.BSE_IDX,01/07/2025,11:25:55,1621.52,0,0,0,0,0,0
BSESER.BSE_IDX,01/07/2025,11:26:03,1621.52,0,0,0,0,0,0
BSESER.BSE_IDX,01/07/2025,11:26:11,1621.52,0,0,0,0,0,0
BSESER.BSE_IDX,01/07/2025,11:26:19,1621.54,0,0,0,0,0,0
BSESER.BSE_IDX,01/07/2025,11:26:27,1621.33,0,0,0,0,0,0
BSESER.BSE_IDX,01/07/2025,11:26:35,1621.34,0,0,0,0,0,0
BSESER.BSE_IDX,01/07/2025,11:26:43,1621.39,0,0,0,0,0,0
BSESER.BSE_IDX,01/07/2025,11:26:51,1621.38,0,0,0,0,0,0
BSESER.BSE_IDX,01/07/2025,11:26:59,1621.84,0,0,0,0,0,0
BSESER.BSE_IDX,01/07/2025,11:27:07,1621.88,0,0,0,0,0,0
BSESER.BSE_IDX,01/07/2025,11:27:15,1622.18,0,0,0,0,0,0
BSESER.BSE_IDX,01/07/2025,11:27:23,1621.9,0,0,0,0,0,0
BSESER.BSE_IDX,01/07/2025,11:27:31,1621.83,0,0,0,0,0,0
BSESER.BSE_IDX,01/07/2025,11:27:39,1621.87,0,0,0,0,0,0
BSESER.BSE_IDX,01/07/2025,11:27:47,1621.94,0,0,0,0,0,0
BSESER.BSE_IDX,01/07/2025,11:27:55,1621.7,0,0,0,0,0,0
BSESER.BSE_IDX,01/07/2025,11:28:03,1621.81,0,0,0,0,0,0
BSESER.BSE_IDX,01/07/2025,11:28:11,1621.82,0,0,0,0,0,0
BSESER.BSE_IDX,01/07/2025,11:28:19,1621.35,0,0,0,0,0,0
BSESER.BSE_IDX,01/07/2025,11:28:27,1621.44,0,0,0,0,0,0
BSESER.BSE_IDX,01/07/2025,11:28:36,1621.83,0,0,0,0,0,0
BSESER.BSE_IDX,01/07/2025,11:28:43,1621.79,0,0,0,0,0,0
BSESER.BSE_IDX,01/07/2025,11:28:51,1621.8,0,0,0,0,0,0
BSESER.BSE_IDX,01/07/2025,11:28:59,1621.82,0,0,0,0,0,0
BSESER.BSE_IDX,01/07/2025,11:29:07,1621.96,0,0,0,0,0,0
BSESER.BSE_IDX,01/07/2025,11:29:16,1622.04,0,0,0,0,0,0
BSESER.BSE_IDX,01/07/2025,11:29:24,1622.07,0,0,0,0,0,0
BSESER.BSE_IDX,01/07/2025,11:29:31,1621.94,0,0,0,0,0,0
BSESER.BSE_IDX,01/07/2025,11:29:39,1622.16,0,0,0,0,0,0
BSESER.BSE_IDX,01/07/2025,11:29:47,1622,0,0,0,0,0,0
BSESER.BSE_IDX,01/07/2025,11:29:55,1622.07,0,0,0,0,0,0
BSESER.BSE_IDX,01/07/2025,11:30:03,1622.07,0,0,0,0,0,0
BSESER.BSE_IDX,01/07/2025,11:30:11,1622,0,0,0,0,0,0
BSESER.BSE_IDX,01/07/2025,11:30:19,1621.98,0,0,0,0,0,0
BSESER.BSE_IDX,01/07/2025,11:30:27,1622.11,0,0,0,0,0,0
BSESER.BSE_IDX,01/07/2025,11:30:35,1622.1,0,0,0,0,0,0
BSESER.BSE_IDX,01/07/2025,11:30:43,1622.16,0,0,0,0,0,0
BSESER.BSE_IDX,01/07/2025,11:30:52,1622.27,0,0,0,0,0,0
BSESER.BSE_IDX,01/07/2025,11:30:59,1622.27,0,0,0,0,0,0
BSESER.BSE_IDX,01/07/2025,11:31:07,1622.17,0,0,0,0,0,0
BSESER.BSE_IDX,01/07/2025,11:31:16,1622.15,0,0,0,0,0,0
BSESER.BSE_IDX,01/07/2025,11:31:23,1622.03,0,0,0,0,0,0
BSESER.BSE_IDX,01/07/2025,11:31:31,1622.05,0,0,0,0,0,0
BSESER.BSE_IDX,01/07/2025,11:31:39,1622.21,0,0,0,0,0,0
BSESER.BSE_IDX,01/07/2025,11:31:47,1621.72,0,0,0,0,0,0
BSESER.BSE_IDX,01/07/2025,11:31:55,1621.65,0,0,0,0,0,0
BSESER.BSE_IDX,01/07/2025,11:32:04,1621.2,0,0,0,0,0,0
BSESER.BSE_IDX,01/07/2025,11:32:11,1621.39,0,0,0,0,0,0
BSESER.BSE_IDX,01/07/2025,11:32:19,1621.54,0,0,0,0,0,0
BSESER.BSE_IDX,01/07/2025,11:32:27,1621.55,0,0,0,0,0,0
BSESER.BSE_IDX,01/07/2025,11:32:35,1621.55,0,0,0,0,0,0
BSESER.BSE_IDX,01/07/2025,11:32:43,1621.15,0,0,0,0,0,0
BSESER.BSE_IDX,01/07/2025,11:32:51,1621.16,0,0,0,0,0,0
BSESER.BSE_IDX,01/07/2025,11:32:59,1620.97,0,0,0,0,0,0
BSESER.BSE_IDX,01/07/2025,11:33:07,1620.81,0,0,0,0,0,0
BSESER.BSE_IDX,01/07/2025,11:33:15,1620.82,0,0,0,0,0,0
BSESER.BSE_IDX,01/07/2025,11:33:23,1620.79,0,0,0,0,0,0
BSESER.BSE_IDX,01/07/2025,11:33:31,1620.79,0,0,0,0,0,0
BSESER.BSE_IDX,01/07/2025,11:33:39,1620.62,0,0,0,0,0,0
BSESER.BSE_IDX,01/07/2025,11:33:47,1620.56,0,0,0,0,0,0
BSESER.BSE_IDX,01/07/2025,11:33:55,1620.54,0,0,0,0,0,0
BSESER.BSE_IDX,01/07/2025,11:34:03,1620.12,0,0,0,0,0,0
BSESER.BSE_IDX,01/07/2025,11:34:12,1620.1,0,0,0,0,0,0
BSESER.BSE_IDX,01/07/2025,11:34:19,1620.11,0,0,0,0,0,0
BSESER.BSE_IDX,01/07/2025,11:34:27,1620.08,0,0,0,0,0,0
BSESER.BSE_IDX,01/07/2025,11:34:35,1620.55,0,0,0,0,0,0
BSESER.BSE_IDX,01/07/2025,11:34:43,1620.62,0,0,0,0,0,0
BSESER.BSE_IDX,01/07/2025,11:34:52,1620.59,0,0,0,0,0,0
BSESER.BSE_IDX,01/07/2025,11:35:00,1620.5,0,0,0,0,0,0
BSESER.BSE_IDX,01/07/2025,11:35:07,1620.6,0,0,0,0,0,0
BSESER.BSE_IDX,01/07/2025,11:35:16,1620.46,0,0,0,0,0,0
BSESER.BSE_IDX,01/07/2025,11:35:23,1620.33,0,0,0,0,0,0
BSESER.BSE_IDX,01/07/2025,11:35:32,1620.04,0,0,0,0,0,0
BSESER.BSE_IDX,01/07/2025,11:35:40,1620.03,0,0,0,0,0,0
BSESER.BSE_IDX,01/07/2025,11:35:47,1620.13,0,0,0,0,0,0
BSESER.BSE_IDX,01/07/2025,11:35:55,1620.03,0,0,0,0,0,0
BSESER.BSE_IDX,01/07/2025,11:36:04,1620.04,0,0,0,0,0,0
BSESER.BSE_IDX,01/07/2025,11:36:11,1620,0,0,0,0,0,0
BSESER.BSE_IDX,01/07/2025,11:36:20,1619.93,0,0,0,0,0,0
BSESER.BSE_IDX,01/07/2025,11:36:28,1619.93,0,0,0,0,0,0
BSESER.BSE_IDX,01/07/2025,11:36:35,1619.79,0,0,0,0,0,0
BSESER.BSE_IDX,01/07/2025,11:36:44,1619.82,0,0,0,0,0,0
BSESER.BSE_IDX,01/07/2025,11:36:54,1620.19,0,0,0,0,0,0
BSESER.BSE_IDX,01/07/2025,11:36:59,1620.18,0,0,0,0,0,0
BSESER.BSE_IDX,01/07/2025,11:37:08,1620.19,0,0,0,0,0,0
BSESER.BSE_IDX,01/07/2025,11:37:15,1620.16,0,0,0,0,0,0
BSESER.BSE_IDX,01/07/2025,11:37:23,1620.14,0,0,0,0,0,0
BSESER.BSE_IDX,01/07/2025,11:37:32,1619.79,0,0,0,0,0,0
BSESER.BSE_IDX,01/07/2025,11:37:41,1619.74,0,0,0,0,0,0
BSESER.BSE_IDX,01/07/2025,11:37:47,1619.88,0,0,0,0,0,0
BSESER.BSE_IDX,01/07/2025,11:37:55,1619.86,0,0,0,0,0,0
BSESER.BSE_IDX,01/07/2025,11:38:03,1619.77,0,0,0,0,0,0
BSESER.BSE_IDX,01/07/2025,11:38:11,1619.94,0,0,0,0,0,0
BSESER.BSE_IDX,01/07/2025,11:38:20,1619.87,0,0,0,0,0,0
BSESER.BSE_IDX,01/07/2025,11:38:27,1620.09,0,0,0,0,0,0
BSESER.BSE_IDX,01/07/2025,11:38:35,1620,0,0,0,0,0,0
BSESER.BSE_IDX,01/07/2025,11:38:43,1620.02,0,0,0,0,0,0
BSESER.BSE_IDX,01/07/2025,11:38:51,1619.96,0,0,0,0,0,0
BSESER.BSE_IDX,01/07/2025,11:38:59,1620.37,0,0,0,0,0,0
BSESER.BSE_IDX,01/07/2025,11:39:07,1620.3,0,0,0,0,0,0
BSESER.BSE_IDX,01/07/2025,11:39:16,1620.66,0,0,0,0,0,0
BSESER.BSE_IDX,01/07/2025,11:39:24,1620.7,0,0,0,0,0,0
BSESER.BSE_IDX,01/07/2025,11:39:31,1620.74,0,0,0,0,0,0
BSESER.BSE_IDX,01/07/2025,11:39:39,1620.73,0,0,0,0,0,0
BSESER.BSE_IDX,01/07/2025,11:39:48,1620.91,0,0,0,0,0,0
BSESER.BSE_IDX,01/07/2025,11:39:55,1620.78,0,0,0,0,0,0
BSESER.BSE_IDX,01/07/2025,11:40:03,1620.73,0,0,0,0,0,0
BSESER.BSE_IDX,01/07/2025,11:40:12,1620.79,0,0,0,0,0,0
BSESER.BSE_IDX,01/07/2025,11:40:20,1621.21,0,0,0,0,0,0
BSESER.BSE_IDX,01/07/2025,11:40:28,1621.18,0,0,0,0,0,0
BSESER.BSE_IDX,01/07/2025,11:40:36,1621.19,0,0,0,0,0,0
BSESER.BSE_IDX,01/07/2025,11:40:44,1621.17,0,0,0,0,0,0
BSESER.BSE_IDX,01/07/2025,11:40:52,1620.9,0,0,0,0,0,0
BSESER.BSE_IDX,01/07/2025,11:41:00,1620.54,0,0,0,0,0,0
BSESER.BSE_IDX,01/07/2025,11:41:07,1620.69,0,0,0,0,0,0
BSESER.BSE_IDX,01/07/2025,11:41:16,1620.67,0,0,0,0,0,0
BSESER.BSE_IDX,01/07/2025,11:41:24,1620.7,0,0,0,0,0,0
BSESER.BSE_IDX,01/07/2025,11:41:32,1620.79,0,0,0,0,0,0
BSESER.BSE_IDX,01/07/2025,11:41:40,1620.75,0,0,0,0,0,0
BSESER.BSE_IDX,01/07/2025,11:41:48,1620.63,0,0,0,0,0,0
BSESER.BSE_IDX,01/07/2025,11:41:56,1621.03,0,0,0,0,0,0
BSESER.BSE_IDX,01/07/2025,11:42:04,1620.98,0,0,0,0,0,0
BSESER.BSE_IDX,01/07/2025,11:42:12,1621.19,0,0,0,0,0,0
BSESER.BSE_IDX,01/07/2025,11:42:20,1621.17,0,0,0,0,0,0
BSESER.BSE_IDX,01/07/2025,11:42:28,1621.5,0,0,0,0,0,0
BSESER.BSE_IDX,01/07/2025,11:42:36,1621.52,0,0,0,0,0,0
BSESER.BSE_IDX,01/07/2025,11:42:44,1621.48,0,0,0,0,0,0
BSESER.BSE_IDX,01/07/2025,11:42:52,1621.47,0,0,0,0,0,0
BSESER.BSE_IDX,01/07/2025,11:43:00,1620.93,0,0,0,0,0,0
BSESER.BSE_IDX,01/07/2025,11:43:08,1620.97,0,0,0,0,0,0
BSESER.BSE_IDX,01/07/2025,11:43:16,1620.92,0,0,0,0,0,0
BSESER.BSE_IDX,01/07/2025,11:43:24,1620.91,0,0,0,0,0,0
BSESER.BSE_IDX,01/07/2025,11:43:32,1620.91,0,0,0,0,0,0
BSESER.BSE_IDX,01/07/2025,11:43:40,1620.73,0,0,0,0,0,0
BSESER.BSE_IDX,01/07/2025,11:43:48,1621.09,0,0,0,0,0,0
BSESER.BSE_IDX,01/07/2025,11:43:56,1621.09,0,0,0,0,0,0
BSESER.BSE_IDX,01/07/2025,11:44:04,1621.17,0,0,0,0,0,0
BSESER.BSE_IDX,01/07/2025,11:44:12,1621.52,0,0,0,0,0,0
BSESER.BSE_IDX,01/07/2025,11:44:20,1621.7,0,0,0,0,0,0
BSESER.BSE_IDX,01/07/2025,11:44:28,1622.02,0,0,0,0,0,0
BSESER.BSE_IDX,01/07/2025,11:44:36,1622.21,0,0,0,0,0,0
BSESER.BSE_IDX,01/07/2025,11:44:44,1622.11,0,0,0,0,0,0
BSESER.BSE_IDX,01/07/2025,11:44:52,1622.11,0,0,0,0,0,0
BSESER.BSE_IDX,01/07/2025,11:45:00,1622.09,0,0,0,0,0,0
BSESER.BSE_IDX,01/07/2025,11:45:08,1621.57,0,0,0,0,0,0
BSESER.BSE_IDX,01/07/2025,11:45:16,1621.76,0,0,0,0,0,0
BSESER.BSE_IDX,01/07/2025,11:45:24,1622.08,0,0,0,0,0,0
BSESER.BSE_IDX,01/07/2025,11:45:32,1622.2,0,0,0,0,0,0
BSESER.BSE_IDX,01/07/2025,11:45:40,1622.15,0,0,0,0,0,0
BSESER.BSE_IDX,01/07/2025,11:45:48,1621.87,0,0,0,0,0,0
BSESER.BSE_IDX,01/07/2025,11:45:56,1621.83,0,0,0,0,0,0
BSESER.BSE_IDX,01/07/2025,11:46:04,1621.87,0,0,0,0,0,0
BSESER.BSE_IDX,01/07/2025,11:46:12,1621.94,0,0,0,0,0,0
BSESER.BSE_IDX,01/07/2025,11:46:20,1622.57,0,0,0,0,0,0
BSESER.BSE_IDX,01/07/2025,11:46:28,1622.64,0,0,0,0,0,0
BSESER.BSE_IDX,01/07/2025,11:46:36,1622.7,0,0,0,0,0,0
BSESER.BSE_IDX,01/07/2025,11:46:44,1622.77,0,0,0,0,0,0
BSESER.BSE_IDX,01/07/2025,11:46:52,1622.77,0,0,0,0,0,0
BSESER.BSE_IDX,01/07/2025,11:47:00,1622.82,0,0,0,0,0,0
BSESER.BSE_IDX,01/07/2025,11:47:08,1622.74,0,0,0,0,0,0
BSESER.BSE_IDX,01/07/2025,11:47:16,1622.75,0,0,0,0,0,0
BSESER.BSE_IDX,01/07/2025,11:47:24,1622.66,0,0,0,0,0,0
BSESER.BSE_IDX,01/07/2025,11:47:32,1622.59,0,0,0,0,0,0
BSESER.BSE_IDX,01/07/2025,11:47:40,1622.63,0,0,0,0,0,0
BSESER.BSE_IDX,01/07/2025,11:47:48,1622.46,0,0,0,0,0,0
BSESER.BSE_IDX,01/07/2025,11:47:56,1622.58,0,0,0,0,0,0
BSESER.BSE_IDX,01/07/2025,11:48:04,1622.5,0,0,0,0,0,0
BSESER.BSE_IDX,01/07/2025,11:48:12,1622.51,0,0,0,0,0,0
BSESER.BSE_IDX,01/07/2025,11:48:20,1622.23,0,0,0,0,0,0
BSESER.BSE_IDX,01/07/2025,11:48:28,1622.25,0,0,0,0,0,0
BSESER.BSE_IDX,01/07/2025,11:48:36,1622.33,0,0,0,0,0,0
BSESER.BSE_IDX,01/07/2025,11:48:44,1622.34,0,0,0,0,0,0
BSESER.BSE_IDX,01/07/2025,11:48:52,1622.32,0,0,0,0,0,0
BSESER.BSE_IDX,01/07/2025,11:49:01,1622.1,0,0,0,0,0,0
BSESER.BSE_IDX,01/07/2025,11:49:09,1622.15,0,0,0,0,0,0
BSESER.BSE_IDX,01/07/2025,11:49:16,1622.02,0,0,0,0,0,0
BSESER.BSE_IDX,01/07/2025,11:49:24,1622.07,0,0,0,0,0,0
BSESER.BSE_IDX,01/07/2025,11:49:32,1622.05,0,0,0,0,0,0
BSESER.BSE_IDX,01/07/2025,11:49:40,1622.16,0,0,0,0,0,0
BSESER.BSE_IDX,01/07/2025,11:49:49,1621.89,0,0,0,0,0,0
BSESER.BSE_IDX,01/07/2025,11:49:56,1622.29,0,0,0,0,0,0
BSESER.BSE_IDX,01/07/2025,11:50:04,1622.28,0,0,0,0,0,0
BSESER.BSE_IDX,01/07/2025,11:50:12,1621.95,0,0,0,0,0,0
BSESER.BSE_IDX,01/07/2025,11:50:20,1621.89,0,0,0,0,0,0
BSESER.BSE_IDX,01/07/2025,11:50:28,1621.84,0,0,0,0,0,0
BSESER.BSE_IDX,01/07/2025,11:50:36,1621.85,0,0,0,0,0,0
BSESER.BSE_IDX,01/07/2025,11:50:44,1621.88,0,0,0,0,0,0
BSESER.BSE_IDX,01/07/2025,11:50:52,1621.9,0,0,0,0,0,0
BSESER.BSE_IDX,01/07/2025,11:51:00,1621.93,0,0,0,0,0,0
BSESER.BSE_IDX,01/07/2025,11:51:08,1621.93,0,0,0,0,0,0
BSESER.BSE_IDX,01/07/2025,11:51:16,1621.94,0,0,0,0,0,0
BSESER.BSE_IDX,01/07/2025,11:51:24,1622.06,0,0,0,0,0,0
BSESER.BSE_IDX,01/07/2025,11:51:32,1622.26,0,0,0,0,0,0
BSESER.BSE_IDX,01/07/2025,11:51:40,1622.27,0,0,0,0,0,0
BSESER.BSE_IDX,01/07/2025,11:51:48,1622.16,0,0,0,0,0,0
BSESER.BSE_IDX,01/07/2025,11:51:56,1622.2,0,0,0,0,0,0
BSESER.BSE_IDX,01/07/2025,11:52:04,1622.11,0,0,0,0,0,0
BSESER.BSE_IDX,01/07/2025,11:52:12,1622.04,0,0,0,0,0,0
BSESER.BSE_IDX,01/07/2025,11:52:20,1622.03,0,0,0,0,0,0
BSESER.BSE_IDX,01/07/2025,11:52:28,1622.04,0,0,0,0,0,0
BSESER.BSE_IDX,01/07/2025,11:52:36,1622.04,0,0,0,0,0,0
BSESER.BSE_IDX,01/07/2025,11:52:44,1622,0,0,0,0,0,0
BSESER.BSE_IDX,01/07/2025,11:52:52,1621.6,0,0,0,0,0,0
BSESER.BSE_IDX,01/07/2025,11:53:00,1621.54,0,0,0,0,0,0
BSESER.BSE_IDX,01/07/2025,11:53:08,1621.48,0,0,0,0,0,0
BSESER.BSE_IDX,01/07/2025,11:53:16,1621.47,0,0,0,0,0,0
BSESER.BSE_IDX,01/07/2025,11:53:24,1621.49,0,0,0,0,0,0
BSESER.BSE_IDX,01/07/2025,11:53:32,1621.49,0,0,0,0,0,0
BSESER.BSE_IDX,01/07/2025,11:53:40,1621.51,0,0,0,0,0,0
BSESER.BSE_IDX,01/07/2025,11:53:48,1621.25,0,0,0,0,0,0
BSESER.BSE_IDX,01/07/2025,11:53:56,1621.22,0,0,0,0,0,0
BSESER.BSE_IDX,01/07/2025,11:54:04,1620.97,0,0,0,0,0,0
BSESER.BSE_IDX,01/07/2025,11:54:12,1620.83,0,0,0,0,0,0
BSESER.BSE_IDX,01/07/2025,11:54:20,1620.79,0,0,0,0,0,0
BSESER.BSE_IDX,01/07/2025,11:54:28,1620.68,0,0,0,0,0,0
BSESER.BSE_IDX,01/07/2025,11:54:36,1620.99,0,0,0,0,0,0
BSESER.BSE_IDX,01/07/2025,11:54:44,1620.97,0,0,0,0,0,0
BSESER.BSE_IDX,01/07/2025,11:54:52,1620.52,0,0,0,0,0,0
BSESER.BSE_IDX,01/07/2025,11:55:00,1621.02,0,0,0,0,0,0
BSESER.BSE_IDX,01/07/2025,11:55:08,1621.03,0,0,0,0,0,0
BSESER.BSE_IDX,01/07/2025,11:55:17,1620.63,0,0,0,0,0,0
BSESER.BSE_IDX,01/07/2025,11:55:24,1620.68,0,0,0,0,0,0
BSESER.BSE_IDX,01/07/2025,11:55:32,1620.49,0,0,0,0,0,0
BSESER.BSE_IDX,01/07/2025,11:55:40,1620.47,0,0,0,0,0,0
BSESER.BSE_IDX,01/07/2025,11:55:48,1620.34,0,0,0,0,0,0
BSESER.BSE_IDX,01/07/2025,11:55:56,1620.44,0,0,0,0,0,0
BSESER.BSE_IDX,01/07/2025,11:56:05,1620.38,0,0,0,0,0,0
BSESER.BSE_IDX,01/07/2025,11:56:12,1620.38,0,0,0,0,0,0
BSESER.BSE_IDX,01/07/2025,11:56:20,1620.3,0,0,0,0,0,0
BSESER.BSE_IDX,01/07/2025,11:56:28,1620.27,0,0,0,0,0,0
BSESER.BSE_IDX,01/07/2025,11:56:36,1620.26,0,0,0,0,0,0
BSESER.BSE_IDX,01/07/2025,11:56:44,1620.22,0,0,0,0,0,0
BSESER.BSE_IDX,01/07/2025,11:56:52,1620.14,0,0,0,0,0,0
BSESER.BSE_IDX,01/07/2025,11:57:00,1619.63,0,0,0,0,0,0
BSESER.BSE_IDX,01/07/2025,11:57:08,1619.21,0,0,0,0,0,0
BSESER.BSE_IDX,01/07/2025,11:57:16,1618.8,0,0,0,0,0,0
BSESER.BSE_IDX,01/07/2025,11:57:24,1618.82,0,0,0,0,0,0
BSESER.BSE_IDX,01/07/2025,11:57:32,1618.79,0,0,0,0,0,0
BSESER.BSE_IDX,01/07/2025,11:57:40,1619.26,0,0,0,0,0,0
BSESER.BSE_IDX,01/07/2025,11:57:48,1619.3,0,0,0,0,0,0
BSESER.BSE_IDX,01/07/2025,11:57:56,1619.32,0,0,0,0,0,0
BSESER.BSE_IDX,01/07/2025,11:58:04,1619.33,0,0,0,0,0,0
BSESER.BSE_IDX,01/07/2025,11:58:12,1619.11,0,0,0,0,0,0
BSESER.BSE_IDX,01/07/2025,11:58:20,1618.88,0,0,0,0,0,0
BSESER.BSE_IDX,01/07/2025,11:58:28,1619,0,0,0,0,0,0
BSESER.BSE_IDX,01/07/2025,11:58:36,1618.94,0,0,0,0,0,0
BSESER.BSE_IDX,01/07/2025,11:58:44,1619.47,0,0,0,0,0,0
BSESER.BSE_IDX,01/07/2025,11:58:52,1619.56,0,0,0,0,0,0
BSESER.BSE_IDX,01/07/2025,11:59:00,1619.5,0,0,0,0,0,0
BSESER.BSE_IDX,01/07/2025,11:59:08,1619.3,0,0,0,0,0,0
BSESER.BSE_IDX,01/07/2025,11:59:16,1619.3,0,0,0,0,0,0
BSESER.BSE_IDX,01/07/2025,11:59:24,1619.85,0,0,0,0,0,0
BSESER.BSE_IDX,01/07/2025,11:59:32,1619.72,0,0,0,0,0,0
BSESER.BSE_IDX,01/07/2025,11:59:40,1619.76,0,0,0,0,0,0
BSESER.BSE_IDX,01/07/2025,11:59:48,1619.84,0,0,0,0,0,0
BSESER.BSE_IDX,01/07/2025,11:59:56,1619.72,0,0,0,0,0,0
BSESER.BSE_IDX,01/07/2025,12:00:05,1619.73,0,0,0,0,0,0
BSESER.BSE_IDX,01/07/2025,12:00:12,1620.33,0,0,0,0,0,0
BSESER.BSE_IDX,01/07/2025,12:00:20,1620.25,0,0,0,0,0,0
BSESER.BSE_IDX,01/07/2025,12:00:28,1620.34,0,0,0,0,0,0
BSESER.BSE_IDX,01/07/2025,12:00:37,1620.36,0,0,0,0,0,0
BSESER.BSE_IDX,01/07/2025,12:00:44,1620.38,0,0,0,0,0,0
BSESER.BSE_IDX,01/07/2025,12:00:52,1620.37,0,0,0,0,0,0
BSESER.BSE_IDX,01/07/2025,12:01:00,1620.28,0,0,0,0,0,0
BSESER.BSE_IDX,01/07/2025,12:01:08,1620.41,0,0,0,0,0,0
BSESER.BSE_IDX,01/07/2025,12:01:16,1620.38,0,0,0,0,0,0
BSESER.BSE_IDX,01/07/2025,12:01:24,1620.39,0,0,0,0,0,0
BSESER.BSE_IDX,01/07/2025,12:01:32,1619.73,0,0,0,0,0,0
BSESER.BSE_IDX,01/07/2025,12:01:40,1619.7,0,0,0,0,0,0
BSESER.BSE_IDX,01/07/2025,12:01:48,1619.71,0,0,0,0,0,0
BSESER.BSE_IDX,01/07/2025,12:01:57,1619.94,0,0,0,0,0,0
BSESER.BSE_IDX,01/07/2025,12:02:04,1619.69,0,0,0,0,0,0
BSESER.BSE_IDX,01/07/2025,12:02:12,1620.11,0,0,0,0,0,0
BSESER.BSE_IDX,01/07/2025,12:02:20,1620.13,0,0,0,0,0,0
BSESER.BSE_IDX,01/07/2025,12:02:28,1620.04,0,0,0,0,0,0
BSESER.BSE_IDX,01/07/2025,12:02:36,1619.92,0,0,0,0,0,0
BSESER.BSE_IDX,01/07/2025,12:02:44,1619.76,0,0,0,0,0,0
BSESER.BSE_IDX,01/07/2025,12:02:52,1620.06,0,0,0,0,0,0
BSESER.BSE_IDX,01/07/2025,12:03:00,1620.04,0,0,0,0,0,0
BSESER.BSE_IDX,01/07/2025,12:03:08,1620.05,0,0,0,0,0,0
BSESER.BSE_IDX,01/07/2025,12:03:17,1620.08,0,0,0,0,0,0
BSESER.BSE_IDX,01/07/2025,12:03:24,1620.08,0,0,0,0,0,0
BSESER.BSE_IDX,01/07/2025,12:03:32,1620.08,0,0,0,0,0,0
BSESER.BSE_IDX,01/07/2025,12:03:40,1619.9,0,0,0,0,0,0
BSESER.BSE_IDX,01/07/2025,12:03:48,1619.97,0,0,0,0,0,0
BSESER.BSE_IDX,01/07/2025,12:03:56,1620.14,0,0,0,0,0,0
BSESER.BSE_IDX,01/07/2025,12:04:04,1620.13,0,0,0,0,0,0
BSESER.BSE_IDX,01/07/2025,12:04:12,1620.1,0,0,0,0,0,0
BSESER.BSE_IDX,01/07/2025,12:04:20,1620.01,0,0,0,0,0,0
BSESER.BSE_IDX,01/07/2025,12:04:28,1620.01,0,0,0,0,0,0
BSESER.BSE_IDX,01/07/2025,12:04:36,1620.01,0,0,0,0,0,0
BSESER.BSE_IDX,01/07/2025,12:04:44,1619.99,0,0,0,0,0,0
BSESER.BSE_IDX,01/07/2025,12:04:52,1619.99,0,0,0,0,0,0
BSESER.BSE_IDX,01/07/2025,12:05:01,1619.88,0,0,0,0,0,0
BSESER.BSE_IDX,01/07/2025,12:05:08,1619.87,0,0,0,0,0,0
BSESER.BSE_IDX,01/07/2025,12:05:16,1619.88,0,0,0,0,0,0
BSESER.BSE_IDX,01/07/2025,12:05:24,1619.9,0,0,0,0,0,0
BSESER.BSE_IDX,01/07/2025,12:05:32,1619.81,0,0,0,0,0,0
BSESER.BSE_IDX,01/07/2025,12:05:40,1619.74,0,0,0,0,0,0
BSESER.BSE_IDX,01/07/2025,12:05:48,1620.15,0,0,0,0,0,0
BSESER.BSE_IDX,01/07/2025,12:05:56,1620.15,0,0,0,0,0,0
BSESER.BSE_IDX,01/07/2025,12:06:04,1620.33,0,0,0,0,0,0
BSESER.BSE_IDX,01/07/2025,12:06:12,1620.36,0,0,0,0,0,0
BSESER.BSE_IDX,01/07/2025,12:06:20,1620.63,0,0,0,0,0,0
BSESER.BSE_IDX,01/07/2025,12:06:28,1620.51,0,0,0,0,0,0
BSESER.BSE_IDX,01/07/2025,12:06:36,1620.51,0,0,0,0,0,0
BSESER.BSE_IDX,01/07/2025,12:06:44,1620.51,0,0,0,0,0,0
BSESER.BSE_IDX,01/07/2025,12:06:53,1620.1,0,0,0,0,0,0
BSESER.BSE_IDX,01/07/2025,12:07:00,1620.06,0,0,0,0,0,0
BSESER.BSE_IDX,01/07/2025,12:07:08,1620.02,0,0,0,0,0,0
BSESER.BSE_IDX,01/07/2025,12:07:17,1620.5,0,0,0,0,0,0
BSESER.BSE_IDX,01/07/2025,12:07:24,1620.5,0,0,0,0,0,0
BSESER.BSE_IDX,01/07/2025,12:07:33,1620.5,0,0,0,0,0,0
BSESER.BSE_IDX,01/07/2025,12:07:40,1620.49,0,0,0,0,0,0
BSESER.BSE_IDX,01/07/2025,12:07:49,1620.52,0,0,0,0,0,0
BSESER.BSE_IDX,01/07/2025,12:07:57,1620.67,0,0,0,0,0,0
BSESER.BSE_IDX,01/07/2025,12:08:05,1620.68,0,0,0,0,0,0
BSESER.BSE_IDX,01/07/2025,12:08:13,1620.69,0,0,0,0,0,0
BSESER.BSE_IDX,01/07/2025,12:08:21,1620.62,0,0,0,0,0,0
BSESER.BSE_IDX,01/07/2025,12:08:28,1620.73,0,0,0,0,0,0
BSESER.BSE_IDX,01/07/2025,12:08:36,1620.54,0,0,0,0,0,0
BSESER.BSE_IDX,01/07/2025,12:08:45,1621.17,0,0,0,0,0,0
BSESER.BSE_IDX,01/07/2025,12:08:52,1621.23,0,0,0,0,0,0
BSESER.BSE_IDX,01/07/2025,12:09:00,1621.27,0,0,0,0,0,0
BSESER.BSE_IDX,01/07/2025,12:09:08,1621.23,0,0,0,0,0,0
BSESER.BSE_IDX,01/07/2025,12:09:16,1621.56,0,0,0,0,0,0
BSESER.BSE_IDX,01/07/2025,12:09:25,1621.55,0,0,0,0,0,0
BSESER.BSE_IDX,01/07/2025,12:09:32,1621.47,0,0,0,0,0,0
BSESER.BSE_IDX,01/07/2025,12:09:40,1621.76,0,0,0,0,0,0
BSESER.BSE_IDX,01/07/2025,12:09:48,1621.65,0,0,0,0,0,0
BSESER.BSE_IDX,01/07/2025,12:09:57,1621.63,0,0,0,0,0,0
BSESER.BSE_IDX,01/07/2025,12:10:05,1621.86,0,0,0,0,0,0
BSESER.BSE_IDX,01/07/2025,12:10:13,1621.5,0,0,0,0,0,0
BSESER.BSE_IDX,01/07/2025,12:10:22,1621.5,0,0,0,0,0,0
BSESER.BSE_IDX,01/07/2025,12:10:28,1621.57,0,0,0,0,0,0
BSESER.BSE_IDX,01/07/2025,12:10:36,1621.47,0,0,0,0,0,0
BSESER.BSE_IDX,01/07/2025,12:10:45,1621.28,0,0,0,0,0,0
BSESER.BSE_IDX,01/07/2025,12:10:52,1621.45,0,0,0,0,0,0
BSESER.BSE_IDX,01/07/2025,12:11:00,1621.32,0,0,0,0,0,0
BSESER.BSE_IDX,01/07/2025,12:11:08,1621.17,0,0,0,0,0,0
BSESER.BSE_IDX,01/07/2025,12:11:17,1621.05,0,0,0,0,0,0
BSESER.BSE_IDX,01/07/2025,12:11:24,1621.41,0,0,0,0,0,0
BSESER.BSE_IDX,01/07/2025,12:11:32,1621.41,0,0,0,0,0,0
BSESER.BSE_IDX,01/07/2025,12:11:41,1621.49,0,0,0,0,0,0
BSESER.BSE_IDX,01/07/2025,12:11:49,1621.84,0,0,0,0,0,0
BSESER.BSE_IDX,01/07/2025,12:11:57,1621.82,0,0,0,0,0,0
BSESER.BSE_IDX,01/07/2025,12:12:05,1621.92,0,0,0,0,0,0
BSESER.BSE_IDX,01/07/2025,12:12:13,1621.85,0,0,0,0,0,0
BSESER.BSE_IDX,01/07/2025,12:12:21,1621.91,0,0,0,0,0,0
BSESER.BSE_IDX,01/07/2025,12:12:29,1621.5,0,0,0,0,0,0
BSESER.BSE_IDX,01/07/2025,12:12:37,1621.47,0,0,0,0,0,0
BSESER.BSE_IDX,01/07/2025,12:12:45,1621.47,0,0,0,0,0,0
BSESER.BSE_IDX,01/07/2025,12:12:53,1621.48,0,0,0,0,0,0
BSESER.BSE_IDX,01/07/2025,12:13:01,1621.6,0,0,0,0,0,0
BSESER.BSE_IDX,01/07/2025,12:13:09,1621.62,0,0,0,0,0,0
BSESER.BSE_IDX,01/07/2025,12:13:17,1622.02,0,0,0,0,0,0
BSESER.BSE_IDX,01/07/2025,12:13:25,1622.27,0,0,0,0,0,0
BSESER.BSE_IDX,01/07/2025,12:13:33,1622.46,0,0,0,0,0,0
BSESER.BSE_IDX,01/07/2025,12:13:41,1622.45,0,0,0,0,0,0
BSESER.BSE_IDX,01/07/2025,12:13:49,1622.43,0,0,0,0,0,0
BSESER.BSE_IDX,01/07/2025,12:13:57,1622.59,0,0,0,0,0,0
BSESER.BSE_IDX,01/07/2025,12:14:05,1622.64,0,0,0,0,0,0
BSESER.BSE_IDX,01/07/2025,12:14:13,1622.58,0,0,0,0,0,0
BSESER.BSE_IDX,01/07/2025,12:14:21,1622.71,0,0,0,0,0,0
BSESER.BSE_IDX,01/07/2025,12:14:29,1622.78,0,0,0,0,0,0
BSESER.BSE_IDX,01/07/2025,12:14:37,1622.85,0,0,0,0,0,0
BSESER.BSE_IDX,01/07/2025,12:14:46,1622.93,0,0,0,0,0,0
BSESER.BSE_IDX,01/07/2025,12:14:54,1622.92,0,0,0,0,0,0
BSESER.BSE_IDX,01/07/2025,12:15:01,1622.93,0,0,0,0,0,0
BSESER.BSE_IDX,01/07/2025,12:15:09,1622.83,0,0,0,0,0,0
BSESER.BSE_IDX,01/07/2025,12:15:17,1622.58,0,0,0,0,0,0
BSESER.BSE_IDX,01/07/2025,12:15:25,1622.52,0,0,0,0,0,0
BSESER.BSE_IDX,01/07/2025,12:15:33,1622.41,0,0,0,0,0,0
BSESER.BSE_IDX,01/07/2025,12:15:41,1622.14,0,0,0,0,0,0
BSESER.BSE_IDX,01/07/2025,12:15:49,1622.05,0,0,0,0,0,0
BSESER.BSE_IDX,01/07/2025,12:15:57,1621.75,0,0,0,0,0,0
BSESER.BSE_IDX,01/07/2025,12:16:05,1621.71,0,0,0,0,0,0
BSESER.BSE_IDX,01/07/2025,12:16:13,1621.96,0,0,0,0,0,0
BSESER.BSE_IDX,01/07/2025,12:16:21,1621.95,0,0,0,0,0,0
BSESER.BSE_IDX,01/07/2025,12:16:29,1621.99,0,0,0,0,0,0
BSESER.BSE_IDX,01/07/2025,12:16:37,1621.91,0,0,0,0,0,0
BSESER.BSE_IDX,01/07/2025,12:16:45,1621.91,0,0,0,0,0,0
BSESER.BSE_IDX,01/07/2025,12:16:53,1621.89,0,0,0,0,0,0
BSESER.BSE_IDX,01/07/2025,12:17:01,1621.5,0,0,0,0,0,0
BSESER.BSE_IDX,01/07/2025,12:17:09,1621.54,0,0,0,0,0,0
BSESER.BSE_IDX,01/07/2025,12:17:17,1621.62,0,0,0,0,0,0
BSESER.BSE_IDX,01/07/2025,12:17:25,1621.64,0,0,0,0,0,0
BSESER.BSE_IDX,01/07/2025,12:17:33,1621.42,0,0,0,0,0,0
BSESER.BSE_IDX,01/07/2025,12:17:41,1621.45,0,0,0,0,0,0
BSESER.BSE_IDX,01/07/2025,12:17:49,1621.4,0,0,0,0,0,0
BSESER.BSE_IDX,01/07/2025,12:17:57,1621.4,0,0,0,0,0,0
BSESER.BSE_IDX,01/07/2025,12:18:05,1621.55,0,0,0,0,0,0
BSESER.BSE_IDX,01/07/2025,12:18:13,1621.63,0,0,0,0,0,0
BSESER.BSE_IDX,01/07/2025,12:18:21,1621.63,0,0,0,0,0,0
BSESER.BSE_IDX,01/07/2025,12:18:29,1622.22,0,0,0,0,0,0
BSESER.BSE_IDX,01/07/2025,12:18:37,1622.21,0,0,0,0,0,0
BSESER.BSE_IDX,01/07/2025,12:18:45,1622.25,0,0,0,0,0,0
BSESER.BSE_IDX,01/07/2025,12:18:53,1622.16,0,0,0,0,0,0
BSESER.BSE_IDX,01/07/2025,12:19:01,1622.44,0,0,0,0,0,0
BSESER.BSE_IDX,01/07/2025,12:19:09,1622.14,0,0,0,0,0,0
BSESER.BSE_IDX,01/07/2025,12:19:17,1622.23,0,0,0,0,0,0
BSESER.BSE_IDX,01/07/2025,12:19:25,1622.14,0,0,0,0,0,0
BSESER.BSE_IDX,01/07/2025,12:19:33,1622.16,0,0,0,0,0,0
BSESER.BSE_IDX,01/07/2025,12:19:41,1622.15,0,0,0,0,0,0
BSESER.BSE_IDX,01/07/2025,12:19:49,1622.29,0,0,0,0,0,0
BSESER.BSE_IDX,01/07/2025,12:19:57,1622.2,0,0,0,0,0,0
BSESER.BSE_IDX,01/07/2025,12:20:05,1622.18,0,0,0,0,0,0
BSESER.BSE_IDX,01/07/2025,12:20:13,1622.15,0,0,0,0,0,0
BSESER.BSE_IDX,01/07/2025,12:20:21,1622.14,0,0,0,0,0,0
BSESER.BSE_IDX,01/07/2025,12:20:29,1622.36,0,0,0,0,0,0
BSESER.BSE_IDX,01/07/2025,12:20:37,1622.36,0,0,0,0,0,0
BSESER.BSE_IDX,01/07/2025,12:20:45,1622.54,0,0,0,0,0,0
BSESER.BSE_IDX,01/07/2025,12:20:53,1622.54,0,0,0,0,0,0
BSESER.BSE_IDX,01/07/2025,12:21:01,1622.7,0,0,0,0,0,0
BSESER.BSE_IDX,01/07/2025,12:21:09,1622.69,0,0,0,0,0,0
BSESER.BSE_IDX,01/07/2025,12:21:17,1622.7,0,0,0,0,0,0
BSESER.BSE_IDX,01/07/2025,12:21:25,1622.62,0,0,0,0,0,0
BSESER.BSE_IDX,01/07/2025,12:21:33,1622.62,0,0,0,0,0,0
BSESER.BSE_IDX,01/07/2025,12:21:41,1622.63,0,0,0,0,0,0
BSESER.BSE_IDX,01/07/2025,12:21:49,1622.57,0,0,0,0,0,0
BSESER.BSE_IDX,01/07/2025,12:21:57,1622.61,0,0,0,0,0,0
BSESER.BSE_IDX,01/07/2025,12:22:05,1622.28,0,0,0,0,0,0
BSESER.BSE_IDX,01/07/2025,12:22:13,1622.62,0,0,0,0,0,0
BSESER.BSE_IDX,01/07/2025,12:22:21,1622.68,0,0,0,0,0,0
BSESER.BSE_IDX,01/07/2025,12:22:29,1622.59,0,0,0,0,0,0
BSESER.BSE_IDX,01/07/2025,12:22:37,1622.71,0,0,0,0,0,0
BSESER.BSE_IDX,01/07/2025,12:22:45,1622.5,0,0,0,0,0,0
BSESER.BSE_IDX,01/07/2025,12:22:53,1622.67,0,0,0,0,0,0
BSESER.BSE_IDX,01/07/2025,12:23:02,1622.67,0,0,0,0,0,0
BSESER.BSE_IDX,01/07/2025,12:23:09,1622.72,0,0,0,0,0,0
BSESER.BSE_IDX,01/07/2025,12:23:17,1622.68,0,0,0,0,0,0
BSESER.BSE_IDX,01/07/2025,12:23:25,1622.73,0,0,0,0,0,0
BSESER.BSE_IDX,01/07/2025,12:23:33,1622.7,0,0,0,0,0,0
BSESER.BSE_IDX,01/07/2025,12:23:41,1622.75,0,0,0,0,0,0
BSESER.BSE_IDX,01/07/2025,12:23:49,1622.72,0,0,0,0,0,0
BSESER.BSE_IDX,01/07/2025,12:23:57,1622.76,0,0,0,0,0,0
BSESER.BSE_IDX,01/07/2025,12:24:05,1622.73,0,0,0,0,0,0
BSESER.BSE_IDX,01/07/2025,12:24:13,1622.76,0,0,0,0,0,0
BSESER.BSE_IDX,01/07/2025,12:24:21,1622.73,0,0,0,0,0,0
BSESER.BSE_IDX,01/07/2025,12:24:29,1622.72,0,0,0,0,0,0
BSESER.BSE_IDX,01/07/2025,12:24:37,1622.67,0,0,0,0,0,0
BSESER.BSE_IDX,01/07/2025,12:24:45,1622.69,0,0,0,0,0,0
BSESER.BSE_IDX,01/07/2025,12:24:53,1622.69,0,0,0,0,0,0
BSESER.BSE_IDX,01/07/2025,12:25:01,1622.56,0,0,0,0,0,0
BSESER.BSE_IDX,01/07/2025,12:25:09,1622.49,0,0,0,0,0,0
BSESER.BSE_IDX,01/07/2025,12:25:17,1622.52,0,0,0,0,0,0
BSESER.BSE_IDX,01/07/2025,12:25:25,1622.53,0,0,0,0,0,0
BSESER.BSE_IDX,01/07/2025,12:25:33,1622.45,0,0,0,0,0,0
BSESER.BSE_IDX,01/07/2025,12:25:41,1622.44,0,0,0,0,0,0
BSESER.BSE_IDX,01/07/2025,12:25:49,1622.48,0,0,0,0,0,0
BSESER.BSE_IDX,01/07/2025,12:25:57,1622.45,0,0,0,0,0,0
BSESER.BSE_IDX,01/07/2025,12:26:05,1622.52,0,0,0,0,0,0
BSESER.BSE_IDX,01/07/2025,12:26:13,1622.52,0,0,0,0,0,0
BSESER.BSE_IDX,01/07/2025,12:26:21,1622.43,0,0,0,0,0,0
BSESER.BSE_IDX,01/07/2025,12:26:31,1622.16,0,0,0,0,0,0
BSESER.BSE_IDX,01/07/2025,12:26:37,1622.19,0,0,0,0,0,0
BSESER.BSE_IDX,01/07/2025,12:26:45,1622.13,0,0,0,0,0,0
BSESER.BSE_IDX,01/07/2025,12:26:53,1622.24,0,0,0,0,0,0
BSESER.BSE_IDX,01/07/2025,12:27:01,1622.3,0,0,0,0,0,0
BSESER.BSE_IDX,01/07/2025,12:27:09,1622.3,0,0,0,0,0,0
BSESER.BSE_IDX,01/07/2025,12:27:17,1622.35,0,0,0,0,0,0
BSESER.BSE_IDX,01/07/2025,12:27:25,1622.5,0,0,0,0,0,0
BSESER.BSE_IDX,01/07/2025,12:27:33,1622.51,0,0,0,0,0,0
BSESER.BSE_IDX,01/07/2025,12:27:41,1622.49,0,0,0,0,0,0
BSESER.BSE_IDX,01/07/2025,12:27:49,1622.39,0,0,0,0,0,0
BSESER.BSE_IDX,01/07/2025,12:27:57,1622.21,0,0,0,0,0,0
BSESER.BSE_IDX,01/07/2025,12:28:05,1622.28,0,0,0,0,0,0
BSESER.BSE_IDX,01/07/2025,12:28:13,1622.39,0,0,0,0,0,0
BSESER.BSE_IDX,01/07/2025,12:28:21,1622.52,0,0,0,0,0,0
BSESER.BSE_IDX,01/07/2025,12:28:29,1622.33,0,0,0,0,0,0
BSESER.BSE_IDX,01/07/2025,12:28:37,1622.33,0,0,0,0,0,0
BSESER.BSE_IDX,01/07/2025,12:28:45,1621.82,0,0,0,0,0,0
BSESER.BSE_IDX,01/07/2025,12:28:53,1621.54,0,0,0,0,0,0
BSESER.BSE_IDX,01/07/2025,12:29:01,1621.68,0,0,0,0,0,0
BSESER.BSE_IDX,01/07/2025,12:29:10,1621.64,0,0,0,0,0,0
BSESER.BSE_IDX,01/07/2025,12:29:18,1621.64,0,0,0,0,0,0
BSESER.BSE_IDX,01/07/2025,12:29:25,1621.51,0,0,0,0,0,0
BSESER.BSE_IDX,01/07/2025,12:29:33,1621.58,0,0,0,0,0,0
BSESER.BSE_IDX,01/07/2025,12:29:41,1621.45,0,0,0,0,0,0
BSESER.BSE_IDX,01/07/2025,12:29:49,1621.85,0,0,0,0,0,0
BSESER.BSE_IDX,01/07/2025,12:29:57,1621.69,0,0,0,0,0,0
BSESER.BSE_IDX,01/07/2025,12:30:05,1621.71,0,0,0,0,0,0
BSESER.BSE_IDX,01/07/2025,12:30:13,1621.71,0,0,0,0,0,0
BSESER.BSE_IDX,01/07/2025,12:30:22,1621.75,0,0,0,0,0,0
BSESER.BSE_IDX,01/07/2025,12:30:29,1621.95,0,0,0,0,0,0
BSESER.BSE_IDX,01/07/2025,12:30:37,1622.02,0,0,0,0,0,0
BSESER.BSE_IDX,01/07/2025,12:30:45,1622.04,0,0,0,0,0,0
BSESER.BSE_IDX,01/07/2025,12:30:53,1622.04,0,0,0,0,0,0
BSESER.BSE_IDX,01/07/2025,12:31:01,1622.29,0,0,0,0,0,0
BSESER.BSE_IDX,01/07/2025,12:31:09,1622.23,0,0,0,0,0,0
BSESER.BSE_IDX,01/07/2025,12:31:17,1622.18,0,0,0,0,0,0
BSESER.BSE_IDX,01/07/2025,12:31:25,1622.24,0,0,0,0,0,0
BSESER.BSE_IDX,01/07/2025,12:31:34,1622.17,0,0,0,0,0,0
BSESER.BSE_IDX,01/07/2025,12:31:41,1622.24,0,0,0,0,0,0
BSESER.BSE_IDX,01/07/2025,12:31:49,1622.04,0,0,0,0,0,0
BSESER.BSE_IDX,01/07/2025,12:31:57,1621.57,0,0,0,0,0,0
BSESER.BSE_IDX,01/07/2025,12:32:05,1621.57,0,0,0,0,0,0
BSESER.BSE_IDX,01/07/2025,12:32:13,1621.55,0,0,0,0,0,0
BSESER.BSE_IDX,01/07/2025,12:32:21,1621.58,0,0,0,0,0,0
BSESER.BSE_IDX,01/07/2025,12:32:29,1621.59,0,0,0,0,0,0
BSESER.BSE_IDX,01/07/2025,12:32:37,1621.62,0,0,0,0,0,0
BSESER.BSE_IDX,01/07/2025,12:32:45,1621.63,0,0,0,0,0,0
BSESER.BSE_IDX,01/07/2025,12:32:53,1621.63,0,0,0,0,0,0
BSESER.BSE_IDX,01/07/2025,12:33:01,1621.96,0,0,0,0,0,0
BSESER.BSE_IDX,01/07/2025,12:33:09,1621.88,0,0,0,0,0,0
BSESER.BSE_IDX,01/07/2025,12:33:17,1621.96,0,0,0,0,0,0
BSESER.BSE_IDX,01/07/2025,12:33:26,1621.98,0,0,0,0,0,0
BSESER.BSE_IDX,01/07/2025,12:33:33,1621.89,0,0,0,0,0,0
BSESER.BSE_IDX,01/07/2025,12:33:41,1622.01,0,0,0,0,0,0
BSESER.BSE_IDX,01/07/2025,12:33:49,1621.98,0,0,0,0,0,0
BSESER.BSE_IDX,01/07/2025,12:33:57,1621.96,0,0,0,0,0,0
BSESER.BSE_IDX,01/07/2025,12:34:05,1622,0,0,0,0,0,0
BSESER.BSE_IDX,01/07/2025,12:34:13,1622.1,0,0,0,0,0,0
BSESER.BSE_IDX,01/07/2025,12:34:21,1622.1,0,0,0,0,0,0
BSESER.BSE_IDX,01/07/2025,12:34:29,1622.16,0,0,0,0,0,0
BSESER.BSE_IDX,01/07/2025,12:34:37,1622.46,0,0,0,0,0,0
BSESER.BSE_IDX,01/07/2025,12:34:45,1622.46,0,0,0,0,0,0
BSESER.BSE_IDX,01/07/2025,12:34:53,1622.4,0,0,0,0,0,0
BSESER.BSE_IDX,01/07/2025,12:35:01,1622.34,0,0,0,0,0,0
BSESER.BSE_IDX,01/07/2025,12:35:09,1622.27,0,0,0,0,0,0
BSESER.BSE_IDX,01/07/2025,12:35:17,1622.33,0,0,0,0,0,0
BSESER.BSE_IDX,01/07/2025,12:35:25,1622.33,0,0,0,0,0,0
BSESER.BSE_IDX,01/07/2025,12:35:33,1622.43,0,0,0,0,0,0
BSESER.BSE_IDX,01/07/2025,12:35:41,1622.47,0,0,0,0,0,0
BSESER.BSE_IDX,01/07/2025,12:35:49,1622.61,0,0,0,0,0,0
BSESER.BSE_IDX,01/07/2025,12:35:57,1622.61,0,0,0,0,0,0
BSESER.BSE_IDX,01/07/2025,12:36:05,1622.81,0,0,0,0,0,0
BSESER.BSE_IDX,01/07/2025,12:36:13,1622.93,0,0,0,0,0,0
BSESER.BSE_IDX,01/07/2025,12:36:21,1622.89,0,0,0,0,0,0
BSESER.BSE_IDX,01/07/2025,12:36:29,1622.93,0,0,0,0,0,0
BSESER.BSE_IDX,01/07/2025,12:36:37,1623.04,0,0,0,0,0,0
BSESER.BSE_IDX,01/07/2025,12:36:45,1623.01,0,0,0,0,0,0
BSESER.BSE_IDX,01/07/2025,12:36:53,1623.21,0,0,0,0,0,0
BSESER.BSE_IDX,01/07/2025,12:37:01,1623.23,0,0,0,0,0,0
BSESER.BSE_IDX,01/07/2025,12:37:09,1623.23,0,0,0,0,0,0
BSESER.BSE_IDX,01/07/2025,12:37:17,1623.23,0,0,0,0,0,0
BSESER.BSE_IDX,01/07/2025,12:37:25,1623.23,0,0,0,0,0,0
BSESER.BSE_IDX,01/07/2025,12:37:33,1623.22,0,0,0,0,0,0
BSESER.BSE_IDX,01/07/2025,12:37:41,1622.91,0,0,0,0,0,0
BSESER.BSE_IDX,01/07/2025,12:37:49,1622.93,0,0,0,0,0,0
BSESER.BSE_IDX,01/07/2025,12:37:57,1622.94,0,0,0,0,0,0
BSESER.BSE_IDX,01/07/2025,12:38:05,1622.9,0,0,0,0,0,0
BSESER.BSE_IDX,01/07/2025,12:38:13,1622.79,0,0,0,0,0,0
BSESER.BSE_IDX,01/07/2025,12:38:22,1622.8,0,0,0,0,0,0
BSESER.BSE_IDX,01/07/2025,12:38:29,1622.89,0,0,0,0,0,0
BSESER.BSE_IDX,01/07/2025,12:38:39,1622.86,0,0,0,0,0,0
BSESER.BSE_IDX,01/07/2025,12:38:45,1622.89,0,0,0,0,0,0
BSESER.BSE_IDX,01/07/2025,12:38:53,1622.58,0,0,0,0,0,0
BSESER.BSE_IDX,01/07/2025,12:39:01,1622.58,0,0,0,0,0,0
BSESER.BSE_IDX,01/07/2025,12:39:10,1622.59,0,0,0,0,0,0
BSESER.BSE_IDX,01/07/2025,12:39:18,1622.63,0,0,0,0,0,0
BSESER.BSE_IDX,01/07/2025,12:39:25,1622.63,0,0,0,0,0,0
BSESER.BSE_IDX,01/07/2025,12:39:34,1622.81,0,0,0,0,0,0
BSESER.BSE_IDX,01/07/2025,12:39:42,1622.82,0,0,0,0,0,0
BSESER.BSE_IDX,01/07/2025,12:39:49,1622.44,0,0,0,0,0,0
BSESER.BSE_IDX,01/07/2025,12:39:57,1622.37,0,0,0,0,0,0
BSESER.BSE_IDX,01/07/2025,12:40:05,1622.52,0,0,0,0,0,0
BSESER.BSE_IDX,01/07/2025,12:40:14,1622.56,0,0,0,0,0,0
BSESER.BSE_IDX,01/07/2025,12:40:21,1622.52,0,0,0,0,0,0
BSESER.BSE_IDX,01/07/2025,12:40:29,1622.36,0,0,0,0,0,0
BSESER.BSE_IDX,01/07/2025,12:40:37,1622.33,0,0,0,0,0,0
BSESER.BSE_IDX,01/07/2025,12:40:45,1622.37,0,0,0,0,0,0
BSESER.BSE_IDX,01/07/2025,12:40:54,1622.39,0,0,0,0,0,0
BSESER.BSE_IDX,01/07/2025,12:41:01,1622.62,0,0,0,0,0,0
BSESER.BSE_IDX,01/07/2025,12:41:09,1622.78,0,0,0,0,0,0
BSESER.BSE_IDX,01/07/2025,12:41:17,1622.62,0,0,0,0,0,0
BSESER.BSE_IDX,01/07/2025,12:41:25,1622.61,0,0,0,0,0,0
BSESER.BSE_IDX,01/07/2025,12:41:33,1622.52,0,0,0,0,0,0
BSESER.BSE_IDX,01/07/2025,12:41:42,1622.63,0,0,0,0,0,0
BSESER.BSE_IDX,01/07/2025,12:41:50,1622.6,0,0,0,0,0,0
BSESER.BSE_IDX,01/07/2025,12:41:58,1622.6,0,0,0,0,0,0
BSESER.BSE_IDX,01/07/2025,12:42:05,1622.58,0,0,0,0,0,0
BSESER.BSE_IDX,01/07/2025,12:42:13,1622.5,0,0,0,0,0,0
BSESER.BSE_IDX,01/07/2025,12:42:21,1622.45,0,0,0,0,0,0
BSESER.BSE_IDX,01/07/2025,12:42:29,1622.45,0,0,0,0,0,0
BSESER.BSE_IDX,01/07/2025,12:42:37,1622.35,0,0,0,0,0,0
BSESER.BSE_IDX,01/07/2025,12:42:46,1622.43,0,0,0,0,0,0
BSESER.BSE_IDX,01/07/2025,12:42:53,1622.43,0,0,0,0,0,0
BSESER.BSE_IDX,01/07/2025,12:43:01,1622.58,0,0,0,0,0,0
BSESER.BSE_IDX,01/07/2025,12:43:10,1622.58,0,0,0,0,0,0
BSESER.BSE_IDX,01/07/2025,12:43:17,1622.58,0,0,0,0,0,0
BSESER.BSE_IDX,01/07/2025,12:43:26,1622.56,0,0,0,0,0,0
BSESER.BSE_IDX,01/07/2025,12:43:34,1622.39,0,0,0,0,0,0
BSESER.BSE_IDX,01/07/2025,12:43:42,1622.45,0,0,0,0,0,0
BSESER.BSE_IDX,01/07/2025,12:43:49,1622.44,0,0,0,0,0,0
BSESER.BSE_IDX,01/07/2025,12:43:58,1622.39,0,0,0,0,0,0
BSESER.BSE_IDX,01/07/2025,12:44:05,1622.23,0,0,0,0,0,0
BSESER.BSE_IDX,01/07/2025,12:44:14,1621.89,0,0,0,0,0,0
BSESER.BSE_IDX,01/07/2025,12:44:22,1621.87,0,0,0,0,0,0
BSESER.BSE_IDX,01/07/2025,12:44:29,1621.89,0,0,0,0,0,0
BSESER.BSE_IDX,01/07/2025,12:44:38,1621.9,0,0,0,0,0,0
BSESER.BSE_IDX,01/07/2025,12:44:46,1621.89,0,0,0,0,0,0
BSESER.BSE_IDX,01/07/2025,12:44:53,1622.02,0,0,0,0,0,0
BSESER.BSE_IDX,01/07/2025,12:45:01,1622.26,0,0,0,0,0,0
BSESER.BSE_IDX,01/07/2025,12:45:11,1622.47,0,0,0,0,0,0
BSESER.BSE_IDX,01/07/2025,12:45:18,1622.47,0,0,0,0,0,0
BSESER.BSE_IDX,01/07/2025,12:45:26,1622.44,0,0,0,0,0,0
BSESER.BSE_IDX,01/07/2025,12:45:34,1622.51,0,0,0,0,0,0
BSESER.BSE_IDX,01/07/2025,12:45:42,1622.46,0,0,0,0,0,0
BSESER.BSE_IDX,01/07/2025,12:45:50,1622.44,0,0,0,0,0,0
BSESER.BSE_IDX,01/07/2025,12:45:58,1622.43,0,0,0,0,0,0
BSESER.BSE_IDX,01/07/2025,12:46:06,1622.44,0,0,0,0,0,0
BSESER.BSE_IDX,01/07/2025,12:46:14,1622.01,0,0,0,0,0,0
BSESER.BSE_IDX,01/07/2025,12:46:22,1621.97,0,0,0,0,0,0
BSESER.BSE_IDX,01/07/2025,12:46:30,1621.97,0,0,0,0,0,0
BSESER.BSE_IDX,01/07/2025,12:46:38,1622,0,0,0,0,0,0
BSESER.BSE_IDX,01/07/2025,12:46:46,1622.09,0,0,0,0,0,0
BSESER.BSE_IDX,01/07/2025,12:46:54,1622.35,0,0,0,0,0,0
BSESER.BSE_IDX,01/07/2025,12:47:02,1622.38,0,0,0,0,0,0
BSESER.BSE_IDX,01/07/2025,12:47:10,1622.39,0,0,0,0,0,0
BSESER.BSE_IDX,01/07/2025,12:47:18,1622.39,0,0,0,0,0,0
BSESER.BSE_IDX,01/07/2025,12:47:26,1622.14,0,0,0,0,0,0
BSESER.BSE_IDX,01/07/2025,12:47:34,1622,0,0,0,0,0,0
BSESER.BSE_IDX,01/07/2025,12:47:42,1621.45,0,0,0,0,0,0
BSESER.BSE_IDX,01/07/2025,12:47:50,1621.79,0,0,0,0,0,0
BSESER.BSE_IDX,01/07/2025,12:47:58,1621.91,0,0,0,0,0,0
BSESER.BSE_IDX,01/07/2025,12:48:06,1621.89,0,0,0,0,0,0
BSESER.BSE_IDX,01/07/2025,12:48:14,1621.87,0,0,0,0,0,0
BSESER.BSE_IDX,01/07/2025,12:48:22,1621.84,0,0,0,0,0,0
BSESER.BSE_IDX,01/07/2025,12:48:30,1622.3,0,0,0,0,0,0
BSESER.BSE_IDX,01/07/2025,12:48:38,1622.29,0,0,0,0,0,0
BSESER.BSE_IDX,01/07/2025,12:48:46,1622.15,0,0,0,0,0,0
BSESER.BSE_IDX,01/07/2025,12:48:54,1621.97,0,0,0,0,0,0
BSESER.BSE_IDX,01/07/2025,12:49:02,1622.01,0,0,0,0,0,0
BSESER.BSE_IDX,01/07/2025,12:49:10,1621.94,0,0,0,0,0,0
BSESER.BSE_IDX,01/07/2025,12:49:18,1621.97,0,0,0,0,0,0
BSESER.BSE_IDX,01/07/2025,12:49:26,1621.99,0,0,0,0,0,0
BSESER.BSE_IDX,01/07/2025,12:49:34,1621.7,0,0,0,0,0,0
BSESER.BSE_IDX,01/07/2025,12:49:42,1621.68,0,0,0,0,0,0
BSESER.BSE_IDX,01/07/2025,12:49:50,1621.52,0,0,0,0,0,0
BSESER.BSE_IDX,01/07/2025,12:49:58,1621.51,0,0,0,0,0,0
BSESER.BSE_IDX,01/07/2025,12:50:06,1621.62,0,0,0,0,0,0
BSESER.BSE_IDX,01/07/2025,12:50:14,1621.6,0,0,0,0,0,0
BSESER.BSE_IDX,01/07/2025,12:50:22,1621.58,0,0,0,0,0,0
BSESER.BSE_IDX,01/07/2025,12:50:30,1621.6,0,0,0,0,0,0
BSESER.BSE_IDX,01/07/2025,12:50:38,1621.57,0,0,0,0,0,0
BSESER.BSE_IDX,01/07/2025,12:50:47,1621.58,0,0,0,0,0,0
BSESER.BSE_IDX,01/07/2025,12:50:54,1621.57,0,0,0,0,0,0
BSESER.BSE_IDX,01/07/2025,12:51:02,1621.66,0,0,0,0,0,0
BSESER.BSE_IDX,01/07/2025,12:51:10,1621.68,0,0,0,0,0,0
BSESER.BSE_IDX,01/07/2025,12:51:19,1621.59,0,0,0,0,0,0
BSESER.BSE_IDX,01/07/2025,12:51:26,1621.61,0,0,0,0,0,0
BSESER.BSE_IDX,01/07/2025,12:51:34,1621.55,0,0,0,0,0,0
BSESER.BSE_IDX,01/07/2025,12:51:42,1621.55,0,0,0,0,0,0
BSESER.BSE_IDX,01/07/2025,12:51:50,1621.56,0,0,0,0,0,0
BSESER.BSE_IDX,01/07/2025,12:51:58,1621.52,0,0,0,0,0,0
BSESER.BSE_IDX,01/07/2025,12:52:06,1621.52,0,0,0,0,0,0
BSESER.BSE_IDX,01/07/2025,12:52:14,1621.52,0,0,0,0,0,0
BSESER.BSE_IDX,01/07/2025,12:52:22,1621.5,0,0,0,0,0,0
BSESER.BSE_IDX,01/07/2025,12:52:30,1621.53,0,0,0,0,0,0
BSESER.BSE_IDX,01/07/2025,12:52:38,1621.52,0,0,0,0,0,0
BSESER.BSE_IDX,01/07/2025,12:52:46,1621.41,0,0,0,0,0,0
BSESER.BSE_IDX,01/07/2025,12:52:54,1621.37,0,0,0,0,0,0
BSESER.BSE_IDX,01/07/2025,12:53:02,1621.33,0,0,0,0,0,0
BSESER.BSE_IDX,01/07/2025,12:53:10,1621.36,0,0,0,0,0,0
BSESER.BSE_IDX,01/07/2025,12:53:18,1621,0,0,0,0,0,0
BSESER.BSE_IDX,01/07/2025,12:53:26,1620.96,0,0,0,0,0,0
BSESER.BSE_IDX,01/07/2025,12:53:34,1620.94,0,0,0,0,0,0
BSESER.BSE_IDX,01/07/2025,12:53:42,1620.73,0,0,0,0,0,0
BSESER.BSE_IDX,01/07/2025,12:53:50,1620.45,0,0,0,0,0,0
BSESER.BSE_IDX,01/07/2025,12:53:58,1620.58,0,0,0,0,0,0
BSESER.BSE_IDX,01/07/2025,12:54:06,1620.58,0,0,0,0,0,0
BSESER.BSE_IDX,01/07/2025,12:54:14,1620.28,0,0,0,0,0,0
BSESER.BSE_IDX,01/07/2025,12:54:22,1620.27,0,0,0,0,0,0
BSESER.BSE_IDX,01/07/2025,12:54:30,1620.25,0,0,0,0,0,0
BSESER.BSE_IDX,01/07/2025,12:54:38,1620.22,0,0,0,0,0,0
BSESER.BSE_IDX,01/07/2025,12:54:46,1620.22,0,0,0,0,0,0
BSESER.BSE_IDX,01/07/2025,12:54:54,1620.27,0,0,0,0,0,0
BSESER.BSE_IDX,01/07/2025,12:55:02,1620.26,0,0,0,0,0,0
BSESER.BSE_IDX,01/07/2025,12:55:10,1620.25,0,0,0,0,0,0
BSESER.BSE_IDX,01/07/2025,12:55:18,1620.28,0,0,0,0,0,0
BSESER.BSE_IDX,01/07/2025,12:55:26,1620.27,0,0,0,0,0,0
BSESER.BSE_IDX,01/07/2025,12:55:34,1620.27,0,0,0,0,0,0
BSESER.BSE_IDX,01/07/2025,12:55:42,1620.27,0,0,0,0,0,0
BSESER.BSE_IDX,01/07/2025,12:55:50,1620.26,0,0,0,0,0,0
BSESER.BSE_IDX,01/07/2025,12:55:58,1620.25,0,0,0,0,0,0
BSESER.BSE_IDX,01/07/2025,12:56:06,1620.26,0,0,0,0,0,0
BSESER.BSE_IDX,01/07/2025,12:56:15,1620.26,0,0,0,0,0,0
BSESER.BSE_IDX,01/07/2025,12:56:22,1620.26,0,0,0,0,0,0
BSESER.BSE_IDX,01/07/2025,12:56:30,1620.26,0,0,0,0,0,0
BSESER.BSE_IDX,01/07/2025,12:56:38,1620.21,0,0,0,0,0,0
BSESER.BSE_IDX,01/07/2025,12:56:46,1620.24,0,0,0,0,0,0
BSESER.BSE_IDX,01/07/2025,12:56:54,1620.23,0,0,0,0,0,0
BSESER.BSE_IDX,01/07/2025,12:57:02,1620.21,0,0,0,0,0,0
BSESER.BSE_IDX,01/07/2025,12:57:10,1620.18,0,0,0,0,0,0
BSESER.BSE_IDX,01/07/2025,12:57:18,1620.2,0,0,0,0,0,0
BSESER.BSE_IDX,01/07/2025,12:57:26,1620.17,0,0,0,0,0,0
BSESER.BSE_IDX,01/07/2025,12:57:34,1620.19,0,0,0,0,0,0
BSESER.BSE_IDX,01/07/2025,12:57:42,1620.19,0,0,0,0,0,0
BSESER.BSE_IDX,01/07/2025,12:57:51,1620.27,0,0,0,0,0,0
BSESER.BSE_IDX,01/07/2025,12:57:58,1620.25,0,0,0,0,0,0
BSESER.BSE_IDX,01/07/2025,12:58:06,1620.24,0,0,0,0,0,0
BSESER.BSE_IDX,01/07/2025,12:58:14,1620.19,0,0,0,0,0,0
BSESER.BSE_IDX,01/07/2025,12:58:22,1620.18,0,0,0,0,0,0
