Ticker,Date,Time,LTP,BuyPrice,BuyQty,SellPrice,SellQty,LTQ,OpenInterest
CAPINS.BSE_IDX,01/07/2025,09:00:00,2404.54,0,0,0,0,0,0
CAPINS.BSE_IDX,01/07/2025,09:00:07,2394.68,0,0,0,0,0,0
CAPINS.BSE_IDX,01/07/2025,09:00:15,2408.49,0,0,0,0,0,0
CAPINS.BSE_IDX,01/07/2025,09:00:23,2428.22,0,0,0,0,0,0
CAPINS.BSE_IDX,01/07/2025,09:00:31,2425.95,0,0,0,0,0,0
CAPINS.BSE_IDX,01/07/2025,09:00:39,2429.45,0,0,0,0,0,0
CAPINS.BSE_IDX,01/07/2025,09:00:47,2429.07,0,0,0,0,0,0
CAPINS.BSE_IDX,01/07/2025,09:00:55,2427.67,0,0,0,0,0,0
CAPINS.BSE_IDX,01/07/2025,09:01:03,2427.33,0,0,0,0,0,0
CAPINS.BSE_IDX,01/07/2025,09:01:11,2427.09,0,0,0,0,0,0
CAPINS.BSE_IDX,01/07/2025,09:01:19,2425.73,0,0,0,0,0,0
CAPINS.BSE_IDX,01/07/2025,09:01:27,2424.84,0,0,0,0,0,0
CAPINS.BSE_IDX,01/07/2025,09:01:35,2424.79,0,0,0,0,0,0
CAPINS.BSE_IDX,01/07/2025,09:01:43,2422.08,0,0,0,0,0,0
CAPINS.BSE_IDX,01/07/2025,09:01:51,2405.56,0,0,0,0,0,0
CAPINS.BSE_IDX,01/07/2025,09:01:59,2405.56,0,0,0,0,0,0
CAPINS.BSE_IDX,01/07/2025,09:02:07,2405.56,0,0,0,0,0,0
CAPINS.BSE_IDX,01/07/2025,09:02:15,2405.86,0,0,0,0,0,0
CAPINS.BSE_IDX,01/07/2025,09:02:23,2405.98,0,0,0,0,0,0
CAPINS.BSE_IDX,01/07/2025,09:02:31,2406.35,0,0,0,0,0,0
CAPINS.BSE_IDX,01/07/2025,09:02:39,2406.35,0,0,0,0,0,0
CAPINS.BSE_IDX,01/07/2025,09:02:47,2405.03,0,0,0,0,0,0
CAPINS.BSE_IDX,01/07/2025,09:02:55,2405.03,0,0,0,0,0,0
CAPINS.BSE_IDX,01/07/2025,09:03:03,2405.05,0,0,0,0,0,0
CAPINS.BSE_IDX,01/07/2025,09:03:11,2405.59,0,0,0,0,0,0
CAPINS.BSE_IDX,01/07/2025,09:03:19,2408.33,0,0,0,0,0,0
CAPINS.BSE_IDX,01/07/2025,09:03:27,2413.12,0,0,0,0,0,0
CAPINS.BSE_IDX,01/07/2025,09:03:35,2412.83,0,0,0,0,0,0
CAPINS.BSE_IDX,01/07/2025,09:03:43,2413.01,0,0,0,0,0,0
CAPINS.BSE_IDX,01/07/2025,09:03:51,2412.45,0,0,0,0,0,0
CAPINS.BSE_IDX,01/07/2025,09:03:59,2412.45,0,0,0,0,0,0
CAPINS.BSE_IDX,01/07/2025,09:04:07,2412.31,0,0,0,0,0,0
CAPINS.BSE_IDX,01/07/2025,09:04:15,2412.36,0,0,0,0,0,0
CAPINS.BSE_IDX,01/07/2025,09:04:23,2412.36,0,0,0,0,0,0
CAPINS.BSE_IDX,01/07/2025,09:04:31,2412.36,0,0,0,0,0,0
CAPINS.BSE_IDX,01/07/2025,09:04:39,2412.25,0,0,0,0,0,0
CAPINS.BSE_IDX,01/07/2025,09:04:47,2412.25,0,0,0,0,0,0
CAPINS.BSE_IDX,01/07/2025,09:04:55,2412.18,0,0,0,0,0,0
CAPINS.BSE_IDX,01/07/2025,09:05:03,2412.32,0,0,0,0,0,0
CAPINS.BSE_IDX,01/07/2025,09:05:11,2415.64,0,0,0,0,0,0
CAPINS.BSE_IDX,01/07/2025,09:05:19,2415.91,0,0,0,0,0,0
CAPINS.BSE_IDX,01/07/2025,09:05:27,2413.42,0,0,0,0,0,0
CAPINS.BSE_IDX,01/07/2025,09:05:35,2414.35,0,0,0,0,0,0
CAPINS.BSE_IDX,01/07/2025,09:05:43,2414.14,0,0,0,0,0,0
CAPINS.BSE_IDX,01/07/2025,09:05:51,2412.95,0,0,0,0,0,0
CAPINS.BSE_IDX,01/07/2025,09:05:59,2413.26,0,0,0,0,0,0
CAPINS.BSE_IDX,01/07/2025,09:06:07,2411.46,0,0,0,0,0,0
CAPINS.BSE_IDX,01/07/2025,09:06:15,2411.14,0,0,0,0,0,0
CAPINS.BSE_IDX,01/07/2025,09:06:23,2411.91,0,0,0,0,0,0
CAPINS.BSE_IDX,01/07/2025,09:06:31,2411.9,0,0,0,0,0,0
CAPINS.BSE_IDX,01/07/2025,09:06:39,2414.35,0,0,0,0,0,0
CAPINS.BSE_IDX,01/07/2025,09:06:47,2413.24,0,0,0,0,0,0
CAPINS.BSE_IDX,01/07/2025,09:06:55,2413.81,0,0,0,0,0,0
CAPINS.BSE_IDX,01/07/2025,09:07:04,2410.75,0,0,0,0,0,0
CAPINS.BSE_IDX,01/07/2025,09:07:11,2410.75,0,0,0,0,0,0
CAPINS.BSE_IDX,01/07/2025,09:07:19,2410.75,0,0,0,0,0,0
CAPINS.BSE_IDX,01/07/2025,09:07:27,2410.75,0,0,0,0,0,0
CAPINS.BSE_IDX,01/07/2025,09:07:35,2410.75,0,0,0,0,0,0
CAPINS.BSE_IDX,01/07/2025,09:07:43,2410.75,0,0,0,0,0,0
CAPINS.BSE_IDX,01/07/2025,09:07:51,2410.75,0,0,0,0,0,0
CAPINS.BSE_IDX,01/07/2025,09:07:59,2410.75,0,0,0,0,0,0
CAPINS.BSE_IDX,01/07/2025,09:08:07,2410.75,0,0,0,0,0,0
CAPINS.BSE_IDX,01/07/2025,09:08:15,2410.75,0,0,0,0,0,0
CAPINS.BSE_IDX,01/07/2025,09:08:23,2410.75,0,0,0,0,0,0
CAPINS.BSE_IDX,01/07/2025,09:08:31,2410.75,0,0,0,0,0,0
CAPINS.BSE_IDX,01/07/2025,09:08:39,2410.75,0,0,0,0,0,0
CAPINS.BSE_IDX,01/07/2025,09:08:47,2410.75,0,0,0,0,0,0
CAPINS.BSE_IDX,01/07/2025,09:08:55,2410.75,0,0,0,0,0,0
CAPINS.BSE_IDX,01/07/2025,09:09:03,2410.25,0,0,0,0,0,0
CAPINS.BSE_IDX,01/07/2025,09:09:11,2410.25,0,0,0,0,0,0
CAPINS.BSE_IDX,01/07/2025,09:09:20,2410.25,0,0,0,0,0,0
CAPINS.BSE_IDX,01/07/2025,09:09:27,2410.25,0,0,0,0,0,0
CAPINS.BSE_IDX,01/07/2025,09:09:36,2410.25,0,0,0,0,0,0
CAPINS.BSE_IDX,01/07/2025,09:09:43,2410.25,0,0,0,0,0,0
CAPINS.BSE_IDX,01/07/2025,09:09:51,2410.25,0,0,0,0,0,0
CAPINS.BSE_IDX,01/07/2025,09:09:59,2410.25,0,0,0,0,0,0
CAPINS.BSE_IDX,01/07/2025,09:10:07,2410.25,0,0,0,0,0,0
CAPINS.BSE_IDX,01/07/2025,09:10:16,2410.25,0,0,0,0,0,0
CAPINS.BSE_IDX,01/07/2025,09:10:24,2410.25,0,0,0,0,0,0
CAPINS.BSE_IDX,01/07/2025,09:10:32,2410.25,0,0,0,0,0,0
CAPINS.BSE_IDX,01/07/2025,09:10:39,2410.25,0,0,0,0,0,0
CAPINS.BSE_IDX,01/07/2025,09:10:47,2410.25,0,0,0,0,0,0
CAPINS.BSE_IDX,01/07/2025,09:10:55,2410.25,0,0,0,0,0,0
CAPINS.BSE_IDX,01/07/2025,09:11:03,2410.25,0,0,0,0,0,0
CAPINS.BSE_IDX,01/07/2025,09:11:11,2410.25,0,0,0,0,0,0
CAPINS.BSE_IDX,01/07/2025,09:11:19,2410.25,0,0,0,0,0,0
CAPINS.BSE_IDX,01/07/2025,09:11:27,2410.25,0,0,0,0,0,0
CAPINS.BSE_IDX,01/07/2025,09:11:35,2410.25,0,0,0,0,0,0
CAPINS.BSE_IDX,01/07/2025,09:11:43,2410.25,0,0,0,0,0,0
CAPINS.BSE_IDX,01/07/2025,09:11:51,2410.25,0,0,0,0,0,0
CAPINS.BSE_IDX,01/07/2025,09:11:59,2410.25,0,0,0,0,0,0
CAPINS.BSE_IDX,01/07/2025,09:12:07,2410.25,0,0,0,0,0,0
CAPINS.BSE_IDX,01/07/2025,09:12:16,2410.25,0,0,0,0,0,0
CAPINS.BSE_IDX,01/07/2025,09:12:23,2410.25,0,0,0,0,0,0
CAPINS.BSE_IDX,01/07/2025,09:12:31,2410.25,0,0,0,0,0,0
CAPINS.BSE_IDX,01/07/2025,09:12:39,2410.25,0,0,0,0,0,0
CAPINS.BSE_IDX,01/07/2025,09:12:47,2410.25,0,0,0,0,0,0
CAPINS.BSE_IDX,01/07/2025,09:12:55,2410.25,0,0,0,0,0,0
CAPINS.BSE_IDX,01/07/2025,09:13:03,2410.25,0,0,0,0,0,0
CAPINS.BSE_IDX,01/07/2025,09:13:11,2410.25,0,0,0,0,0,0
CAPINS.BSE_IDX,01/07/2025,09:13:19,2410.25,0,0,0,0,0,0
CAPINS.BSE_IDX,01/07/2025,09:13:27,2410.25,0,0,0,0,0,0
CAPINS.BSE_IDX,01/07/2025,09:13:35,2410.25,0,0,0,0,0,0
CAPINS.BSE_IDX,01/07/2025,09:13:43,2410.25,0,0,0,0,0,0
CAPINS.BSE_IDX,01/07/2025,09:13:51,2410.25,0,0,0,0,0,0
CAPINS.BSE_IDX,01/07/2025,09:13:59,2410.25,0,0,0,0,0,0
CAPINS.BSE_IDX,01/07/2025,09:14:07,2410.25,0,0,0,0,0,0
CAPINS.BSE_IDX,01/07/2025,09:14:15,2410.25,0,0,0,0,0,0
CAPINS.BSE_IDX,01/07/2025,09:14:23,2410.25,0,0,0,0,0,0
CAPINS.BSE_IDX,01/07/2025,09:14:31,2410.25,0,0,0,0,0,0
CAPINS.BSE_IDX,01/07/2025,09:14:39,2410.25,0,0,0,0,0,0
CAPINS.BSE_IDX,01/07/2025,09:14:47,2410.25,0,0,0,0,0,0
CAPINS.BSE_IDX,01/07/2025,09:14:55,2410.25,0,0,0,0,0,0
CAPINS.BSE_IDX,01/07/2025,09:15:04,2409.36,0,0,0,0,0,0
CAPINS.BSE_IDX,01/07/2025,09:15:11,2408.99,0,0,0,0,0,0
CAPINS.BSE_IDX,01/07/2025,09:15:19,2407.87,0,0,0,0,0,0
CAPINS.BSE_IDX,01/07/2025,09:15:27,2405.36,0,0,0,0,0,0
CAPINS.BSE_IDX,01/07/2025,09:15:35,2405.16,0,0,0,0,0,0
CAPINS.BSE_IDX,01/07/2025,09:15:43,2406.18,0,0,0,0,0,0
CAPINS.BSE_IDX,01/07/2025,09:15:51,2405.1,0,0,0,0,0,0
CAPINS.BSE_IDX,01/07/2025,09:15:59,2404.63,0,0,0,0,0,0
CAPINS.BSE_IDX,01/07/2025,09:16:07,2404.15,0,0,0,0,0,0
CAPINS.BSE_IDX,01/07/2025,09:16:15,2404.74,0,0,0,0,0,0
CAPINS.BSE_IDX,01/07/2025,09:16:24,2404.6,0,0,0,0,0,0
CAPINS.BSE_IDX,01/07/2025,09:16:31,2405.31,0,0,0,0,0,0
CAPINS.BSE_IDX,01/07/2025,09:16:39,2405.31,0,0,0,0,0,0
CAPINS.BSE_IDX,01/07/2025,09:16:48,2405.61,0,0,0,0,0,0
CAPINS.BSE_IDX,01/07/2025,09:16:55,2405.69,0,0,0,0,0,0
CAPINS.BSE_IDX,01/07/2025,09:17:03,2405.5,0,0,0,0,0,0
CAPINS.BSE_IDX,01/07/2025,09:17:12,2405.23,0,0,0,0,0,0
CAPINS.BSE_IDX,01/07/2025,09:17:19,2404.94,0,0,0,0,0,0
CAPINS.BSE_IDX,01/07/2025,09:17:27,2404.56,0,0,0,0,0,0
CAPINS.BSE_IDX,01/07/2025,09:17:35,2405.22,0,0,0,0,0,0
CAPINS.BSE_IDX,01/07/2025,09:17:44,2405.48,0,0,0,0,0,0
CAPINS.BSE_IDX,01/07/2025,09:17:51,2406.52,0,0,0,0,0,0
CAPINS.BSE_IDX,01/07/2025,09:17:59,2406.78,0,0,0,0,0,0
CAPINS.BSE_IDX,01/07/2025,09:18:07,2407.55,0,0,0,0,0,0
CAPINS.BSE_IDX,01/07/2025,09:18:15,2406.97,0,0,0,0,0,0
CAPINS.BSE_IDX,01/07/2025,09:18:23,2407.27,0,0,0,0,0,0
CAPINS.BSE_IDX,01/07/2025,09:18:31,2407.53,0,0,0,0,0,0
CAPINS.BSE_IDX,01/07/2025,09:18:39,2407.47,0,0,0,0,0,0
CAPINS.BSE_IDX,01/07/2025,09:18:47,2406.58,0,0,0,0,0,0
CAPINS.BSE_IDX,01/07/2025,09:18:56,2406.8,0,0,0,0,0,0
CAPINS.BSE_IDX,01/07/2025,09:19:03,2406.09,0,0,0,0,0,0
CAPINS.BSE_IDX,01/07/2025,09:19:11,2405.63,0,0,0,0,0,0
CAPINS.BSE_IDX,01/07/2025,09:19:19,2405.66,0,0,0,0,0,0
CAPINS.BSE_IDX,01/07/2025,09:19:28,2403.68,0,0,0,0,0,0
CAPINS.BSE_IDX,01/07/2025,09:19:35,2404.33,0,0,0,0,0,0
CAPINS.BSE_IDX,01/07/2025,09:19:43,2404.17,0,0,0,0,0,0
CAPINS.BSE_IDX,01/07/2025,09:19:52,2403.87,0,0,0,0,0,0
CAPINS.BSE_IDX,01/07/2025,09:19:59,2403.39,0,0,0,0,0,0
CAPINS.BSE_IDX,01/07/2025,09:20:07,2403.31,0,0,0,0,0,0
CAPINS.BSE_IDX,01/07/2025,09:20:15,2403.36,0,0,0,0,0,0
CAPINS.BSE_IDX,01/07/2025,09:20:24,2402.28,0,0,0,0,0,0
CAPINS.BSE_IDX,01/07/2025,09:20:31,2401.46,0,0,0,0,0,0
CAPINS.BSE_IDX,01/07/2025,09:20:39,2401.09,0,0,0,0,0,0
CAPINS.BSE_IDX,01/07/2025,09:20:47,2400.96,0,0,0,0,0,0
CAPINS.BSE_IDX,01/07/2025,09:20:55,2400.43,0,0,0,0,0,0
CAPINS.BSE_IDX,01/07/2025,09:21:03,2400.84,0,0,0,0,0,0
CAPINS.BSE_IDX,01/07/2025,09:21:11,2400.9,0,0,0,0,0,0
CAPINS.BSE_IDX,01/07/2025,09:21:19,2402.56,0,0,0,0,0,0
CAPINS.BSE_IDX,01/07/2025,09:21:27,2402.85,0,0,0,0,0,0
CAPINS.BSE_IDX,01/07/2025,09:21:36,2402.61,0,0,0,0,0,0
CAPINS.BSE_IDX,01/07/2025,09:21:43,2402.77,0,0,0,0,0,0
CAPINS.BSE_IDX,01/07/2025,09:21:51,2403.34,0,0,0,0,0,0
CAPINS.BSE_IDX,01/07/2025,09:22:00,2403.51,0,0,0,0,0,0
CAPINS.BSE_IDX,01/07/2025,09:22:07,2404.15,0,0,0,0,0,0
CAPINS.BSE_IDX,01/07/2025,09:22:15,2404.5,0,0,0,0,0,0
CAPINS.BSE_IDX,01/07/2025,09:22:23,2404.48,0,0,0,0,0,0
CAPINS.BSE_IDX,01/07/2025,09:22:31,2403.95,0,0,0,0,0,0
CAPINS.BSE_IDX,01/07/2025,09:22:39,2403.67,0,0,0,0,0,0
CAPINS.BSE_IDX,01/07/2025,09:22:47,2403.66,0,0,0,0,0,0
CAPINS.BSE_IDX,01/07/2025,09:22:55,2403.52,0,0,0,0,0,0
CAPINS.BSE_IDX,01/07/2025,09:23:03,2404.13,0,0,0,0,0,0
CAPINS.BSE_IDX,01/07/2025,09:23:11,2403.47,0,0,0,0,0,0
CAPINS.BSE_IDX,01/07/2025,09:23:20,2403.37,0,0,0,0,0,0
CAPINS.BSE_IDX,01/07/2025,09:23:27,2403.54,0,0,0,0,0,0
CAPINS.BSE_IDX,01/07/2025,09:23:35,2403.39,0,0,0,0,0,0
CAPINS.BSE_IDX,01/07/2025,09:23:44,2403.21,0,0,0,0,0,0
CAPINS.BSE_IDX,01/07/2025,09:23:51,2402.65,0,0,0,0,0,0
CAPINS.BSE_IDX,01/07/2025,09:23:59,2402.38,0,0,0,0,0,0
CAPINS.BSE_IDX,01/07/2025,09:24:08,2402.36,0,0,0,0,0,0
CAPINS.BSE_IDX,01/07/2025,09:24:16,2402.02,0,0,0,0,0,0
CAPINS.BSE_IDX,01/07/2025,09:24:23,2401.44,0,0,0,0,0,0
CAPINS.BSE_IDX,01/07/2025,09:24:32,2401.76,0,0,0,0,0,0
CAPINS.BSE_IDX,01/07/2025,09:24:39,2402.15,0,0,0,0,0,0
CAPINS.BSE_IDX,01/07/2025,09:24:48,2401.98,0,0,0,0,0,0
CAPINS.BSE_IDX,01/07/2025,09:24:57,2402.12,0,0,0,0,0,0
CAPINS.BSE_IDX,01/07/2025,09:25:03,2401.73,0,0,0,0,0,0
CAPINS.BSE_IDX,01/07/2025,09:25:12,2401.71,0,0,0,0,0,0
CAPINS.BSE_IDX,01/07/2025,09:25:20,2401.96,0,0,0,0,0,0
CAPINS.BSE_IDX,01/07/2025,09:25:29,2402.06,0,0,0,0,0,0
CAPINS.BSE_IDX,01/07/2025,09:25:35,2402.35,0,0,0,0,0,0
CAPINS.BSE_IDX,01/07/2025,09:25:43,2402.4,0,0,0,0,0,0
CAPINS.BSE_IDX,01/07/2025,09:25:51,2402.39,0,0,0,0,0,0
CAPINS.BSE_IDX,01/07/2025,09:25:59,2402.44,0,0,0,0,0,0
CAPINS.BSE_IDX,01/07/2025,09:26:08,2402.54,0,0,0,0,0,0
CAPINS.BSE_IDX,01/07/2025,09:26:15,2403.23,0,0,0,0,0,0
CAPINS.BSE_IDX,01/07/2025,09:26:24,2402.95,0,0,0,0,0,0
CAPINS.BSE_IDX,01/07/2025,09:26:31,2402.97,0,0,0,0,0,0
CAPINS.BSE_IDX,01/07/2025,09:26:40,2403.09,0,0,0,0,0,0
CAPINS.BSE_IDX,01/07/2025,09:26:48,2403.04,0,0,0,0,0,0
CAPINS.BSE_IDX,01/07/2025,09:26:55,2403.33,0,0,0,0,0,0
CAPINS.BSE_IDX,01/07/2025,09:27:04,2403.56,0,0,0,0,0,0
CAPINS.BSE_IDX,01/07/2025,09:27:12,2403.32,0,0,0,0,0,0
CAPINS.BSE_IDX,01/07/2025,09:27:19,2403.63,0,0,0,0,0,0
CAPINS.BSE_IDX,01/07/2025,09:27:28,2403.35,0,0,0,0,0,0
CAPINS.BSE_IDX,01/07/2025,09:27:36,2403.52,0,0,0,0,0,0
CAPINS.BSE_IDX,01/07/2025,09:27:44,2402.83,0,0,0,0,0,0
CAPINS.BSE_IDX,01/07/2025,09:27:52,2402.87,0,0,0,0,0,0
CAPINS.BSE_IDX,01/07/2025,09:28:00,2402.85,0,0,0,0,0,0
CAPINS.BSE_IDX,01/07/2025,09:28:08,2402.78,0,0,0,0,0,0
CAPINS.BSE_IDX,01/07/2025,09:28:16,2402.25,0,0,0,0,0,0
CAPINS.BSE_IDX,01/07/2025,09:28:24,2401.46,0,0,0,0,0,0
CAPINS.BSE_IDX,01/07/2025,09:28:32,2401.14,0,0,0,0,0,0
CAPINS.BSE_IDX,01/07/2025,09:28:40,2401.18,0,0,0,0,0,0
CAPINS.BSE_IDX,01/07/2025,09:28:48,2401.23,0,0,0,0,0,0
CAPINS.BSE_IDX,01/07/2025,09:28:56,2401.75,0,0,0,0,0,0
CAPINS.BSE_IDX,01/07/2025,09:29:04,2401.72,0,0,0,0,0,0
CAPINS.BSE_IDX,01/07/2025,09:29:12,2401.25,0,0,0,0,0,0
CAPINS.BSE_IDX,01/07/2025,09:29:20,2401.01,0,0,0,0,0,0
CAPINS.BSE_IDX,01/07/2025,09:29:28,2400.59,0,0,0,0,0,0
CAPINS.BSE_IDX,01/07/2025,09:29:36,2400.53,0,0,0,0,0,0
CAPINS.BSE_IDX,01/07/2025,09:29:44,2399.96,0,0,0,0,0,0
CAPINS.BSE_IDX,01/07/2025,09:29:52,2400.02,0,0,0,0,0,0
CAPINS.BSE_IDX,01/07/2025,09:30:00,2400.1,0,0,0,0,0,0
CAPINS.BSE_IDX,01/07/2025,09:30:08,2400.06,0,0,0,0,0,0
CAPINS.BSE_IDX,01/07/2025,09:30:16,2400.46,0,0,0,0,0,0
CAPINS.BSE_IDX,01/07/2025,09:30:24,2400.88,0,0,0,0,0,0
CAPINS.BSE_IDX,01/07/2025,09:30:32,2401.29,0,0,0,0,0,0
CAPINS.BSE_IDX,01/07/2025,09:30:40,2401.71,0,0,0,0,0,0
CAPINS.BSE_IDX,01/07/2025,09:30:48,2401.59,0,0,0,0,0,0
CAPINS.BSE_IDX,01/07/2025,09:30:56,2400.85,0,0,0,0,0,0
CAPINS.BSE_IDX,01/07/2025,09:31:04,2400.79,0,0,0,0,0,0
CAPINS.BSE_IDX,01/07/2025,09:31:12,2400.76,0,0,0,0,0,0
CAPINS.BSE_IDX,01/07/2025,09:31:20,2400.06,0,0,0,0,0,0
CAPINS.BSE_IDX,01/07/2025,09:31:28,2399.64,0,0,0,0,0,0
CAPINS.BSE_IDX,01/07/2025,09:31:36,2399.77,0,0,0,0,0,0
CAPINS.BSE_IDX,01/07/2025,09:31:44,2399.83,0,0,0,0,0,0
CAPINS.BSE_IDX,01/07/2025,09:31:52,2399.71,0,0,0,0,0,0
CAPINS.BSE_IDX,01/07/2025,09:32:00,2400.63,0,0,0,0,0,0
CAPINS.BSE_IDX,01/07/2025,09:32:08,2400.11,0,0,0,0,0,0
CAPINS.BSE_IDX,01/07/2025,09:32:16,2400.02,0,0,0,0,0,0
CAPINS.BSE_IDX,01/07/2025,09:32:24,2399.49,0,0,0,0,0,0
CAPINS.BSE_IDX,01/07/2025,09:32:32,2399.56,0,0,0,0,0,0
CAPINS.BSE_IDX,01/07/2025,09:32:40,2399.75,0,0,0,0,0,0
CAPINS.BSE_IDX,01/07/2025,09:32:48,2399.8,0,0,0,0,0,0
CAPINS.BSE_IDX,01/07/2025,09:32:56,2400,0,0,0,0,0,0
CAPINS.BSE_IDX,01/07/2025,09:33:04,2400.09,0,0,0,0,0,0
CAPINS.BSE_IDX,01/07/2025,09:33:12,2400.17,0,0,0,0,0,0
CAPINS.BSE_IDX,01/07/2025,09:33:20,2400.37,0,0,0,0,0,0
CAPINS.BSE_IDX,01/07/2025,09:33:28,2400.33,0,0,0,0,0,0
CAPINS.BSE_IDX,01/07/2025,09:33:36,2399.86,0,0,0,0,0,0
CAPINS.BSE_IDX,01/07/2025,09:33:44,2399.89,0,0,0,0,0,0
CAPINS.BSE_IDX,01/07/2025,09:33:52,2399.91,0,0,0,0,0,0
CAPINS.BSE_IDX,01/07/2025,09:34:00,2400.23,0,0,0,0,0,0
CAPINS.BSE_IDX,01/07/2025,09:34:08,2400.37,0,0,0,0,0,0
CAPINS.BSE_IDX,01/07/2025,09:34:16,2400.43,0,0,0,0,0,0
CAPINS.BSE_IDX,01/07/2025,09:34:24,2400.69,0,0,0,0,0,0
CAPINS.BSE_IDX,01/07/2025,09:34:32,2401.41,0,0,0,0,0,0
CAPINS.BSE_IDX,01/07/2025,09:34:40,2401.73,0,0,0,0,0,0
CAPINS.BSE_IDX,01/07/2025,09:34:48,2401.6,0,0,0,0,0,0
CAPINS.BSE_IDX,01/07/2025,09:34:56,2401.87,0,0,0,0,0,0
CAPINS.BSE_IDX,01/07/2025,09:35:05,2402.48,0,0,0,0,0,0
CAPINS.BSE_IDX,01/07/2025,09:35:12,2402.64,0,0,0,0,0,0
CAPINS.BSE_IDX,01/07/2025,09:35:20,2402.62,0,0,0,0,0,0
CAPINS.BSE_IDX,01/07/2025,09:35:28,2403.06,0,0,0,0,0,0
CAPINS.BSE_IDX,01/07/2025,09:35:36,2403.86,0,0,0,0,0,0
CAPINS.BSE_IDX,01/07/2025,09:35:44,2404.01,0,0,0,0,0,0
CAPINS.BSE_IDX,01/07/2025,09:35:52,2403.83,0,0,0,0,0,0
CAPINS.BSE_IDX,01/07/2025,09:36:00,2403.87,0,0,0,0,0,0
CAPINS.BSE_IDX,01/07/2025,09:36:08,2403.83,0,0,0,0,0,0
CAPINS.BSE_IDX,01/07/2025,09:36:16,2403.97,0,0,0,0,0,0
CAPINS.BSE_IDX,01/07/2025,09:36:24,2403.43,0,0,0,0,0,0
CAPINS.BSE_IDX,01/07/2025,09:36:33,2403.36,0,0,0,0,0,0
CAPINS.BSE_IDX,01/07/2025,09:36:40,2403.28,0,0,0,0,0,0
CAPINS.BSE_IDX,01/07/2025,09:36:48,2403.2,0,0,0,0,0,0
CAPINS.BSE_IDX,01/07/2025,09:36:56,2403.37,0,0,0,0,0,0
CAPINS.BSE_IDX,01/07/2025,09:37:04,2403.33,0,0,0,0,0,0
CAPINS.BSE_IDX,01/07/2025,09:37:12,2403.18,0,0,0,0,0,0
CAPINS.BSE_IDX,01/07/2025,09:37:20,2402.8,0,0,0,0,0,0
CAPINS.BSE_IDX,01/07/2025,09:37:28,2402.66,0,0,0,0,0,0
CAPINS.BSE_IDX,01/07/2025,09:37:36,2402.5,0,0,0,0,0,0
CAPINS.BSE_IDX,01/07/2025,09:37:44,2402.54,0,0,0,0,0,0
CAPINS.BSE_IDX,01/07/2025,09:37:52,2402.91,0,0,0,0,0,0
CAPINS.BSE_IDX,01/07/2025,09:38:00,2403.03,0,0,0,0,0,0
CAPINS.BSE_IDX,01/07/2025,09:38:08,2403.02,0,0,0,0,0,0
CAPINS.BSE_IDX,01/07/2025,09:38:16,2403.17,0,0,0,0,0,0
CAPINS.BSE_IDX,01/07/2025,09:38:24,2403.69,0,0,0,0,0,0
CAPINS.BSE_IDX,01/07/2025,09:38:32,2403.57,0,0,0,0,0,0
CAPINS.BSE_IDX,01/07/2025,09:38:40,2403.38,0,0,0,0,0,0
CAPINS.BSE_IDX,01/07/2025,09:38:48,2403.36,0,0,0,0,0,0
CAPINS.BSE_IDX,01/07/2025,09:38:56,2403.34,0,0,0,0,0,0
CAPINS.BSE_IDX,01/07/2025,09:39:04,2402.83,0,0,0,0,0,0
CAPINS.BSE_IDX,01/07/2025,09:39:12,2403.06,0,0,0,0,0,0
CAPINS.BSE_IDX,01/07/2025,09:39:20,2403.22,0,0,0,0,0,0
CAPINS.BSE_IDX,01/07/2025,09:39:28,2403.34,0,0,0,0,0,0
CAPINS.BSE_IDX,01/07/2025,09:39:36,2403.58,0,0,0,0,0,0
CAPINS.BSE_IDX,01/07/2025,09:39:44,2403.95,0,0,0,0,0,0
CAPINS.BSE_IDX,01/07/2025,09:39:52,2403.85,0,0,0,0,0,0
CAPINS.BSE_IDX,01/07/2025,09:40:00,2403.87,0,0,0,0,0,0
CAPINS.BSE_IDX,01/07/2025,09:40:08,2403.68,0,0,0,0,0,0
CAPINS.BSE_IDX,01/07/2025,09:40:16,2403.08,0,0,0,0,0,0
CAPINS.BSE_IDX,01/07/2025,09:40:24,2403.66,0,0,0,0,0,0
CAPINS.BSE_IDX,01/07/2025,09:40:32,2403.54,0,0,0,0,0,0
CAPINS.BSE_IDX,01/07/2025,09:40:40,2403.11,0,0,0,0,0,0
CAPINS.BSE_IDX,01/07/2025,09:40:48,2403.13,0,0,0,0,0,0
CAPINS.BSE_IDX,01/07/2025,09:40:56,2403.16,0,0,0,0,0,0
CAPINS.BSE_IDX,01/07/2025,09:41:04,2402.62,0,0,0,0,0,0
CAPINS.BSE_IDX,01/07/2025,09:41:12,2402.59,0,0,0,0,0,0
CAPINS.BSE_IDX,01/07/2025,09:41:20,2402.7,0,0,0,0,0,0
CAPINS.BSE_IDX,01/07/2025,09:41:28,2403.06,0,0,0,0,0,0
CAPINS.BSE_IDX,01/07/2025,09:41:36,2402.96,0,0,0,0,0,0
CAPINS.BSE_IDX,01/07/2025,09:41:44,2402.55,0,0,0,0,0,0
CAPINS.BSE_IDX,01/07/2025,09:41:52,2402.31,0,0,0,0,0,0
CAPINS.BSE_IDX,01/07/2025,09:42:00,2402.5,0,0,0,0,0,0
CAPINS.BSE_IDX,01/07/2025,09:42:08,2402.41,0,0,0,0,0,0
CAPINS.BSE_IDX,01/07/2025,09:42:16,2402.57,0,0,0,0,0,0
CAPINS.BSE_IDX,01/07/2025,09:42:24,2402.73,0,0,0,0,0,0
CAPINS.BSE_IDX,01/07/2025,09:42:32,2402.66,0,0,0,0,0,0
CAPINS.BSE_IDX,01/07/2025,09:42:40,2402.17,0,0,0,0,0,0
CAPINS.BSE_IDX,01/07/2025,09:42:48,2402.43,0,0,0,0,0,0
CAPINS.BSE_IDX,01/07/2025,09:42:56,2402.64,0,0,0,0,0,0
CAPINS.BSE_IDX,01/07/2025,09:43:04,2402.44,0,0,0,0,0,0
CAPINS.BSE_IDX,01/07/2025,09:43:12,2401.96,0,0,0,0,0,0
CAPINS.BSE_IDX,01/07/2025,09:43:20,2402,0,0,0,0,0,0
CAPINS.BSE_IDX,01/07/2025,09:43:28,2401.7,0,0,0,0,0,0
CAPINS.BSE_IDX,01/07/2025,09:43:36,2401.72,0,0,0,0,0,0
CAPINS.BSE_IDX,01/07/2025,09:43:44,2402.01,0,0,0,0,0,0
CAPINS.BSE_IDX,01/07/2025,09:43:53,2401.98,0,0,0,0,0,0
CAPINS.BSE_IDX,01/07/2025,09:44:00,2402.23,0,0,0,0,0,0
CAPINS.BSE_IDX,01/07/2025,09:44:08,2402.13,0,0,0,0,0,0
CAPINS.BSE_IDX,01/07/2025,09:44:16,2402,0,0,0,0,0,0
CAPINS.BSE_IDX,01/07/2025,09:44:24,2402.1,0,0,0,0,0,0
CAPINS.BSE_IDX,01/07/2025,09:44:32,2402.25,0,0,0,0,0,0
CAPINS.BSE_IDX,01/07/2025,09:44:40,2402.29,0,0,0,0,0,0
CAPINS.BSE_IDX,01/07/2025,09:44:48,2402.29,0,0,0,0,0,0
CAPINS.BSE_IDX,01/07/2025,09:44:56,2402.27,0,0,0,0,0,0
CAPINS.BSE_IDX,01/07/2025,09:45:05,2401.88,0,0,0,0,0,0
CAPINS.BSE_IDX,01/07/2025,09:45:12,2401.69,0,0,0,0,0,0
CAPINS.BSE_IDX,01/07/2025,09:45:20,2401.67,0,0,0,0,0,0
CAPINS.BSE_IDX,01/07/2025,09:45:28,2401.86,0,0,0,0,0,0
CAPINS.BSE_IDX,01/07/2025,09:45:36,2401.96,0,0,0,0,0,0
CAPINS.BSE_IDX,01/07/2025,09:45:44,2402.01,0,0,0,0,0,0
CAPINS.BSE_IDX,01/07/2025,09:45:52,2402.5,0,0,0,0,0,0
CAPINS.BSE_IDX,01/07/2025,09:46:01,2402.68,0,0,0,0,0,0
CAPINS.BSE_IDX,01/07/2025,09:46:08,2402.67,0,0,0,0,0,0
CAPINS.BSE_IDX,01/07/2025,09:46:16,2403.04,0,0,0,0,0,0
CAPINS.BSE_IDX,01/07/2025,09:46:24,2403.11,0,0,0,0,0,0
CAPINS.BSE_IDX,01/07/2025,09:46:32,2402.97,0,0,0,0,0,0
CAPINS.BSE_IDX,01/07/2025,09:46:40,2403.05,0,0,0,0,0,0
CAPINS.BSE_IDX,01/07/2025,09:46:48,2404.15,0,0,0,0,0,0
CAPINS.BSE_IDX,01/07/2025,09:46:56,2404.08,0,0,0,0,0,0
CAPINS.BSE_IDX,01/07/2025,09:47:04,2404.49,0,0,0,0,0,0
CAPINS.BSE_IDX,01/07/2025,09:47:12,2404.64,0,0,0,0,0,0
CAPINS.BSE_IDX,01/07/2025,09:47:20,2404.79,0,0,0,0,0,0
CAPINS.BSE_IDX,01/07/2025,09:47:28,2405.31,0,0,0,0,0,0
CAPINS.BSE_IDX,01/07/2025,09:47:36,2405.19,0,0,0,0,0,0
CAPINS.BSE_IDX,01/07/2025,09:47:44,2405.62,0,0,0,0,0,0
CAPINS.BSE_IDX,01/07/2025,09:47:52,2405.91,0,0,0,0,0,0
CAPINS.BSE_IDX,01/07/2025,09:48:00,2406.69,0,0,0,0,0,0
CAPINS.BSE_IDX,01/07/2025,09:48:08,2406.9,0,0,0,0,0,0
CAPINS.BSE_IDX,01/07/2025,09:48:16,2407.51,0,0,0,0,0,0
CAPINS.BSE_IDX,01/07/2025,09:48:24,2407.81,0,0,0,0,0,0
CAPINS.BSE_IDX,01/07/2025,09:48:32,2407.61,0,0,0,0,0,0
CAPINS.BSE_IDX,01/07/2025,09:48:40,2407.68,0,0,0,0,0,0
CAPINS.BSE_IDX,01/07/2025,09:48:48,2407.72,0,0,0,0,0,0
CAPINS.BSE_IDX,01/07/2025,09:48:56,2407.72,0,0,0,0,0,0
CAPINS.BSE_IDX,01/07/2025,09:49:04,2408.14,0,0,0,0,0,0
CAPINS.BSE_IDX,01/07/2025,09:49:12,2408.36,0,0,0,0,0,0
CAPINS.BSE_IDX,01/07/2025,09:49:20,2408.28,0,0,0,0,0,0
CAPINS.BSE_IDX,01/07/2025,09:49:28,2408.85,0,0,0,0,0,0
CAPINS.BSE_IDX,01/07/2025,09:49:36,2408.77,0,0,0,0,0,0
CAPINS.BSE_IDX,01/07/2025,09:49:44,2409.1,0,0,0,0,0,0
CAPINS.BSE_IDX,01/07/2025,09:49:52,2409.99,0,0,0,0,0,0
CAPINS.BSE_IDX,01/07/2025,09:50:00,2410.17,0,0,0,0,0,0
CAPINS.BSE_IDX,01/07/2025,09:50:08,2410.46,0,0,0,0,0,0
CAPINS.BSE_IDX,01/07/2025,09:50:16,2410.72,0,0,0,0,0,0
CAPINS.BSE_IDX,01/07/2025,09:50:24,2410.65,0,0,0,0,0,0
CAPINS.BSE_IDX,01/07/2025,09:50:32,2410.66,0,0,0,0,0,0
CAPINS.BSE_IDX,01/07/2025,09:50:40,2410.29,0,0,0,0,0,0
CAPINS.BSE_IDX,01/07/2025,09:50:48,2410.24,0,0,0,0,0,0
CAPINS.BSE_IDX,01/07/2025,09:50:57,2409.62,0,0,0,0,0,0
CAPINS.BSE_IDX,01/07/2025,09:51:04,2409.64,0,0,0,0,0,0
CAPINS.BSE_IDX,01/07/2025,09:51:12,2408.97,0,0,0,0,0,0
CAPINS.BSE_IDX,01/07/2025,09:51:20,2408.84,0,0,0,0,0,0
CAPINS.BSE_IDX,01/07/2025,09:51:28,2409.08,0,0,0,0,0,0
CAPINS.BSE_IDX,01/07/2025,09:51:37,2408.57,0,0,0,0,0,0
CAPINS.BSE_IDX,01/07/2025,09:51:44,2409,0,0,0,0,0,0
CAPINS.BSE_IDX,01/07/2025,09:51:52,2408.97,0,0,0,0,0,0
CAPINS.BSE_IDX,01/07/2025,09:52:01,2408.4,0,0,0,0,0,0
CAPINS.BSE_IDX,01/07/2025,09:52:08,2408.13,0,0,0,0,0,0
CAPINS.BSE_IDX,01/07/2025,09:52:17,2408.01,0,0,0,0,0,0
CAPINS.BSE_IDX,01/07/2025,09:52:24,2407.7,0,0,0,0,0,0
CAPINS.BSE_IDX,01/07/2025,09:52:32,2407.01,0,0,0,0,0,0
CAPINS.BSE_IDX,01/07/2025,09:52:40,2407.26,0,0,0,0,0,0
CAPINS.BSE_IDX,01/07/2025,09:52:48,2407.19,0,0,0,0,0,0
CAPINS.BSE_IDX,01/07/2025,09:52:57,2407.15,0,0,0,0,0,0
CAPINS.BSE_IDX,01/07/2025,09:53:04,2407.1,0,0,0,0,0,0
CAPINS.BSE_IDX,01/07/2025,09:53:13,2407.06,0,0,0,0,0,0
CAPINS.BSE_IDX,01/07/2025,09:53:20,2407.17,0,0,0,0,0,0
CAPINS.BSE_IDX,01/07/2025,09:53:28,2407.36,0,0,0,0,0,0
CAPINS.BSE_IDX,01/07/2025,09:53:36,2407.42,0,0,0,0,0,0
CAPINS.BSE_IDX,01/07/2025,09:53:44,2407.63,0,0,0,0,0,0
CAPINS.BSE_IDX,01/07/2025,09:53:52,2407.81,0,0,0,0,0,0
CAPINS.BSE_IDX,01/07/2025,09:54:00,2407.77,0,0,0,0,0,0
CAPINS.BSE_IDX,01/07/2025,09:54:08,2407.47,0,0,0,0,0,0
CAPINS.BSE_IDX,01/07/2025,09:54:16,2407.35,0,0,0,0,0,0
CAPINS.BSE_IDX,01/07/2025,09:54:24,2407.3,0,0,0,0,0,0
CAPINS.BSE_IDX,01/07/2025,09:54:32,2407.12,0,0,0,0,0,0
CAPINS.BSE_IDX,01/07/2025,09:54:40,2406.5,0,0,0,0,0,0
CAPINS.BSE_IDX,01/07/2025,09:54:48,2406.66,0,0,0,0,0,0
CAPINS.BSE_IDX,01/07/2025,09:54:56,2406.64,0,0,0,0,0,0
CAPINS.BSE_IDX,01/07/2025,09:55:04,2406.67,0,0,0,0,0,0
CAPINS.BSE_IDX,01/07/2025,09:55:12,2406.65,0,0,0,0,0,0
CAPINS.BSE_IDX,01/07/2025,09:55:20,2406.66,0,0,0,0,0,0
CAPINS.BSE_IDX,01/07/2025,09:55:28,2406.65,0,0,0,0,0,0
CAPINS.BSE_IDX,01/07/2025,09:55:36,2406.87,0,0,0,0,0,0
CAPINS.BSE_IDX,01/07/2025,09:55:44,2406.75,0,0,0,0,0,0
CAPINS.BSE_IDX,01/07/2025,09:55:52,2406.79,0,0,0,0,0,0
CAPINS.BSE_IDX,01/07/2025,09:56:00,2406.49,0,0,0,0,0,0
CAPINS.BSE_IDX,01/07/2025,09:56:08,2406.7,0,0,0,0,0,0
CAPINS.BSE_IDX,01/07/2025,09:56:16,2406.85,0,0,0,0,0,0
CAPINS.BSE_IDX,01/07/2025,09:56:25,2407.14,0,0,0,0,0,0
CAPINS.BSE_IDX,01/07/2025,09:56:33,2407.34,0,0,0,0,0,0
CAPINS.BSE_IDX,01/07/2025,09:56:41,2407.62,0,0,0,0,0,0
CAPINS.BSE_IDX,01/07/2025,09:56:48,2408.04,0,0,0,0,0,0
CAPINS.BSE_IDX,01/07/2025,09:56:57,2408.23,0,0,0,0,0,0
CAPINS.BSE_IDX,01/07/2025,09:57:04,2408.27,0,0,0,0,0,0
CAPINS.BSE_IDX,01/07/2025,09:57:12,2408.44,0,0,0,0,0,0
CAPINS.BSE_IDX,01/07/2025,09:57:20,2408.79,0,0,0,0,0,0
CAPINS.BSE_IDX,01/07/2025,09:57:28,2409.44,0,0,0,0,0,0
CAPINS.BSE_IDX,01/07/2025,09:57:36,2409.58,0,0,0,0,0,0
CAPINS.BSE_IDX,01/07/2025,09:57:44,2409.76,0,0,0,0,0,0
CAPINS.BSE_IDX,01/07/2025,09:57:52,2409.14,0,0,0,0,0,0
CAPINS.BSE_IDX,01/07/2025,09:58:00,2409.33,0,0,0,0,0,0
CAPINS.BSE_IDX,01/07/2025,09:58:08,2409.41,0,0,0,0,0,0
CAPINS.BSE_IDX,01/07/2025,09:58:16,2409.73,0,0,0,0,0,0
CAPINS.BSE_IDX,01/07/2025,09:58:24,2409.77,0,0,0,0,0,0
CAPINS.BSE_IDX,01/07/2025,09:58:32,2409.84,0,0,0,0,0,0
CAPINS.BSE_IDX,01/07/2025,09:58:40,2409.73,0,0,0,0,0,0
CAPINS.BSE_IDX,01/07/2025,09:58:48,2409.61,0,0,0,0,0,0
CAPINS.BSE_IDX,01/07/2025,09:58:56,2409.55,0,0,0,0,0,0
CAPINS.BSE_IDX,01/07/2025,09:59:05,2409.56,0,0,0,0,0,0
CAPINS.BSE_IDX,01/07/2025,09:59:12,2409.53,0,0,0,0,0,0
CAPINS.BSE_IDX,01/07/2025,09:59:20,2409.44,0,0,0,0,0,0
CAPINS.BSE_IDX,01/07/2025,09:59:28,2409.47,0,0,0,0,0,0
CAPINS.BSE_IDX,01/07/2025,09:59:36,2409.69,0,0,0,0,0,0
CAPINS.BSE_IDX,01/07/2025,09:59:45,2409.76,0,0,0,0,0,0
CAPINS.BSE_IDX,01/07/2025,09:59:52,2410.01,0,0,0,0,0,0
CAPINS.BSE_IDX,01/07/2025,10:00:01,2410.17,0,0,0,0,0,0
CAPINS.BSE_IDX,01/07/2025,10:00:08,2410.62,0,0,0,0,0,0
CAPINS.BSE_IDX,01/07/2025,10:00:16,2410.75,0,0,0,0,0,0
CAPINS.BSE_IDX,01/07/2025,10:00:25,2410.68,0,0,0,0,0,0
CAPINS.BSE_IDX,01/07/2025,10:00:32,2410.61,0,0,0,0,0,0
CAPINS.BSE_IDX,01/07/2025,10:00:40,2410.7,0,0,0,0,0,0
CAPINS.BSE_IDX,01/07/2025,10:00:49,2410.48,0,0,0,0,0,0
CAPINS.BSE_IDX,01/07/2025,10:00:57,2410.29,0,0,0,0,0,0
CAPINS.BSE_IDX,01/07/2025,10:01:04,2410,0,0,0,0,0,0
CAPINS.BSE_IDX,01/07/2025,10:01:12,2409.55,0,0,0,0,0,0
CAPINS.BSE_IDX,01/07/2025,10:01:21,2409.6,0,0,0,0,0,0
CAPINS.BSE_IDX,01/07/2025,10:01:29,2409.72,0,0,0,0,0,0
CAPINS.BSE_IDX,01/07/2025,10:01:37,2409.71,0,0,0,0,0,0
CAPINS.BSE_IDX,01/07/2025,10:01:44,2409.58,0,0,0,0,0,0
CAPINS.BSE_IDX,01/07/2025,10:01:52,2409.38,0,0,0,0,0,0
CAPINS.BSE_IDX,01/07/2025,10:02:00,2409.46,0,0,0,0,0,0
CAPINS.BSE_IDX,01/07/2025,10:02:09,2409.32,0,0,0,0,0,0
CAPINS.BSE_IDX,01/07/2025,10:02:17,2409.34,0,0,0,0,0,0
CAPINS.BSE_IDX,01/07/2025,10:02:24,2409.06,0,0,0,0,0,0
CAPINS.BSE_IDX,01/07/2025,10:02:32,2409.16,0,0,0,0,0,0
CAPINS.BSE_IDX,01/07/2025,10:02:41,2408.93,0,0,0,0,0,0
CAPINS.BSE_IDX,01/07/2025,10:02:49,2409.22,0,0,0,0,0,0
CAPINS.BSE_IDX,01/07/2025,10:02:57,2409.16,0,0,0,0,0,0
CAPINS.BSE_IDX,01/07/2025,10:03:04,2408.88,0,0,0,0,0,0
CAPINS.BSE_IDX,01/07/2025,10:03:13,2408.55,0,0,0,0,0,0
CAPINS.BSE_IDX,01/07/2025,10:03:20,2407.51,0,0,0,0,0,0
CAPINS.BSE_IDX,01/07/2025,10:03:29,2407.28,0,0,0,0,0,0
CAPINS.BSE_IDX,01/07/2025,10:03:37,2407.27,0,0,0,0,0,0
CAPINS.BSE_IDX,01/07/2025,10:03:45,2407.15,0,0,0,0,0,0
CAPINS.BSE_IDX,01/07/2025,10:03:53,2407.23,0,0,0,0,0,0
CAPINS.BSE_IDX,01/07/2025,10:04:01,2407.22,0,0,0,0,0,0
CAPINS.BSE_IDX,01/07/2025,10:04:09,2407.28,0,0,0,0,0,0
CAPINS.BSE_IDX,01/07/2025,10:04:17,2407.37,0,0,0,0,0,0
CAPINS.BSE_IDX,01/07/2025,10:04:25,2407.35,0,0,0,0,0,0
CAPINS.BSE_IDX,01/07/2025,10:04:33,2407.15,0,0,0,0,0,0
CAPINS.BSE_IDX,01/07/2025,10:04:41,2407.21,0,0,0,0,0,0
CAPINS.BSE_IDX,01/07/2025,10:04:50,2407.27,0,0,0,0,0,0
CAPINS.BSE_IDX,01/07/2025,10:04:57,2407.55,0,0,0,0,0,0
CAPINS.BSE_IDX,01/07/2025,10:05:05,2407.06,0,0,0,0,0,0
CAPINS.BSE_IDX,01/07/2025,10:05:14,2406.87,0,0,0,0,0,0
CAPINS.BSE_IDX,01/07/2025,10:05:21,2406.7,0,0,0,0,0,0
CAPINS.BSE_IDX,01/07/2025,10:05:29,2406.56,0,0,0,0,0,0
CAPINS.BSE_IDX,01/07/2025,10:05:37,2406.59,0,0,0,0,0,0
CAPINS.BSE_IDX,01/07/2025,10:05:45,2406.94,0,0,0,0,0,0
CAPINS.BSE_IDX,01/07/2025,10:05:53,2407.21,0,0,0,0,0,0
CAPINS.BSE_IDX,01/07/2025,10:06:01,2407.26,0,0,0,0,0,0
CAPINS.BSE_IDX,01/07/2025,10:06:09,2407.38,0,0,0,0,0,0
CAPINS.BSE_IDX,01/07/2025,10:06:17,2407.41,0,0,0,0,0,0
CAPINS.BSE_IDX,01/07/2025,10:06:25,2407.32,0,0,0,0,0,0
CAPINS.BSE_IDX,01/07/2025,10:06:33,2407.18,0,0,0,0,0,0
CAPINS.BSE_IDX,01/07/2025,10:06:41,2407.79,0,0,0,0,0,0
CAPINS.BSE_IDX,01/07/2025,10:06:49,2407.88,0,0,0,0,0,0
CAPINS.BSE_IDX,01/07/2025,10:06:57,2407.99,0,0,0,0,0,0
CAPINS.BSE_IDX,01/07/2025,10:07:05,2408.29,0,0,0,0,0,0
CAPINS.BSE_IDX,01/07/2025,10:07:13,2408.2,0,0,0,0,0,0
CAPINS.BSE_IDX,01/07/2025,10:07:21,2408.41,0,0,0,0,0,0
CAPINS.BSE_IDX,01/07/2025,10:07:29,2408.57,0,0,0,0,0,0
CAPINS.BSE_IDX,01/07/2025,10:07:37,2409.09,0,0,0,0,0,0
CAPINS.BSE_IDX,01/07/2025,10:07:45,2409.05,0,0,0,0,0,0
CAPINS.BSE_IDX,01/07/2025,10:07:53,2408.86,0,0,0,0,0,0
CAPINS.BSE_IDX,01/07/2025,10:08:01,2408.71,0,0,0,0,0,0
CAPINS.BSE_IDX,01/07/2025,10:08:09,2408.69,0,0,0,0,0,0
CAPINS.BSE_IDX,01/07/2025,10:08:17,2408.68,0,0,0,0,0,0
CAPINS.BSE_IDX,01/07/2025,10:08:25,2408.66,0,0,0,0,0,0
CAPINS.BSE_IDX,01/07/2025,10:08:33,2408.09,0,0,0,0,0,0
CAPINS.BSE_IDX,01/07/2025,10:08:41,2408.18,0,0,0,0,0,0
CAPINS.BSE_IDX,01/07/2025,10:08:49,2408.3,0,0,0,0,0,0
CAPINS.BSE_IDX,01/07/2025,10:08:57,2408.27,0,0,0,0,0,0
CAPINS.BSE_IDX,01/07/2025,10:09:05,2407.61,0,0,0,0,0,0
CAPINS.BSE_IDX,01/07/2025,10:09:13,2407.45,0,0,0,0,0,0
CAPINS.BSE_IDX,01/07/2025,10:09:21,2407.29,0,0,0,0,0,0
CAPINS.BSE_IDX,01/07/2025,10:09:29,2406.84,0,0,0,0,0,0
CAPINS.BSE_IDX,01/07/2025,10:09:37,2407.01,0,0,0,0,0,0
CAPINS.BSE_IDX,01/07/2025,10:09:45,2406.98,0,0,0,0,0,0
CAPINS.BSE_IDX,01/07/2025,10:09:53,2407.23,0,0,0,0,0,0
CAPINS.BSE_IDX,01/07/2025,10:10:01,2407.35,0,0,0,0,0,0
CAPINS.BSE_IDX,01/07/2025,10:10:09,2407.41,0,0,0,0,0,0
CAPINS.BSE_IDX,01/07/2025,10:10:17,2407.5,0,0,0,0,0,0
CAPINS.BSE_IDX,01/07/2025,10:10:25,2407.63,0,0,0,0,0,0
CAPINS.BSE_IDX,01/07/2025,10:10:33,2407.64,0,0,0,0,0,0
CAPINS.BSE_IDX,01/07/2025,10:10:41,2407.5,0,0,0,0,0,0
CAPINS.BSE_IDX,01/07/2025,10:10:49,2407.47,0,0,0,0,0,0
CAPINS.BSE_IDX,01/07/2025,10:10:57,2407.47,0,0,0,0,0,0
CAPINS.BSE_IDX,01/07/2025,10:11:05,2407.24,0,0,0,0,0,0
CAPINS.BSE_IDX,01/07/2025,10:11:13,2407.09,0,0,0,0,0,0
CAPINS.BSE_IDX,01/07/2025,10:11:22,2406.82,0,0,0,0,0,0
CAPINS.BSE_IDX,01/07/2025,10:11:29,2406.65,0,0,0,0,0,0
CAPINS.BSE_IDX,01/07/2025,10:11:37,2406.68,0,0,0,0,0,0
CAPINS.BSE_IDX,01/07/2025,10:11:45,2406.78,0,0,0,0,0,0
CAPINS.BSE_IDX,01/07/2025,10:11:53,2406.64,0,0,0,0,0,0
CAPINS.BSE_IDX,01/07/2025,10:12:01,2406.82,0,0,0,0,0,0
CAPINS.BSE_IDX,01/07/2025,10:12:09,2406.36,0,0,0,0,0,0
CAPINS.BSE_IDX,01/07/2025,10:12:17,2406.27,0,0,0,0,0,0
CAPINS.BSE_IDX,01/07/2025,10:12:25,2405.9,0,0,0,0,0,0
CAPINS.BSE_IDX,01/07/2025,10:12:33,2405.35,0,0,0,0,0,0
CAPINS.BSE_IDX,01/07/2025,10:12:41,2405.09,0,0,0,0,0,0
CAPINS.BSE_IDX,01/07/2025,10:12:49,2404.65,0,0,0,0,0,0
CAPINS.BSE_IDX,01/07/2025,10:12:57,2404.34,0,0,0,0,0,0
CAPINS.BSE_IDX,01/07/2025,10:13:05,2404.46,0,0,0,0,0,0
CAPINS.BSE_IDX,01/07/2025,10:13:13,2404.46,0,0,0,0,0,0
CAPINS.BSE_IDX,01/07/2025,10:13:21,2404.25,0,0,0,0,0,0
CAPINS.BSE_IDX,01/07/2025,10:13:29,2404.42,0,0,0,0,0,0
CAPINS.BSE_IDX,01/07/2025,10:13:37,2403.57,0,0,0,0,0,0
CAPINS.BSE_IDX,01/07/2025,10:13:45,2403.76,0,0,0,0,0,0
CAPINS.BSE_IDX,01/07/2025,10:13:53,2403.6,0,0,0,0,0,0
CAPINS.BSE_IDX,01/07/2025,10:14:01,2403.4,0,0,0,0,0,0
CAPINS.BSE_IDX,01/07/2025,10:14:09,2403.29,0,0,0,0,0,0
CAPINS.BSE_IDX,01/07/2025,10:14:17,2403.26,0,0,0,0,0,0
CAPINS.BSE_IDX,01/07/2025,10:14:25,2403.05,0,0,0,0,0,0
CAPINS.BSE_IDX,01/07/2025,10:14:33,2402.86,0,0,0,0,0,0
CAPINS.BSE_IDX,01/07/2025,10:14:41,2402.53,0,0,0,0,0,0
CAPINS.BSE_IDX,01/07/2025,10:14:49,2402.48,0,0,0,0,0,0
CAPINS.BSE_IDX,01/07/2025,10:14:57,2402.43,0,0,0,0,0,0
CAPINS.BSE_IDX,01/07/2025,10:15:05,2402.15,0,0,0,0,0,0
CAPINS.BSE_IDX,01/07/2025,10:15:13,2401.95,0,0,0,0,0,0
CAPINS.BSE_IDX,01/07/2025,10:15:21,2401.88,0,0,0,0,0,0
CAPINS.BSE_IDX,01/07/2025,10:15:29,2401.72,0,0,0,0,0,0
CAPINS.BSE_IDX,01/07/2025,10:15:37,2401.96,0,0,0,0,0,0
CAPINS.BSE_IDX,01/07/2025,10:15:45,2401.98,0,0,0,0,0,0
CAPINS.BSE_IDX,01/07/2025,10:15:53,2401.64,0,0,0,0,0,0
CAPINS.BSE_IDX,01/07/2025,10:16:01,2401.54,0,0,0,0,0,0
CAPINS.BSE_IDX,01/07/2025,10:16:09,2401.57,0,0,0,0,0,0
CAPINS.BSE_IDX,01/07/2025,10:16:17,2401.27,0,0,0,0,0,0
CAPINS.BSE_IDX,01/07/2025,10:16:25,2401.4,0,0,0,0,0,0
CAPINS.BSE_IDX,01/07/2025,10:16:33,2401.37,0,0,0,0,0,0
CAPINS.BSE_IDX,01/07/2025,10:16:41,2401.4,0,0,0,0,0,0
CAPINS.BSE_IDX,01/07/2025,10:16:49,2401.58,0,0,0,0,0,0
CAPINS.BSE_IDX,01/07/2025,10:16:57,2400.97,0,0,0,0,0,0
CAPINS.BSE_IDX,01/07/2025,10:17:05,2401.07,0,0,0,0,0,0
CAPINS.BSE_IDX,01/07/2025,10:17:13,2400.9,0,0,0,0,0,0
CAPINS.BSE_IDX,01/07/2025,10:17:21,2400.89,0,0,0,0,0,0
CAPINS.BSE_IDX,01/07/2025,10:17:29,2400.74,0,0,0,0,0,0
CAPINS.BSE_IDX,01/07/2025,10:17:37,2401.01,0,0,0,0,0,0
CAPINS.BSE_IDX,01/07/2025,10:17:45,2401.07,0,0,0,0,0,0
CAPINS.BSE_IDX,01/07/2025,10:17:53,2401.95,0,0,0,0,0,0
CAPINS.BSE_IDX,01/07/2025,10:18:01,2402.29,0,0,0,0,0,0
CAPINS.BSE_IDX,01/07/2025,10:18:09,2402.36,0,0,0,0,0,0
CAPINS.BSE_IDX,01/07/2025,10:18:17,2402.67,0,0,0,0,0,0
CAPINS.BSE_IDX,01/07/2025,10:18:25,2402.54,0,0,0,0,0,0
CAPINS.BSE_IDX,01/07/2025,10:18:33,2402.64,0,0,0,0,0,0
CAPINS.BSE_IDX,01/07/2025,10:18:41,2402.56,0,0,0,0,0,0
CAPINS.BSE_IDX,01/07/2025,10:18:49,2402.83,0,0,0,0,0,0
CAPINS.BSE_IDX,01/07/2025,10:18:57,2402.76,0,0,0,0,0,0
CAPINS.BSE_IDX,01/07/2025,10:19:05,2402.72,0,0,0,0,0,0
CAPINS.BSE_IDX,01/07/2025,10:19:13,2402.82,0,0,0,0,0,0
CAPINS.BSE_IDX,01/07/2025,10:19:21,2403.61,0,0,0,0,0,0
CAPINS.BSE_IDX,01/07/2025,10:19:29,2403.72,0,0,0,0,0,0
CAPINS.BSE_IDX,01/07/2025,10:19:37,2403.62,0,0,0,0,0,0
CAPINS.BSE_IDX,01/07/2025,10:19:45,2403.39,0,0,0,0,0,0
CAPINS.BSE_IDX,01/07/2025,10:19:53,2403.05,0,0,0,0,0,0
CAPINS.BSE_IDX,01/07/2025,10:20:01,2403.2,0,0,0,0,0,0
CAPINS.BSE_IDX,01/07/2025,10:20:09,2403.36,0,0,0,0,0,0
CAPINS.BSE_IDX,01/07/2025,10:20:17,2403.56,0,0,0,0,0,0
CAPINS.BSE_IDX,01/07/2025,10:20:25,2403.11,0,0,0,0,0,0
CAPINS.BSE_IDX,01/07/2025,10:20:33,2403.42,0,0,0,0,0,0
CAPINS.BSE_IDX,01/07/2025,10:20:41,2403.2,0,0,0,0,0,0
CAPINS.BSE_IDX,01/07/2025,10:20:49,2403.17,0,0,0,0,0,0
CAPINS.BSE_IDX,01/07/2025,10:20:57,2402.99,0,0,0,0,0,0
CAPINS.BSE_IDX,01/07/2025,10:21:05,2403.11,0,0,0,0,0,0
CAPINS.BSE_IDX,01/07/2025,10:21:13,2403.11,0,0,0,0,0,0
CAPINS.BSE_IDX,01/07/2025,10:21:21,2402.9,0,0,0,0,0,0
CAPINS.BSE_IDX,01/07/2025,10:21:29,2402.89,0,0,0,0,0,0
CAPINS.BSE_IDX,01/07/2025,10:21:37,2402.71,0,0,0,0,0,0
CAPINS.BSE_IDX,01/07/2025,10:21:45,2402.81,0,0,0,0,0,0
CAPINS.BSE_IDX,01/07/2025,10:21:53,2403,0,0,0,0,0,0
CAPINS.BSE_IDX,01/07/2025,10:22:01,2403.22,0,0,0,0,0,0
CAPINS.BSE_IDX,01/07/2025,10:22:09,2403.21,0,0,0,0,0,0
CAPINS.BSE_IDX,01/07/2025,10:22:17,2402.85,0,0,0,0,0,0
CAPINS.BSE_IDX,01/07/2025,10:22:25,2402.86,0,0,0,0,0,0
CAPINS.BSE_IDX,01/07/2025,10:22:33,2402.8,0,0,0,0,0,0
CAPINS.BSE_IDX,01/07/2025,10:22:41,2403.05,0,0,0,0,0,0
CAPINS.BSE_IDX,01/07/2025,10:22:49,2402.99,0,0,0,0,0,0
CAPINS.BSE_IDX,01/07/2025,10:22:57,2402.81,0,0,0,0,0,0
CAPINS.BSE_IDX,01/07/2025,10:23:05,2402.83,0,0,0,0,0,0
CAPINS.BSE_IDX,01/07/2025,10:23:13,2403.05,0,0,0,0,0,0
CAPINS.BSE_IDX,01/07/2025,10:23:21,2402.96,0,0,0,0,0,0
CAPINS.BSE_IDX,01/07/2025,10:23:29,2403.07,0,0,0,0,0,0
CAPINS.BSE_IDX,01/07/2025,10:23:37,2403.36,0,0,0,0,0,0
CAPINS.BSE_IDX,01/07/2025,10:23:45,2403.15,0,0,0,0,0,0
CAPINS.BSE_IDX,01/07/2025,10:23:53,2403.24,0,0,0,0,0,0
CAPINS.BSE_IDX,01/07/2025,10:24:01,2403.13,0,0,0,0,0,0
CAPINS.BSE_IDX,01/07/2025,10:24:09,2403.19,0,0,0,0,0,0
CAPINS.BSE_IDX,01/07/2025,10:24:17,2402.88,0,0,0,0,0,0
CAPINS.BSE_IDX,01/07/2025,10:24:25,2402.56,0,0,0,0,0,0
CAPINS.BSE_IDX,01/07/2025,10:24:33,2402.25,0,0,0,0,0,0
CAPINS.BSE_IDX,01/07/2025,10:24:41,2402.61,0,0,0,0,0,0
CAPINS.BSE_IDX,01/07/2025,10:24:49,2402.5,0,0,0,0,0,0
CAPINS.BSE_IDX,01/07/2025,10:24:57,2402.31,0,0,0,0,0,0
CAPINS.BSE_IDX,01/07/2025,10:25:05,2402.49,0,0,0,0,0,0
CAPINS.BSE_IDX,01/07/2025,10:25:13,2402.74,0,0,0,0,0,0
CAPINS.BSE_IDX,01/07/2025,10:25:21,2402.47,0,0,0,0,0,0
CAPINS.BSE_IDX,01/07/2025,10:25:29,2402.4,0,0,0,0,0,0
CAPINS.BSE_IDX,01/07/2025,10:25:37,2402.21,0,0,0,0,0,0
CAPINS.BSE_IDX,01/07/2025,10:25:45,2402.32,0,0,0,0,0,0
CAPINS.BSE_IDX,01/07/2025,10:25:53,2402.48,0,0,0,0,0,0
CAPINS.BSE_IDX,01/07/2025,10:26:01,2402.66,0,0,0,0,0,0
CAPINS.BSE_IDX,01/07/2025,10:26:09,2402.73,0,0,0,0,0,0
CAPINS.BSE_IDX,01/07/2025,10:26:17,2402.79,0,0,0,0,0,0
CAPINS.BSE_IDX,01/07/2025,10:26:25,2402.65,0,0,0,0,0,0
CAPINS.BSE_IDX,01/07/2025,10:26:33,2402.9,0,0,0,0,0,0
CAPINS.BSE_IDX,01/07/2025,10:26:41,2402.8,0,0,0,0,0,0
CAPINS.BSE_IDX,01/07/2025,10:26:49,2402.8,0,0,0,0,0,0
CAPINS.BSE_IDX,01/07/2025,10:26:57,2402.62,0,0,0,0,0,0
CAPINS.BSE_IDX,01/07/2025,10:27:05,2402.63,0,0,0,0,0,0
CAPINS.BSE_IDX,01/07/2025,10:27:13,2402.48,0,0,0,0,0,0
CAPINS.BSE_IDX,01/07/2025,10:27:21,2402.54,0,0,0,0,0,0
CAPINS.BSE_IDX,01/07/2025,10:27:29,2402.69,0,0,0,0,0,0
CAPINS.BSE_IDX,01/07/2025,10:27:37,2402.63,0,0,0,0,0,0
CAPINS.BSE_IDX,01/07/2025,10:27:45,2402.46,0,0,0,0,0,0
CAPINS.BSE_IDX,01/07/2025,10:27:53,2402.49,0,0,0,0,0,0
CAPINS.BSE_IDX,01/07/2025,10:28:01,2402.74,0,0,0,0,0,0
CAPINS.BSE_IDX,01/07/2025,10:28:09,2402.76,0,0,0,0,0,0
CAPINS.BSE_IDX,01/07/2025,10:28:17,2402.75,0,0,0,0,0,0
CAPINS.BSE_IDX,01/07/2025,10:28:25,2402.74,0,0,0,0,0,0
CAPINS.BSE_IDX,01/07/2025,10:28:33,2402.5,0,0,0,0,0,0
CAPINS.BSE_IDX,01/07/2025,10:28:41,2402.16,0,0,0,0,0,0
CAPINS.BSE_IDX,01/07/2025,10:28:49,2402.22,0,0,0,0,0,0
CAPINS.BSE_IDX,01/07/2025,10:28:57,2402.33,0,0,0,0,0,0
CAPINS.BSE_IDX,01/07/2025,10:29:05,2402.28,0,0,0,0,0,0
CAPINS.BSE_IDX,01/07/2025,10:29:13,2402.62,0,0,0,0,0,0
CAPINS.BSE_IDX,01/07/2025,10:29:21,2402.55,0,0,0,0,0,0
CAPINS.BSE_IDX,01/07/2025,10:29:29,2402.49,0,0,0,0,0,0
CAPINS.BSE_IDX,01/07/2025,10:29:37,2402.2,0,0,0,0,0,0
CAPINS.BSE_IDX,01/07/2025,10:29:46,2402.13,0,0,0,0,0,0
CAPINS.BSE_IDX,01/07/2025,10:29:54,2402.12,0,0,0,0,0,0
CAPINS.BSE_IDX,01/07/2025,10:30:01,2402.08,0,0,0,0,0,0
CAPINS.BSE_IDX,01/07/2025,10:30:09,2402.27,0,0,0,0,0,0
CAPINS.BSE_IDX,01/07/2025,10:30:17,2402.1,0,0,0,0,0,0
CAPINS.BSE_IDX,01/07/2025,10:30:25,2402.24,0,0,0,0,0,0
CAPINS.BSE_IDX,01/07/2025,10:30:33,2402.13,0,0,0,0,0,0
CAPINS.BSE_IDX,01/07/2025,10:30:41,2402.16,0,0,0,0,0,0
CAPINS.BSE_IDX,01/07/2025,10:30:49,2402.23,0,0,0,0,0,0
CAPINS.BSE_IDX,01/07/2025,10:30:57,2402.32,0,0,0,0,0,0
CAPINS.BSE_IDX,01/07/2025,10:31:05,2402.26,0,0,0,0,0,0
CAPINS.BSE_IDX,01/07/2025,10:31:13,2402.22,0,0,0,0,0,0
CAPINS.BSE_IDX,01/07/2025,10:31:22,2402.34,0,0,0,0,0,0
CAPINS.BSE_IDX,01/07/2025,10:31:29,2402.31,0,0,0,0,0,0
CAPINS.BSE_IDX,01/07/2025,10:31:37,2402.16,0,0,0,0,0,0
CAPINS.BSE_IDX,01/07/2025,10:31:46,2402.17,0,0,0,0,0,0
CAPINS.BSE_IDX,01/07/2025,10:31:53,2402.4,0,0,0,0,0,0
CAPINS.BSE_IDX,01/07/2025,10:32:01,2402.43,0,0,0,0,0,0
CAPINS.BSE_IDX,01/07/2025,10:32:10,2402.48,0,0,0,0,0,0
CAPINS.BSE_IDX,01/07/2025,10:32:17,2402.58,0,0,0,0,0,0
CAPINS.BSE_IDX,01/07/2025,10:32:25,2402.72,0,0,0,0,0,0
CAPINS.BSE_IDX,01/07/2025,10:32:33,2402.78,0,0,0,0,0,0
CAPINS.BSE_IDX,01/07/2025,10:32:41,2402.32,0,0,0,0,0,0
CAPINS.BSE_IDX,01/07/2025,10:32:49,2402.28,0,0,0,0,0,0
CAPINS.BSE_IDX,01/07/2025,10:32:57,2402.32,0,0,0,0,0,0
CAPINS.BSE_IDX,01/07/2025,10:33:06,2402.32,0,0,0,0,0,0
CAPINS.BSE_IDX,01/07/2025,10:33:13,2402.63,0,0,0,0,0,0
CAPINS.BSE_IDX,01/07/2025,10:33:22,2402.25,0,0,0,0,0,0
CAPINS.BSE_IDX,01/07/2025,10:33:29,2402.17,0,0,0,0,0,0
CAPINS.BSE_IDX,01/07/2025,10:33:37,2402.43,0,0,0,0,0,0
CAPINS.BSE_IDX,01/07/2025,10:33:45,2402.97,0,0,0,0,0,0
CAPINS.BSE_IDX,01/07/2025,10:33:53,2403.01,0,0,0,0,0,0
CAPINS.BSE_IDX,01/07/2025,10:34:01,2402.92,0,0,0,0,0,0
CAPINS.BSE_IDX,01/07/2025,10:34:09,2402.97,0,0,0,0,0,0
CAPINS.BSE_IDX,01/07/2025,10:34:17,2403.06,0,0,0,0,0,0
CAPINS.BSE_IDX,01/07/2025,10:34:25,2402.78,0,0,0,0,0,0
CAPINS.BSE_IDX,01/07/2025,10:34:33,2402.91,0,0,0,0,0,0
CAPINS.BSE_IDX,01/07/2025,10:34:41,2403.51,0,0,0,0,0,0
CAPINS.BSE_IDX,01/07/2025,10:34:49,2403.39,0,0,0,0,0,0
CAPINS.BSE_IDX,01/07/2025,10:34:58,2403.28,0,0,0,0,0,0
CAPINS.BSE_IDX,01/07/2025,10:35:06,2403.35,0,0,0,0,0,0
CAPINS.BSE_IDX,01/07/2025,10:35:14,2403.49,0,0,0,0,0,0
CAPINS.BSE_IDX,01/07/2025,10:35:21,2403.55,0,0,0,0,0,0
CAPINS.BSE_IDX,01/07/2025,10:35:29,2403.49,0,0,0,0,0,0
CAPINS.BSE_IDX,01/07/2025,10:35:37,2403.81,0,0,0,0,0,0
CAPINS.BSE_IDX,01/07/2025,10:35:45,2404.1,0,0,0,0,0,0
CAPINS.BSE_IDX,01/07/2025,10:35:54,2404.04,0,0,0,0,0,0
CAPINS.BSE_IDX,01/07/2025,10:36:02,2403.97,0,0,0,0,0,0
CAPINS.BSE_IDX,01/07/2025,10:36:10,2403.92,0,0,0,0,0,0
CAPINS.BSE_IDX,01/07/2025,10:36:18,2403.9,0,0,0,0,0,0
CAPINS.BSE_IDX,01/07/2025,10:36:25,2403.62,0,0,0,0,0,0
CAPINS.BSE_IDX,01/07/2025,10:36:34,2403.24,0,0,0,0,0,0
CAPINS.BSE_IDX,01/07/2025,10:36:42,2403.28,0,0,0,0,0,0
CAPINS.BSE_IDX,01/07/2025,10:36:49,2403.3,0,0,0,0,0,0
CAPINS.BSE_IDX,01/07/2025,10:36:58,2403.28,0,0,0,0,0,0
CAPINS.BSE_IDX,01/07/2025,10:37:06,2403.08,0,0,0,0,0,0
CAPINS.BSE_IDX,01/07/2025,10:37:14,2402.8,0,0,0,0,0,0
CAPINS.BSE_IDX,01/07/2025,10:37:22,2402.97,0,0,0,0,0,0
CAPINS.BSE_IDX,01/07/2025,10:37:30,2402.93,0,0,0,0,0,0
CAPINS.BSE_IDX,01/07/2025,10:37:38,2402.9,0,0,0,0,0,0
CAPINS.BSE_IDX,01/07/2025,10:37:46,2403,0,0,0,0,0,0
CAPINS.BSE_IDX,01/07/2025,10:37:54,2403.01,0,0,0,0,0,0
CAPINS.BSE_IDX,01/07/2025,10:38:02,2402.7,0,0,0,0,0,0
CAPINS.BSE_IDX,01/07/2025,10:38:10,2402.65,0,0,0,0,0,0
CAPINS.BSE_IDX,01/07/2025,10:38:18,2402.47,0,0,0,0,0,0
CAPINS.BSE_IDX,01/07/2025,10:38:26,2402.47,0,0,0,0,0,0
CAPINS.BSE_IDX,01/07/2025,10:38:34,2402.44,0,0,0,0,0,0
CAPINS.BSE_IDX,01/07/2025,10:38:42,2402.44,0,0,0,0,0,0
CAPINS.BSE_IDX,01/07/2025,10:38:50,2402.49,0,0,0,0,0,0
CAPINS.BSE_IDX,01/07/2025,10:38:58,2402.62,0,0,0,0,0,0
CAPINS.BSE_IDX,01/07/2025,10:39:06,2402.68,0,0,0,0,0,0
CAPINS.BSE_IDX,01/07/2025,10:39:14,2402.6,0,0,0,0,0,0
CAPINS.BSE_IDX,01/07/2025,10:39:22,2402.63,0,0,0,0,0,0
CAPINS.BSE_IDX,01/07/2025,10:39:30,2402.57,0,0,0,0,0,0
CAPINS.BSE_IDX,01/07/2025,10:39:38,2402.57,0,0,0,0,0,0
CAPINS.BSE_IDX,01/07/2025,10:39:46,2402.62,0,0,0,0,0,0
CAPINS.BSE_IDX,01/07/2025,10:39:54,2402.56,0,0,0,0,0,0
CAPINS.BSE_IDX,01/07/2025,10:40:02,2402.7,0,0,0,0,0,0
CAPINS.BSE_IDX,01/07/2025,10:40:10,2402.48,0,0,0,0,0,0
CAPINS.BSE_IDX,01/07/2025,10:40:18,2402.47,0,0,0,0,0,0
CAPINS.BSE_IDX,01/07/2025,10:40:26,2402.28,0,0,0,0,0,0
CAPINS.BSE_IDX,01/07/2025,10:40:34,2402.11,0,0,0,0,0,0
CAPINS.BSE_IDX,01/07/2025,10:40:42,2401.85,0,0,0,0,0,0
CAPINS.BSE_IDX,01/07/2025,10:40:50,2401.68,0,0,0,0,0,0
CAPINS.BSE_IDX,01/07/2025,10:40:58,2401.6,0,0,0,0,0,0
CAPINS.BSE_IDX,01/07/2025,10:41:06,2401.42,0,0,0,0,0,0
CAPINS.BSE_IDX,01/07/2025,10:41:14,2401.35,0,0,0,0,0,0
CAPINS.BSE_IDX,01/07/2025,10:41:22,2401.75,0,0,0,0,0,0
CAPINS.BSE_IDX,01/07/2025,10:41:30,2401.69,0,0,0,0,0,0
CAPINS.BSE_IDX,01/07/2025,10:41:38,2401.96,0,0,0,0,0,0
CAPINS.BSE_IDX,01/07/2025,10:41:46,2401.94,0,0,0,0,0,0
CAPINS.BSE_IDX,01/07/2025,10:41:54,2402.31,0,0,0,0,0,0
CAPINS.BSE_IDX,01/07/2025,10:42:02,2402.3,0,0,0,0,0,0
CAPINS.BSE_IDX,01/07/2025,10:42:10,2402.29,0,0,0,0,0,0
CAPINS.BSE_IDX,01/07/2025,10:42:18,2402.45,0,0,0,0,0,0
CAPINS.BSE_IDX,01/07/2025,10:42:26,2402.49,0,0,0,0,0,0
CAPINS.BSE_IDX,01/07/2025,10:42:34,2402.35,0,0,0,0,0,0
CAPINS.BSE_IDX,01/07/2025,10:42:42,2402.28,0,0,0,0,0,0
CAPINS.BSE_IDX,01/07/2025,10:42:50,2402.03,0,0,0,0,0,0
CAPINS.BSE_IDX,01/07/2025,10:42:58,2402.14,0,0,0,0,0,0
CAPINS.BSE_IDX,01/07/2025,10:43:06,2402.11,0,0,0,0,0,0
CAPINS.BSE_IDX,01/07/2025,10:43:14,2402.26,0,0,0,0,0,0
CAPINS.BSE_IDX,01/07/2025,10:43:22,2402.28,0,0,0,0,0,0
CAPINS.BSE_IDX,01/07/2025,10:43:30,2402.3,0,0,0,0,0,0
CAPINS.BSE_IDX,01/07/2025,10:43:38,2402.15,0,0,0,0,0,0
CAPINS.BSE_IDX,01/07/2025,10:43:46,2401.97,0,0,0,0,0,0
CAPINS.BSE_IDX,01/07/2025,10:43:54,2401.64,0,0,0,0,0,0
CAPINS.BSE_IDX,01/07/2025,10:44:02,2401.63,0,0,0,0,0,0
CAPINS.BSE_IDX,01/07/2025,10:44:10,2401.34,0,0,0,0,0,0
CAPINS.BSE_IDX,01/07/2025,10:44:18,2401.38,0,0,0,0,0,0
CAPINS.BSE_IDX,01/07/2025,10:44:26,2401.35,0,0,0,0,0,0
CAPINS.BSE_IDX,01/07/2025,10:44:34,2401.42,0,0,0,0,0,0
CAPINS.BSE_IDX,01/07/2025,10:44:42,2401.34,0,0,0,0,0,0
CAPINS.BSE_IDX,01/07/2025,10:44:50,2401.38,0,0,0,0,0,0
CAPINS.BSE_IDX,01/07/2025,10:44:58,2401.34,0,0,0,0,0,0
CAPINS.BSE_IDX,01/07/2025,10:45:07,2400.82,0,0,0,0,0,0
CAPINS.BSE_IDX,01/07/2025,10:45:14,2400.82,0,0,0,0,0,0
CAPINS.BSE_IDX,01/07/2025,10:45:22,2400.63,0,0,0,0,0,0
CAPINS.BSE_IDX,01/07/2025,10:45:30,2400.63,0,0,0,0,0,0
CAPINS.BSE_IDX,01/07/2025,10:45:38,2400.63,0,0,0,0,0,0
CAPINS.BSE_IDX,01/07/2025,10:45:46,2400.53,0,0,0,0,0,0
CAPINS.BSE_IDX,01/07/2025,10:45:54,2400.7,0,0,0,0,0,0
CAPINS.BSE_IDX,01/07/2025,10:46:02,2400.46,0,0,0,0,0,0
CAPINS.BSE_IDX,01/07/2025,10:46:10,2400.32,0,0,0,0,0,0
CAPINS.BSE_IDX,01/07/2025,10:46:18,2400.14,0,0,0,0,0,0
CAPINS.BSE_IDX,01/07/2025,10:46:26,2400.04,0,0,0,0,0,0
CAPINS.BSE_IDX,01/07/2025,10:46:34,2400.11,0,0,0,0,0,0
CAPINS.BSE_IDX,01/07/2025,10:46:42,2400.49,0,0,0,0,0,0
CAPINS.BSE_IDX,01/07/2025,10:46:50,2400.39,0,0,0,0,0,0
CAPINS.BSE_IDX,01/07/2025,10:46:58,2400.46,0,0,0,0,0,0
CAPINS.BSE_IDX,01/07/2025,10:47:06,2400.46,0,0,0,0,0,0
CAPINS.BSE_IDX,01/07/2025,10:47:14,2399.71,0,0,0,0,0,0
CAPINS.BSE_IDX,01/07/2025,10:47:22,2399.78,0,0,0,0,0,0
CAPINS.BSE_IDX,01/07/2025,10:47:30,2399.55,0,0,0,0,0,0
CAPINS.BSE_IDX,01/07/2025,10:47:38,2399.45,0,0,0,0,0,0
CAPINS.BSE_IDX,01/07/2025,10:47:46,2399.29,0,0,0,0,0,0
CAPINS.BSE_IDX,01/07/2025,10:47:54,2399.3,0,0,0,0,0,0
CAPINS.BSE_IDX,01/07/2025,10:48:02,2399.49,0,0,0,0,0,0
CAPINS.BSE_IDX,01/07/2025,10:48:10,2399.42,0,0,0,0,0,0
CAPINS.BSE_IDX,01/07/2025,10:48:18,2399.43,0,0,0,0,0,0
CAPINS.BSE_IDX,01/07/2025,10:48:26,2399.5,0,0,0,0,0,0
CAPINS.BSE_IDX,01/07/2025,10:48:34,2399.5,0,0,0,0,0,0
CAPINS.BSE_IDX,01/07/2025,10:48:42,2399.5,0,0,0,0,0,0
CAPINS.BSE_IDX,01/07/2025,10:48:50,2399.45,0,0,0,0,0,0
CAPINS.BSE_IDX,01/07/2025,10:48:58,2399.55,0,0,0,0,0,0
CAPINS.BSE_IDX,01/07/2025,10:49:06,2399.43,0,0,0,0,0,0
CAPINS.BSE_IDX,01/07/2025,10:49:14,2399.2,0,0,0,0,0,0
CAPINS.BSE_IDX,01/07/2025,10:49:22,2399.41,0,0,0,0,0,0
CAPINS.BSE_IDX,01/07/2025,10:49:30,2399.3,0,0,0,0,0,0
CAPINS.BSE_IDX,01/07/2025,10:49:38,2399.34,0,0,0,0,0,0
CAPINS.BSE_IDX,01/07/2025,10:49:46,2399.37,0,0,0,0,0,0
CAPINS.BSE_IDX,01/07/2025,10:49:54,2399.3,0,0,0,0,0,0
CAPINS.BSE_IDX,01/07/2025,10:50:02,2399.42,0,0,0,0,0,0
CAPINS.BSE_IDX,01/07/2025,10:50:10,2399.29,0,0,0,0,0,0
CAPINS.BSE_IDX,01/07/2025,10:50:18,2399.01,0,0,0,0,0,0
CAPINS.BSE_IDX,01/07/2025,10:50:26,2399.13,0,0,0,0,0,0
CAPINS.BSE_IDX,01/07/2025,10:50:34,2398.44,0,0,0,0,0,0
CAPINS.BSE_IDX,01/07/2025,10:50:42,2398.64,0,0,0,0,0,0
CAPINS.BSE_IDX,01/07/2025,10:50:50,2398.51,0,0,0,0,0,0
CAPINS.BSE_IDX,01/07/2025,10:50:58,2398.42,0,0,0,0,0,0
CAPINS.BSE_IDX,01/07/2025,10:51:06,2398.36,0,0,0,0,0,0
CAPINS.BSE_IDX,01/07/2025,10:51:14,2398.44,0,0,0,0,0,0
CAPINS.BSE_IDX,01/07/2025,10:51:22,2398.23,0,0,0,0,0,0
CAPINS.BSE_IDX,01/07/2025,10:51:30,2398.16,0,0,0,0,0,0
CAPINS.BSE_IDX,01/07/2025,10:51:38,2398.22,0,0,0,0,0,0
CAPINS.BSE_IDX,01/07/2025,10:51:46,2398.3,0,0,0,0,0,0
CAPINS.BSE_IDX,01/07/2025,10:51:54,2398.22,0,0,0,0,0,0
CAPINS.BSE_IDX,01/07/2025,10:52:02,2398.02,0,0,0,0,0,0
CAPINS.BSE_IDX,01/07/2025,10:52:10,2397.98,0,0,0,0,0,0
CAPINS.BSE_IDX,01/07/2025,10:52:18,2397.83,0,0,0,0,0,0
CAPINS.BSE_IDX,01/07/2025,10:52:26,2397.74,0,0,0,0,0,0
CAPINS.BSE_IDX,01/07/2025,10:52:34,2397.5,0,0,0,0,0,0
CAPINS.BSE_IDX,01/07/2025,10:52:43,2397.45,0,0,0,0,0,0
CAPINS.BSE_IDX,01/07/2025,10:52:50,2396.86,0,0,0,0,0,0
CAPINS.BSE_IDX,01/07/2025,10:52:58,2396.83,0,0,0,0,0,0
CAPINS.BSE_IDX,01/07/2025,10:53:06,2396.84,0,0,0,0,0,0
CAPINS.BSE_IDX,01/07/2025,10:53:14,2396.65,0,0,0,0,0,0
CAPINS.BSE_IDX,01/07/2025,10:53:22,2396.76,0,0,0,0,0,0
CAPINS.BSE_IDX,01/07/2025,10:53:30,2396.74,0,0,0,0,0,0
CAPINS.BSE_IDX,01/07/2025,10:53:38,2396.74,0,0,0,0,0,0
CAPINS.BSE_IDX,01/07/2025,10:53:46,2396.84,0,0,0,0,0,0
CAPINS.BSE_IDX,01/07/2025,10:53:54,2396.79,0,0,0,0,0,0
CAPINS.BSE_IDX,01/07/2025,10:54:02,2396.83,0,0,0,0,0,0
CAPINS.BSE_IDX,01/07/2025,10:54:10,2396.84,0,0,0,0,0,0
CAPINS.BSE_IDX,01/07/2025,10:54:18,2396.82,0,0,0,0,0,0
CAPINS.BSE_IDX,01/07/2025,10:54:26,2397.19,0,0,0,0,0,0
CAPINS.BSE_IDX,01/07/2025,10:54:34,2397.22,0,0,0,0,0,0
CAPINS.BSE_IDX,01/07/2025,10:54:42,2397.41,0,0,0,0,0,0
CAPINS.BSE_IDX,01/07/2025,10:54:51,2397.21,0,0,0,0,0,0
CAPINS.BSE_IDX,01/07/2025,10:54:58,2397.03,0,0,0,0,0,0
CAPINS.BSE_IDX,01/07/2025,10:55:06,2396.96,0,0,0,0,0,0
CAPINS.BSE_IDX,01/07/2025,10:55:14,2396.86,0,0,0,0,0,0
CAPINS.BSE_IDX,01/07/2025,10:55:22,2396.81,0,0,0,0,0,0
CAPINS.BSE_IDX,01/07/2025,10:55:30,2396.81,0,0,0,0,0,0
CAPINS.BSE_IDX,01/07/2025,10:55:38,2396.81,0,0,0,0,0,0
CAPINS.BSE_IDX,01/07/2025,10:55:46,2396.32,0,0,0,0,0,0
CAPINS.BSE_IDX,01/07/2025,10:55:54,2396.26,0,0,0,0,0,0
CAPINS.BSE_IDX,01/07/2025,10:56:02,2396.08,0,0,0,0,0,0
CAPINS.BSE_IDX,01/07/2025,10:56:10,2396.02,0,0,0,0,0,0
CAPINS.BSE_IDX,01/07/2025,10:56:18,2395.95,0,0,0,0,0,0
CAPINS.BSE_IDX,01/07/2025,10:56:26,2395.79,0,0,0,0,0,0
CAPINS.BSE_IDX,01/07/2025,10:56:34,2395.87,0,0,0,0,0,0
CAPINS.BSE_IDX,01/07/2025,10:56:42,2395.94,0,0,0,0,0,0
CAPINS.BSE_IDX,01/07/2025,10:56:50,2395.88,0,0,0,0,0,0
CAPINS.BSE_IDX,01/07/2025,10:56:58,2395.86,0,0,0,0,0,0
CAPINS.BSE_IDX,01/07/2025,10:57:06,2395.84,0,0,0,0,0,0
CAPINS.BSE_IDX,01/07/2025,10:57:14,2395.6,0,0,0,0,0,0
CAPINS.BSE_IDX,01/07/2025,10:57:22,2395.35,0,0,0,0,0,0
CAPINS.BSE_IDX,01/07/2025,10:57:30,2395.29,0,0,0,0,0,0
CAPINS.BSE_IDX,01/07/2025,10:57:39,2394.88,0,0,0,0,0,0
CAPINS.BSE_IDX,01/07/2025,10:57:46,2394.77,0,0,0,0,0,0
CAPINS.BSE_IDX,01/07/2025,10:57:54,2394.66,0,0,0,0,0,0
CAPINS.BSE_IDX,01/07/2025,10:58:02,2394.96,0,0,0,0,0,0
CAPINS.BSE_IDX,01/07/2025,10:58:10,2395.01,0,0,0,0,0,0
CAPINS.BSE_IDX,01/07/2025,10:58:18,2394.69,0,0,0,0,0,0
CAPINS.BSE_IDX,01/07/2025,10:58:26,2394.61,0,0,0,0,0,0
CAPINS.BSE_IDX,01/07/2025,10:58:34,2394.77,0,0,0,0,0,0
CAPINS.BSE_IDX,01/07/2025,10:58:42,2394.88,0,0,0,0,0,0
CAPINS.BSE_IDX,01/07/2025,10:58:50,2394.77,0,0,0,0,0,0
CAPINS.BSE_IDX,01/07/2025,10:58:58,2394.68,0,0,0,0,0,0
CAPINS.BSE_IDX,01/07/2025,10:59:06,2394.95,0,0,0,0,0,0
CAPINS.BSE_IDX,01/07/2025,10:59:14,2394.73,0,0,0,0,0,0
CAPINS.BSE_IDX,01/07/2025,10:59:22,2394.8,0,0,0,0,0,0
CAPINS.BSE_IDX,01/07/2025,10:59:30,2394.86,0,0,0,0,0,0
CAPINS.BSE_IDX,01/07/2025,10:59:38,2394.8,0,0,0,0,0,0
CAPINS.BSE_IDX,01/07/2025,10:59:47,2394.47,0,0,0,0,0,0
CAPINS.BSE_IDX,01/07/2025,10:59:55,2394.63,0,0,0,0,0,0
CAPINS.BSE_IDX,01/07/2025,11:00:03,2395,0,0,0,0,0,0
CAPINS.BSE_IDX,01/07/2025,11:00:11,2394.98,0,0,0,0,0,0
CAPINS.BSE_IDX,01/07/2025,11:00:18,2395,0,0,0,0,0,0
CAPINS.BSE_IDX,01/07/2025,11:00:26,2395.2,0,0,0,0,0,0
CAPINS.BSE_IDX,01/07/2025,11:00:34,2395.14,0,0,0,0,0,0
CAPINS.BSE_IDX,01/07/2025,11:00:42,2394.88,0,0,0,0,0,0
CAPINS.BSE_IDX,01/07/2025,11:00:50,2395.13,0,0,0,0,0,0
CAPINS.BSE_IDX,01/07/2025,11:00:58,2395.36,0,0,0,0,0,0
CAPINS.BSE_IDX,01/07/2025,11:01:06,2395.42,0,0,0,0,0,0
CAPINS.BSE_IDX,01/07/2025,11:01:15,2395.32,0,0,0,0,0,0
CAPINS.BSE_IDX,01/07/2025,11:01:22,2395.26,0,0,0,0,0,0
CAPINS.BSE_IDX,01/07/2025,11:01:30,2395.06,0,0,0,0,0,0
CAPINS.BSE_IDX,01/07/2025,11:01:38,2395.36,0,0,0,0,0,0
CAPINS.BSE_IDX,01/07/2025,11:01:46,2395.64,0,0,0,0,0,0
CAPINS.BSE_IDX,01/07/2025,11:01:54,2395.64,0,0,0,0,0,0
CAPINS.BSE_IDX,01/07/2025,11:02:02,2395.61,0,0,0,0,0,0
CAPINS.BSE_IDX,01/07/2025,11:02:10,2395.79,0,0,0,0,0,0
CAPINS.BSE_IDX,01/07/2025,11:02:18,2395.37,0,0,0,0,0,0
CAPINS.BSE_IDX,01/07/2025,11:02:27,2395.5,0,0,0,0,0,0
CAPINS.BSE_IDX,01/07/2025,11:02:34,2395.66,0,0,0,0,0,0
CAPINS.BSE_IDX,01/07/2025,11:02:42,2395.87,0,0,0,0,0,0
CAPINS.BSE_IDX,01/07/2025,11:02:51,2395.61,0,0,0,0,0,0
CAPINS.BSE_IDX,01/07/2025,11:02:58,2395.76,0,0,0,0,0,0
CAPINS.BSE_IDX,01/07/2025,11:03:06,2395.65,0,0,0,0,0,0
CAPINS.BSE_IDX,01/07/2025,11:03:14,2395.62,0,0,0,0,0,0
CAPINS.BSE_IDX,01/07/2025,11:03:22,2395.11,0,0,0,0,0,0
CAPINS.BSE_IDX,01/07/2025,11:03:31,2395.04,0,0,0,0,0,0
CAPINS.BSE_IDX,01/07/2025,11:03:38,2395.15,0,0,0,0,0,0
CAPINS.BSE_IDX,01/07/2025,11:03:46,2395.18,0,0,0,0,0,0
CAPINS.BSE_IDX,01/07/2025,11:03:54,2395.09,0,0,0,0,0,0
CAPINS.BSE_IDX,01/07/2025,11:04:02,2395.2,0,0,0,0,0,0
CAPINS.BSE_IDX,01/07/2025,11:04:10,2395.06,0,0,0,0,0,0
CAPINS.BSE_IDX,01/07/2025,11:04:18,2394.53,0,0,0,0,0,0
CAPINS.BSE_IDX,01/07/2025,11:04:27,2394.56,0,0,0,0,0,0
CAPINS.BSE_IDX,01/07/2025,11:04:34,2394.64,0,0,0,0,0,0
CAPINS.BSE_IDX,01/07/2025,11:04:42,2394.16,0,0,0,0,0,0
CAPINS.BSE_IDX,01/07/2025,11:04:51,2394.17,0,0,0,0,0,0
CAPINS.BSE_IDX,01/07/2025,11:04:58,2394.33,0,0,0,0,0,0
CAPINS.BSE_IDX,01/07/2025,11:05:06,2394.5,0,0,0,0,0,0
CAPINS.BSE_IDX,01/07/2025,11:05:14,2394.51,0,0,0,0,0,0
CAPINS.BSE_IDX,01/07/2025,11:05:22,2393.96,0,0,0,0,0,0
CAPINS.BSE_IDX,01/07/2025,11:05:31,2394.1,0,0,0,0,0,0
CAPINS.BSE_IDX,01/07/2025,11:05:39,2394.23,0,0,0,0,0,0
CAPINS.BSE_IDX,01/07/2025,11:05:46,2394.71,0,0,0,0,0,0
CAPINS.BSE_IDX,01/07/2025,11:05:54,2394.69,0,0,0,0,0,0
CAPINS.BSE_IDX,01/07/2025,11:06:03,2394.88,0,0,0,0,0,0
CAPINS.BSE_IDX,01/07/2025,11:06:11,2394.86,0,0,0,0,0,0
CAPINS.BSE_IDX,01/07/2025,11:06:19,2394.85,0,0,0,0,0,0
CAPINS.BSE_IDX,01/07/2025,11:06:27,2395.11,0,0,0,0,0,0
CAPINS.BSE_IDX,01/07/2025,11:06:34,2395.21,0,0,0,0,0,0
CAPINS.BSE_IDX,01/07/2025,11:06:43,2395.21,0,0,0,0,0,0
CAPINS.BSE_IDX,01/07/2025,11:06:51,2395.14,0,0,0,0,0,0
CAPINS.BSE_IDX,01/07/2025,11:06:58,2395.16,0,0,0,0,0,0
CAPINS.BSE_IDX,01/07/2025,11:07:06,2395.41,0,0,0,0,0,0
CAPINS.BSE_IDX,01/07/2025,11:07:15,2395.51,0,0,0,0,0,0
CAPINS.BSE_IDX,01/07/2025,11:07:22,2395.8,0,0,0,0,0,0
CAPINS.BSE_IDX,01/07/2025,11:07:31,2395.89,0,0,0,0,0,0
CAPINS.BSE_IDX,01/07/2025,11:07:39,2395.89,0,0,0,0,0,0
CAPINS.BSE_IDX,01/07/2025,11:07:46,2395.9,0,0,0,0,0,0
CAPINS.BSE_IDX,01/07/2025,11:07:55,2395.89,0,0,0,0,0,0
CAPINS.BSE_IDX,01/07/2025,11:08:02,2395.89,0,0,0,0,0,0
CAPINS.BSE_IDX,01/07/2025,11:08:11,2395.8,0,0,0,0,0,0
CAPINS.BSE_IDX,01/07/2025,11:08:18,2395.71,0,0,0,0,0,0
CAPINS.BSE_IDX,01/07/2025,11:08:27,2396.3,0,0,0,0,0,0
CAPINS.BSE_IDX,01/07/2025,11:08:35,2396.38,0,0,0,0,0,0
CAPINS.BSE_IDX,01/07/2025,11:08:43,2396.57,0,0,0,0,0,0
CAPINS.BSE_IDX,01/07/2025,11:08:51,2396.62,0,0,0,0,0,0
CAPINS.BSE_IDX,01/07/2025,11:08:58,2396.71,0,0,0,0,0,0
CAPINS.BSE_IDX,01/07/2025,11:09:07,2396.75,0,0,0,0,0,0
CAPINS.BSE_IDX,01/07/2025,11:09:15,2396.87,0,0,0,0,0,0
CAPINS.BSE_IDX,01/07/2025,11:09:23,2396.79,0,0,0,0,0,0
CAPINS.BSE_IDX,01/07/2025,11:09:31,2396.77,0,0,0,0,0,0
CAPINS.BSE_IDX,01/07/2025,11:09:39,2396.67,0,0,0,0,0,0
CAPINS.BSE_IDX,01/07/2025,11:09:47,2396.5,0,0,0,0,0,0
CAPINS.BSE_IDX,01/07/2025,11:09:55,2396.65,0,0,0,0,0,0
CAPINS.BSE_IDX,01/07/2025,11:10:03,2396.85,0,0,0,0,0,0
CAPINS.BSE_IDX,01/07/2025,11:10:11,2396.78,0,0,0,0,0,0
CAPINS.BSE_IDX,01/07/2025,11:10:19,2396.77,0,0,0,0,0,0
CAPINS.BSE_IDX,01/07/2025,11:10:27,2396.96,0,0,0,0,0,0
CAPINS.BSE_IDX,01/07/2025,11:10:35,2397.29,0,0,0,0,0,0
CAPINS.BSE_IDX,01/07/2025,11:10:43,2397.26,0,0,0,0,0,0
CAPINS.BSE_IDX,01/07/2025,11:10:51,2397.37,0,0,0,0,0,0
CAPINS.BSE_IDX,01/07/2025,11:10:59,2397.37,0,0,0,0,0,0
CAPINS.BSE_IDX,01/07/2025,11:11:07,2397.88,0,0,0,0,0,0
CAPINS.BSE_IDX,01/07/2025,11:11:15,2397.82,0,0,0,0,0,0
CAPINS.BSE_IDX,01/07/2025,11:11:23,2397.8,0,0,0,0,0,0
CAPINS.BSE_IDX,01/07/2025,11:11:31,2397.85,0,0,0,0,0,0
CAPINS.BSE_IDX,01/07/2025,11:11:39,2398.06,0,0,0,0,0,0
CAPINS.BSE_IDX,01/07/2025,11:11:47,2398.12,0,0,0,0,0,0
CAPINS.BSE_IDX,01/07/2025,11:11:55,2398.26,0,0,0,0,0,0
CAPINS.BSE_IDX,01/07/2025,11:12:03,2398.69,0,0,0,0,0,0
CAPINS.BSE_IDX,01/07/2025,11:12:11,2398.54,0,0,0,0,0,0
CAPINS.BSE_IDX,01/07/2025,11:12:19,2398.55,0,0,0,0,0,0
CAPINS.BSE_IDX,01/07/2025,11:12:27,2398.42,0,0,0,0,0,0
CAPINS.BSE_IDX,01/07/2025,11:12:35,2398.22,0,0,0,0,0,0
CAPINS.BSE_IDX,01/07/2025,11:12:43,2398.23,0,0,0,0,0,0
CAPINS.BSE_IDX,01/07/2025,11:12:51,2398.29,0,0,0,0,0,0
CAPINS.BSE_IDX,01/07/2025,11:12:59,2398.46,0,0,0,0,0,0
CAPINS.BSE_IDX,01/07/2025,11:13:07,2398.31,0,0,0,0,0,0
CAPINS.BSE_IDX,01/07/2025,11:13:16,2398.31,0,0,0,0,0,0
CAPINS.BSE_IDX,01/07/2025,11:13:23,2398.21,0,0,0,0,0,0
CAPINS.BSE_IDX,01/07/2025,11:13:31,2398.29,0,0,0,0,0,0
CAPINS.BSE_IDX,01/07/2025,11:13:39,2398.09,0,0,0,0,0,0
CAPINS.BSE_IDX,01/07/2025,11:13:47,2397.97,0,0,0,0,0,0
CAPINS.BSE_IDX,01/07/2025,11:13:55,2397.97,0,0,0,0,0,0
CAPINS.BSE_IDX,01/07/2025,11:14:03,2398.01,0,0,0,0,0,0
CAPINS.BSE_IDX,01/07/2025,11:14:11,2398.01,0,0,0,0,0,0
CAPINS.BSE_IDX,01/07/2025,11:14:19,2398.08,0,0,0,0,0,0
CAPINS.BSE_IDX,01/07/2025,11:14:27,2398.16,0,0,0,0,0,0
CAPINS.BSE_IDX,01/07/2025,11:14:35,2398.09,0,0,0,0,0,0
CAPINS.BSE_IDX,01/07/2025,11:14:43,2398.08,0,0,0,0,0,0
CAPINS.BSE_IDX,01/07/2025,11:14:51,2398.03,0,0,0,0,0,0
CAPINS.BSE_IDX,01/07/2025,11:14:59,2398.41,0,0,0,0,0,0
CAPINS.BSE_IDX,01/07/2025,11:15:07,2398.4,0,0,0,0,0,0
CAPINS.BSE_IDX,01/07/2025,11:15:15,2398.5,0,0,0,0,0,0
CAPINS.BSE_IDX,01/07/2025,11:15:23,2398.86,0,0,0,0,0,0
CAPINS.BSE_IDX,01/07/2025,11:15:31,2398.74,0,0,0,0,0,0
CAPINS.BSE_IDX,01/07/2025,11:15:39,2398.7,0,0,0,0,0,0
CAPINS.BSE_IDX,01/07/2025,11:15:47,2398.7,0,0,0,0,0,0
CAPINS.BSE_IDX,01/07/2025,11:15:56,2398.82,0,0,0,0,0,0
CAPINS.BSE_IDX,01/07/2025,11:16:03,2398.76,0,0,0,0,0,0
CAPINS.BSE_IDX,01/07/2025,11:16:11,2398.76,0,0,0,0,0,0
CAPINS.BSE_IDX,01/07/2025,11:16:19,2398.66,0,0,0,0,0,0
CAPINS.BSE_IDX,01/07/2025,11:16:27,2398.56,0,0,0,0,0,0
CAPINS.BSE_IDX,01/07/2025,11:16:35,2398.49,0,0,0,0,0,0
CAPINS.BSE_IDX,01/07/2025,11:16:43,2398.6,0,0,0,0,0,0
CAPINS.BSE_IDX,01/07/2025,11:16:51,2398.58,0,0,0,0,0,0
CAPINS.BSE_IDX,01/07/2025,11:16:59,2398.56,0,0,0,0,0,0
CAPINS.BSE_IDX,01/07/2025,11:17:07,2398.59,0,0,0,0,0,0
CAPINS.BSE_IDX,01/07/2025,11:17:15,2398.51,0,0,0,0,0,0
CAPINS.BSE_IDX,01/07/2025,11:17:23,2398.65,0,0,0,0,0,0
CAPINS.BSE_IDX,01/07/2025,11:17:31,2398.68,0,0,0,0,0,0
CAPINS.BSE_IDX,01/07/2025,11:17:39,2398.72,0,0,0,0,0,0
CAPINS.BSE_IDX,01/07/2025,11:17:47,2398.72,0,0,0,0,0,0
CAPINS.BSE_IDX,01/07/2025,11:17:57,2399.28,0,0,0,0,0,0
CAPINS.BSE_IDX,01/07/2025,11:18:03,2399.17,0,0,0,0,0,0
CAPINS.BSE_IDX,01/07/2025,11:18:11,2399.09,0,0,0,0,0,0
CAPINS.BSE_IDX,01/07/2025,11:18:19,2399.12,0,0,0,0,0,0
CAPINS.BSE_IDX,01/07/2025,11:18:27,2399.09,0,0,0,0,0,0
CAPINS.BSE_IDX,01/07/2025,11:18:35,2399.36,0,0,0,0,0,0
CAPINS.BSE_IDX,01/07/2025,11:18:44,2399.62,0,0,0,0,0,0
CAPINS.BSE_IDX,01/07/2025,11:18:51,2399.58,0,0,0,0,0,0
CAPINS.BSE_IDX,01/07/2025,11:18:59,2399.33,0,0,0,0,0,0
CAPINS.BSE_IDX,01/07/2025,11:19:08,2399.44,0,0,0,0,0,0
CAPINS.BSE_IDX,01/07/2025,11:19:15,2399.47,0,0,0,0,0,0
CAPINS.BSE_IDX,01/07/2025,11:19:23,2399.51,0,0,0,0,0,0
CAPINS.BSE_IDX,01/07/2025,11:19:31,2399.46,0,0,0,0,0,0
CAPINS.BSE_IDX,01/07/2025,11:19:39,2399.2,0,0,0,0,0,0
CAPINS.BSE_IDX,01/07/2025,11:19:47,2399.09,0,0,0,0,0,0
CAPINS.BSE_IDX,01/07/2025,11:19:55,2399,0,0,0,0,0,0
CAPINS.BSE_IDX,01/07/2025,11:20:03,2398.76,0,0,0,0,0,0
CAPINS.BSE_IDX,01/07/2025,11:20:11,2398.72,0,0,0,0,0,0
CAPINS.BSE_IDX,01/07/2025,11:20:19,2398.72,0,0,0,0,0,0
CAPINS.BSE_IDX,01/07/2025,11:20:27,2398.77,0,0,0,0,0,0
CAPINS.BSE_IDX,01/07/2025,11:20:35,2398.68,0,0,0,0,0,0
CAPINS.BSE_IDX,01/07/2025,11:20:43,2398.63,0,0,0,0,0,0
CAPINS.BSE_IDX,01/07/2025,11:20:51,2398.75,0,0,0,0,0,0
CAPINS.BSE_IDX,01/07/2025,11:20:59,2398.77,0,0,0,0,0,0
CAPINS.BSE_IDX,01/07/2025,11:21:07,2398.91,0,0,0,0,0,0
CAPINS.BSE_IDX,01/07/2025,11:21:15,2398.98,0,0,0,0,0,0
CAPINS.BSE_IDX,01/07/2025,11:21:24,2399.03,0,0,0,0,0,0
CAPINS.BSE_IDX,01/07/2025,11:21:31,2399.17,0,0,0,0,0,0
CAPINS.BSE_IDX,01/07/2025,11:21:39,2399.23,0,0,0,0,0,0
CAPINS.BSE_IDX,01/07/2025,11:21:47,2399.24,0,0,0,0,0,0
CAPINS.BSE_IDX,01/07/2025,11:21:56,2399.25,0,0,0,0,0,0
CAPINS.BSE_IDX,01/07/2025,11:22:03,2399.17,0,0,0,0,0,0
CAPINS.BSE_IDX,01/07/2025,11:22:11,2399.25,0,0,0,0,0,0
CAPINS.BSE_IDX,01/07/2025,11:22:19,2399.18,0,0,0,0,0,0
CAPINS.BSE_IDX,01/07/2025,11:22:28,2399.37,0,0,0,0,0,0
CAPINS.BSE_IDX,01/07/2025,11:22:35,2399.52,0,0,0,0,0,0
CAPINS.BSE_IDX,01/07/2025,11:22:43,2399.42,0,0,0,0,0,0
CAPINS.BSE_IDX,01/07/2025,11:22:51,2399.58,0,0,0,0,0,0
CAPINS.BSE_IDX,01/07/2025,11:22:59,2399.54,0,0,0,0,0,0
CAPINS.BSE_IDX,01/07/2025,11:23:07,2399.7,0,0,0,0,0,0
CAPINS.BSE_IDX,01/07/2025,11:23:15,2399.8,0,0,0,0,0,0
CAPINS.BSE_IDX,01/07/2025,11:23:23,2399.8,0,0,0,0,0,0
CAPINS.BSE_IDX,01/07/2025,11:23:31,2399.91,0,0,0,0,0,0
CAPINS.BSE_IDX,01/07/2025,11:23:39,2399.81,0,0,0,0,0,0
CAPINS.BSE_IDX,01/07/2025,11:23:47,2399.96,0,0,0,0,0,0
CAPINS.BSE_IDX,01/07/2025,11:23:55,2400.09,0,0,0,0,0,0
CAPINS.BSE_IDX,01/07/2025,11:24:04,2400.24,0,0,0,0,0,0
CAPINS.BSE_IDX,01/07/2025,11:24:11,2400.34,0,0,0,0,0,0
CAPINS.BSE_IDX,01/07/2025,11:24:19,2400.48,0,0,0,0,0,0
CAPINS.BSE_IDX,01/07/2025,11:24:27,2400.46,0,0,0,0,0,0
CAPINS.BSE_IDX,01/07/2025,11:24:35,2400.47,0,0,0,0,0,0
CAPINS.BSE_IDX,01/07/2025,11:24:43,2400.3,0,0,0,0,0,0
CAPINS.BSE_IDX,01/07/2025,11:24:52,2400.19,0,0,0,0,0,0
CAPINS.BSE_IDX,01/07/2025,11:25:00,2400.14,0,0,0,0,0,0
CAPINS.BSE_IDX,01/07/2025,11:25:07,2400.08,0,0,0,0,0,0
CAPINS.BSE_IDX,01/07/2025,11:25:15,2400.13,0,0,0,0,0,0
CAPINS.BSE_IDX,01/07/2025,11:25:23,2400.03,0,0,0,0,0,0
CAPINS.BSE_IDX,01/07/2025,11:25:31,2399.99,0,0,0,0,0,0
CAPINS.BSE_IDX,01/07/2025,11:25:41,2400.04,0,0,0,0,0,0
CAPINS.BSE_IDX,01/07/2025,11:25:47,2400.09,0,0,0,0,0,0
CAPINS.BSE_IDX,01/07/2025,11:25:55,2400.14,0,0,0,0,0,0
CAPINS.BSE_IDX,01/07/2025,11:26:03,2400.25,0,0,0,0,0,0
CAPINS.BSE_IDX,01/07/2025,11:26:11,2400.07,0,0,0,0,0,0
CAPINS.BSE_IDX,01/07/2025,11:26:19,2400.1,0,0,0,0,0,0
CAPINS.BSE_IDX,01/07/2025,11:26:27,2400.17,0,0,0,0,0,0
CAPINS.BSE_IDX,01/07/2025,11:26:35,2400.08,0,0,0,0,0,0
CAPINS.BSE_IDX,01/07/2025,11:26:43,2400.03,0,0,0,0,0,0
CAPINS.BSE_IDX,01/07/2025,11:26:51,2400.12,0,0,0,0,0,0
CAPINS.BSE_IDX,01/07/2025,11:26:59,2400.25,0,0,0,0,0,0
CAPINS.BSE_IDX,01/07/2025,11:27:07,2400.29,0,0,0,0,0,0
CAPINS.BSE_IDX,01/07/2025,11:27:15,2400.23,0,0,0,0,0,0
CAPINS.BSE_IDX,01/07/2025,11:27:23,2400.33,0,0,0,0,0,0
CAPINS.BSE_IDX,01/07/2025,11:27:31,2400.17,0,0,0,0,0,0
CAPINS.BSE_IDX,01/07/2025,11:27:39,2400.1,0,0,0,0,0,0
CAPINS.BSE_IDX,01/07/2025,11:27:47,2399.91,0,0,0,0,0,0
CAPINS.BSE_IDX,01/07/2025,11:27:55,2400.18,0,0,0,0,0,0
CAPINS.BSE_IDX,01/07/2025,11:28:03,2400.01,0,0,0,0,0,0
CAPINS.BSE_IDX,01/07/2025,11:28:11,2400.35,0,0,0,0,0,0
CAPINS.BSE_IDX,01/07/2025,11:28:19,2400.37,0,0,0,0,0,0
CAPINS.BSE_IDX,01/07/2025,11:28:27,2400.47,0,0,0,0,0,0
CAPINS.BSE_IDX,01/07/2025,11:28:36,2400.59,0,0,0,0,0,0
CAPINS.BSE_IDX,01/07/2025,11:28:43,2400.47,0,0,0,0,0,0
CAPINS.BSE_IDX,01/07/2025,11:28:51,2400.5,0,0,0,0,0,0
CAPINS.BSE_IDX,01/07/2025,11:28:59,2400.98,0,0,0,0,0,0
CAPINS.BSE_IDX,01/07/2025,11:29:07,2400.95,0,0,0,0,0,0
CAPINS.BSE_IDX,01/07/2025,11:29:16,2400.8,0,0,0,0,0,0
CAPINS.BSE_IDX,01/07/2025,11:29:24,2400.86,0,0,0,0,0,0
CAPINS.BSE_IDX,01/07/2025,11:29:31,2400.92,0,0,0,0,0,0
CAPINS.BSE_IDX,01/07/2025,11:29:39,2401.39,0,0,0,0,0,0
CAPINS.BSE_IDX,01/07/2025,11:29:47,2401.73,0,0,0,0,0,0
CAPINS.BSE_IDX,01/07/2025,11:29:55,2401.67,0,0,0,0,0,0
CAPINS.BSE_IDX,01/07/2025,11:30:03,2401.58,0,0,0,0,0,0
CAPINS.BSE_IDX,01/07/2025,11:30:11,2401.87,0,0,0,0,0,0
CAPINS.BSE_IDX,01/07/2025,11:30:19,2401.73,0,0,0,0,0,0
CAPINS.BSE_IDX,01/07/2025,11:30:27,2401.86,0,0,0,0,0,0
CAPINS.BSE_IDX,01/07/2025,11:30:35,2402.31,0,0,0,0,0,0
CAPINS.BSE_IDX,01/07/2025,11:30:43,2402.7,0,0,0,0,0,0
CAPINS.BSE_IDX,01/07/2025,11:30:52,2402.67,0,0,0,0,0,0
CAPINS.BSE_IDX,01/07/2025,11:30:59,2402.54,0,0,0,0,0,0
CAPINS.BSE_IDX,01/07/2025,11:31:07,2402.48,0,0,0,0,0,0
CAPINS.BSE_IDX,01/07/2025,11:31:16,2402.29,0,0,0,0,0,0
CAPINS.BSE_IDX,01/07/2025,11:31:23,2401.59,0,0,0,0,0,0
CAPINS.BSE_IDX,01/07/2025,11:31:31,2401.54,0,0,0,0,0,0
CAPINS.BSE_IDX,01/07/2025,11:31:39,2401.48,0,0,0,0,0,0
CAPINS.BSE_IDX,01/07/2025,11:31:47,2401.44,0,0,0,0,0,0
CAPINS.BSE_IDX,01/07/2025,11:31:55,2401.45,0,0,0,0,0,0
CAPINS.BSE_IDX,01/07/2025,11:32:04,2401.49,0,0,0,0,0,0
CAPINS.BSE_IDX,01/07/2025,11:32:11,2401.33,0,0,0,0,0,0
CAPINS.BSE_IDX,01/07/2025,11:32:19,2401.27,0,0,0,0,0,0
CAPINS.BSE_IDX,01/07/2025,11:32:27,2401.27,0,0,0,0,0,0
CAPINS.BSE_IDX,01/07/2025,11:32:35,2401.14,0,0,0,0,0,0
CAPINS.BSE_IDX,01/07/2025,11:32:43,2401.3,0,0,0,0,0,0
CAPINS.BSE_IDX,01/07/2025,11:32:51,2400.83,0,0,0,0,0,0
CAPINS.BSE_IDX,01/07/2025,11:32:59,2400.76,0,0,0,0,0,0
CAPINS.BSE_IDX,01/07/2025,11:33:07,2400.62,0,0,0,0,0,0
CAPINS.BSE_IDX,01/07/2025,11:33:15,2400.47,0,0,0,0,0,0
CAPINS.BSE_IDX,01/07/2025,11:33:23,2400.32,0,0,0,0,0,0
CAPINS.BSE_IDX,01/07/2025,11:33:31,2400.33,0,0,0,0,0,0
CAPINS.BSE_IDX,01/07/2025,11:33:39,2400.2,0,0,0,0,0,0
CAPINS.BSE_IDX,01/07/2025,11:33:47,2400.18,0,0,0,0,0,0
CAPINS.BSE_IDX,01/07/2025,11:33:55,2400.31,0,0,0,0,0,0
CAPINS.BSE_IDX,01/07/2025,11:34:03,2400.32,0,0,0,0,0,0
CAPINS.BSE_IDX,01/07/2025,11:34:12,2400.3,0,0,0,0,0,0
CAPINS.BSE_IDX,01/07/2025,11:34:19,2400.3,0,0,0,0,0,0
CAPINS.BSE_IDX,01/07/2025,11:34:27,2400.13,0,0,0,0,0,0
CAPINS.BSE_IDX,01/07/2025,11:34:35,2400.2,0,0,0,0,0,0
CAPINS.BSE_IDX,01/07/2025,11:34:43,2400.17,0,0,0,0,0,0
CAPINS.BSE_IDX,01/07/2025,11:34:52,2400.06,0,0,0,0,0,0
CAPINS.BSE_IDX,01/07/2025,11:35:00,2399.86,0,0,0,0,0,0
CAPINS.BSE_IDX,01/07/2025,11:35:07,2399.53,0,0,0,0,0,0
CAPINS.BSE_IDX,01/07/2025,11:35:16,2399.48,0,0,0,0,0,0
CAPINS.BSE_IDX,01/07/2025,11:35:23,2399.45,0,0,0,0,0,0
CAPINS.BSE_IDX,01/07/2025,11:35:32,2399.39,0,0,0,0,0,0
CAPINS.BSE_IDX,01/07/2025,11:35:40,2399.54,0,0,0,0,0,0
CAPINS.BSE_IDX,01/07/2025,11:35:47,2399.48,0,0,0,0,0,0
CAPINS.BSE_IDX,01/07/2025,11:35:55,2399.5,0,0,0,0,0,0
CAPINS.BSE_IDX,01/07/2025,11:36:04,2399.87,0,0,0,0,0,0
CAPINS.BSE_IDX,01/07/2025,11:36:11,2399.81,0,0,0,0,0,0
CAPINS.BSE_IDX,01/07/2025,11:36:20,2399.76,0,0,0,0,0,0
CAPINS.BSE_IDX,01/07/2025,11:36:28,2399.71,0,0,0,0,0,0
CAPINS.BSE_IDX,01/07/2025,11:36:35,2399.66,0,0,0,0,0,0
CAPINS.BSE_IDX,01/07/2025,11:36:44,2399.87,0,0,0,0,0,0
CAPINS.BSE_IDX,01/07/2025,11:36:54,2399.7,0,0,0,0,0,0
CAPINS.BSE_IDX,01/07/2025,11:36:59,2399.69,0,0,0,0,0,0
CAPINS.BSE_IDX,01/07/2025,11:37:08,2399.65,0,0,0,0,0,0
CAPINS.BSE_IDX,01/07/2025,11:37:15,2399.54,0,0,0,0,0,0
CAPINS.BSE_IDX,01/07/2025,11:37:23,2399.45,0,0,0,0,0,0
CAPINS.BSE_IDX,01/07/2025,11:37:32,2399.6,0,0,0,0,0,0
CAPINS.BSE_IDX,01/07/2025,11:37:41,2399.46,0,0,0,0,0,0
CAPINS.BSE_IDX,01/07/2025,11:37:47,2399.55,0,0,0,0,0,0
CAPINS.BSE_IDX,01/07/2025,11:37:55,2399.7,0,0,0,0,0,0
CAPINS.BSE_IDX,01/07/2025,11:38:03,2399.84,0,0,0,0,0,0
CAPINS.BSE_IDX,01/07/2025,11:38:11,2399.66,0,0,0,0,0,0
CAPINS.BSE_IDX,01/07/2025,11:38:20,2399.53,0,0,0,0,0,0
CAPINS.BSE_IDX,01/07/2025,11:38:27,2399.44,0,0,0,0,0,0
CAPINS.BSE_IDX,01/07/2025,11:38:35,2399.42,0,0,0,0,0,0
CAPINS.BSE_IDX,01/07/2025,11:38:43,2399.4,0,0,0,0,0,0
CAPINS.BSE_IDX,01/07/2025,11:38:51,2399.38,0,0,0,0,0,0
CAPINS.BSE_IDX,01/07/2025,11:38:59,2399.28,0,0,0,0,0,0
CAPINS.BSE_IDX,01/07/2025,11:39:07,2399.53,0,0,0,0,0,0
CAPINS.BSE_IDX,01/07/2025,11:39:16,2399.41,0,0,0,0,0,0
CAPINS.BSE_IDX,01/07/2025,11:39:24,2399.44,0,0,0,0,0,0
CAPINS.BSE_IDX,01/07/2025,11:39:31,2399.18,0,0,0,0,0,0
CAPINS.BSE_IDX,01/07/2025,11:39:39,2399.13,0,0,0,0,0,0
CAPINS.BSE_IDX,01/07/2025,11:39:48,2399.13,0,0,0,0,0,0
CAPINS.BSE_IDX,01/07/2025,11:39:55,2399.1,0,0,0,0,0,0
CAPINS.BSE_IDX,01/07/2025,11:40:03,2399.18,0,0,0,0,0,0
CAPINS.BSE_IDX,01/07/2025,11:40:12,2399.27,0,0,0,0,0,0
CAPINS.BSE_IDX,01/07/2025,11:40:20,2399.52,0,0,0,0,0,0
CAPINS.BSE_IDX,01/07/2025,11:40:28,2399.5,0,0,0,0,0,0
CAPINS.BSE_IDX,01/07/2025,11:40:36,2399.57,0,0,0,0,0,0
CAPINS.BSE_IDX,01/07/2025,11:40:44,2399.55,0,0,0,0,0,0
CAPINS.BSE_IDX,01/07/2025,11:40:52,2399.6,0,0,0,0,0,0
CAPINS.BSE_IDX,01/07/2025,11:41:00,2399.64,0,0,0,0,0,0
CAPINS.BSE_IDX,01/07/2025,11:41:07,2399.58,0,0,0,0,0,0
CAPINS.BSE_IDX,01/07/2025,11:41:16,2399.65,0,0,0,0,0,0
CAPINS.BSE_IDX,01/07/2025,11:41:24,2399.67,0,0,0,0,0,0
CAPINS.BSE_IDX,01/07/2025,11:41:32,2399.62,0,0,0,0,0,0
CAPINS.BSE_IDX,01/07/2025,11:41:40,2399.74,0,0,0,0,0,0
CAPINS.BSE_IDX,01/07/2025,11:41:48,2399.72,0,0,0,0,0,0
CAPINS.BSE_IDX,01/07/2025,11:41:56,2399.72,0,0,0,0,0,0
CAPINS.BSE_IDX,01/07/2025,11:42:04,2399.78,0,0,0,0,0,0
CAPINS.BSE_IDX,01/07/2025,11:42:12,2399.79,0,0,0,0,0,0
CAPINS.BSE_IDX,01/07/2025,11:42:20,2399.82,0,0,0,0,0,0
CAPINS.BSE_IDX,01/07/2025,11:42:28,2399.8,0,0,0,0,0,0
CAPINS.BSE_IDX,01/07/2025,11:42:36,2399.98,0,0,0,0,0,0
CAPINS.BSE_IDX,01/07/2025,11:42:44,2400.08,0,0,0,0,0,0
CAPINS.BSE_IDX,01/07/2025,11:42:52,2400.09,0,0,0,0,0,0
CAPINS.BSE_IDX,01/07/2025,11:43:00,2400.21,0,0,0,0,0,0
CAPINS.BSE_IDX,01/07/2025,11:43:08,2399.95,0,0,0,0,0,0
CAPINS.BSE_IDX,01/07/2025,11:43:16,2399.97,0,0,0,0,0,0
CAPINS.BSE_IDX,01/07/2025,11:43:24,2399.97,0,0,0,0,0,0
CAPINS.BSE_IDX,01/07/2025,11:43:32,2400.12,0,0,0,0,0,0
CAPINS.BSE_IDX,01/07/2025,11:43:40,2400.08,0,0,0,0,0,0
CAPINS.BSE_IDX,01/07/2025,11:43:48,2399.77,0,0,0,0,0,0
CAPINS.BSE_IDX,01/07/2025,11:43:56,2399.65,0,0,0,0,0,0
CAPINS.BSE_IDX,01/07/2025,11:44:04,2399.78,0,0,0,0,0,0
CAPINS.BSE_IDX,01/07/2025,11:44:12,2399.89,0,0,0,0,0,0
CAPINS.BSE_IDX,01/07/2025,11:44:20,2400.01,0,0,0,0,0,0
CAPINS.BSE_IDX,01/07/2025,11:44:28,2399.86,0,0,0,0,0,0
CAPINS.BSE_IDX,01/07/2025,11:44:36,2399.92,0,0,0,0,0,0
CAPINS.BSE_IDX,01/07/2025,11:44:44,2400.15,0,0,0,0,0,0
CAPINS.BSE_IDX,01/07/2025,11:44:52,2400.38,0,0,0,0,0,0
CAPINS.BSE_IDX,01/07/2025,11:45:00,2400.31,0,0,0,0,0,0
CAPINS.BSE_IDX,01/07/2025,11:45:08,2400.42,0,0,0,0,0,0
CAPINS.BSE_IDX,01/07/2025,11:45:16,2400.34,0,0,0,0,0,0
CAPINS.BSE_IDX,01/07/2025,11:45:24,2400.06,0,0,0,0,0,0
CAPINS.BSE_IDX,01/07/2025,11:45:32,2400.19,0,0,0,0,0,0
CAPINS.BSE_IDX,01/07/2025,11:45:40,2400.07,0,0,0,0,0,0
CAPINS.BSE_IDX,01/07/2025,11:45:48,2400.05,0,0,0,0,0,0
CAPINS.BSE_IDX,01/07/2025,11:45:56,2400.07,0,0,0,0,0,0
CAPINS.BSE_IDX,01/07/2025,11:46:04,2400.14,0,0,0,0,0,0
CAPINS.BSE_IDX,01/07/2025,11:46:12,2400.02,0,0,0,0,0,0
CAPINS.BSE_IDX,01/07/2025,11:46:20,2399.92,0,0,0,0,0,0
CAPINS.BSE_IDX,01/07/2025,11:46:28,2399.99,0,0,0,0,0,0
CAPINS.BSE_IDX,01/07/2025,11:46:36,2399.94,0,0,0,0,0,0
CAPINS.BSE_IDX,01/07/2025,11:46:44,2400.01,0,0,0,0,0,0
CAPINS.BSE_IDX,01/07/2025,11:46:52,2400.18,0,0,0,0,0,0
CAPINS.BSE_IDX,01/07/2025,11:47:00,2400.19,0,0,0,0,0,0
CAPINS.BSE_IDX,01/07/2025,11:47:08,2400.08,0,0,0,0,0,0
CAPINS.BSE_IDX,01/07/2025,11:47:16,2399.84,0,0,0,0,0,0
CAPINS.BSE_IDX,01/07/2025,11:47:24,2399.71,0,0,0,0,0,0
CAPINS.BSE_IDX,01/07/2025,11:47:32,2399.63,0,0,0,0,0,0
CAPINS.BSE_IDX,01/07/2025,11:47:40,2400.06,0,0,0,0,0,0
CAPINS.BSE_IDX,01/07/2025,11:47:48,2400.2,0,0,0,0,0,0
CAPINS.BSE_IDX,01/07/2025,11:47:56,2399.72,0,0,0,0,0,0
CAPINS.BSE_IDX,01/07/2025,11:48:04,2399.67,0,0,0,0,0,0
CAPINS.BSE_IDX,01/07/2025,11:48:12,2399.63,0,0,0,0,0,0
CAPINS.BSE_IDX,01/07/2025,11:48:20,2399.77,0,0,0,0,0,0
CAPINS.BSE_IDX,01/07/2025,11:48:28,2399.76,0,0,0,0,0,0
CAPINS.BSE_IDX,01/07/2025,11:48:36,2399.77,0,0,0,0,0,0
CAPINS.BSE_IDX,01/07/2025,11:48:44,2399.79,0,0,0,0,0,0
CAPINS.BSE_IDX,01/07/2025,11:48:52,2399.82,0,0,0,0,0,0
CAPINS.BSE_IDX,01/07/2025,11:49:01,2399.93,0,0,0,0,0,0
CAPINS.BSE_IDX,01/07/2025,11:49:09,2400.09,0,0,0,0,0,0
CAPINS.BSE_IDX,01/07/2025,11:49:16,2400.09,0,0,0,0,0,0
CAPINS.BSE_IDX,01/07/2025,11:49:24,2399.96,0,0,0,0,0,0
CAPINS.BSE_IDX,01/07/2025,11:49:32,2399.96,0,0,0,0,0,0
CAPINS.BSE_IDX,01/07/2025,11:49:40,2399.84,0,0,0,0,0,0
CAPINS.BSE_IDX,01/07/2025,11:49:49,2399.98,0,0,0,0,0,0
CAPINS.BSE_IDX,01/07/2025,11:49:56,2399.98,0,0,0,0,0,0
CAPINS.BSE_IDX,01/07/2025,11:50:04,2399.49,0,0,0,0,0,0
CAPINS.BSE_IDX,01/07/2025,11:50:12,2399.51,0,0,0,0,0,0
CAPINS.BSE_IDX,01/07/2025,11:50:20,2399.67,0,0,0,0,0,0
CAPINS.BSE_IDX,01/07/2025,11:50:28,2399.69,0,0,0,0,0,0
CAPINS.BSE_IDX,01/07/2025,11:50:36,2399.43,0,0,0,0,0,0
CAPINS.BSE_IDX,01/07/2025,11:50:44,2399.62,0,0,0,0,0,0
CAPINS.BSE_IDX,01/07/2025,11:50:52,2399.36,0,0,0,0,0,0
CAPINS.BSE_IDX,01/07/2025,11:51:00,2399.48,0,0,0,0,0,0
CAPINS.BSE_IDX,01/07/2025,11:51:08,2399.56,0,0,0,0,0,0
CAPINS.BSE_IDX,01/07/2025,11:51:16,2399.68,0,0,0,0,0,0
CAPINS.BSE_IDX,01/07/2025,11:51:24,2399.86,0,0,0,0,0,0
CAPINS.BSE_IDX,01/07/2025,11:51:32,2400,0,0,0,0,0,0
CAPINS.BSE_IDX,01/07/2025,11:51:40,2400.22,0,0,0,0,0,0
CAPINS.BSE_IDX,01/07/2025,11:51:48,2400.4,0,0,0,0,0,0
CAPINS.BSE_IDX,01/07/2025,11:51:56,2400.44,0,0,0,0,0,0
CAPINS.BSE_IDX,01/07/2025,11:52:04,2400.58,0,0,0,0,0,0
CAPINS.BSE_IDX,01/07/2025,11:52:12,2400.08,0,0,0,0,0,0
CAPINS.BSE_IDX,01/07/2025,11:52:20,2400.02,0,0,0,0,0,0
CAPINS.BSE_IDX,01/07/2025,11:52:28,2400.64,0,0,0,0,0,0
CAPINS.BSE_IDX,01/07/2025,11:52:36,2400.64,0,0,0,0,0,0
CAPINS.BSE_IDX,01/07/2025,11:52:44,2400.67,0,0,0,0,0,0
CAPINS.BSE_IDX,01/07/2025,11:52:52,2400.83,0,0,0,0,0,0
CAPINS.BSE_IDX,01/07/2025,11:53:00,2400.74,0,0,0,0,0,0
CAPINS.BSE_IDX,01/07/2025,11:53:08,2400.81,0,0,0,0,0,0
CAPINS.BSE_IDX,01/07/2025,11:53:16,2400.79,0,0,0,0,0,0
CAPINS.BSE_IDX,01/07/2025,11:53:24,2400.67,0,0,0,0,0,0
CAPINS.BSE_IDX,01/07/2025,11:53:32,2400.15,0,0,0,0,0,0
CAPINS.BSE_IDX,01/07/2025,11:53:40,2400.07,0,0,0,0,0,0
CAPINS.BSE_IDX,01/07/2025,11:53:48,2399.91,0,0,0,0,0,0
CAPINS.BSE_IDX,01/07/2025,11:53:56,2399.62,0,0,0,0,0,0
CAPINS.BSE_IDX,01/07/2025,11:54:04,2399.64,0,0,0,0,0,0
CAPINS.BSE_IDX,01/07/2025,11:54:12,2399.66,0,0,0,0,0,0
CAPINS.BSE_IDX,01/07/2025,11:54:20,2399.6,0,0,0,0,0,0
CAPINS.BSE_IDX,01/07/2025,11:54:28,2399.53,0,0,0,0,0,0
CAPINS.BSE_IDX,01/07/2025,11:54:36,2399.52,0,0,0,0,0,0
CAPINS.BSE_IDX,01/07/2025,11:54:44,2399.57,0,0,0,0,0,0
CAPINS.BSE_IDX,01/07/2025,11:54:52,2399.05,0,0,0,0,0,0
CAPINS.BSE_IDX,01/07/2025,11:55:00,2399.09,0,0,0,0,0,0
CAPINS.BSE_IDX,01/07/2025,11:55:08,2398.89,0,0,0,0,0,0
CAPINS.BSE_IDX,01/07/2025,11:55:17,2398.95,0,0,0,0,0,0
CAPINS.BSE_IDX,01/07/2025,11:55:24,2399.05,0,0,0,0,0,0
CAPINS.BSE_IDX,01/07/2025,11:55:32,2399.27,0,0,0,0,0,0
CAPINS.BSE_IDX,01/07/2025,11:55:40,2399.05,0,0,0,0,0,0
CAPINS.BSE_IDX,01/07/2025,11:55:48,2399.16,0,0,0,0,0,0
CAPINS.BSE_IDX,01/07/2025,11:55:56,2399.17,0,0,0,0,0,0
CAPINS.BSE_IDX,01/07/2025,11:56:05,2399.07,0,0,0,0,0,0
CAPINS.BSE_IDX,01/07/2025,11:56:12,2399.02,0,0,0,0,0,0
CAPINS.BSE_IDX,01/07/2025,11:56:20,2398.82,0,0,0,0,0,0
CAPINS.BSE_IDX,01/07/2025,11:56:28,2398.77,0,0,0,0,0,0
CAPINS.BSE_IDX,01/07/2025,11:56:36,2398.92,0,0,0,0,0,0
CAPINS.BSE_IDX,01/07/2025,11:56:44,2398.73,0,0,0,0,0,0
CAPINS.BSE_IDX,01/07/2025,11:56:52,2398.82,0,0,0,0,0,0
CAPINS.BSE_IDX,01/07/2025,11:57:00,2399.1,0,0,0,0,0,0
CAPINS.BSE_IDX,01/07/2025,11:57:08,2398.98,0,0,0,0,0,0
CAPINS.BSE_IDX,01/07/2025,11:57:16,2398.93,0,0,0,0,0,0
CAPINS.BSE_IDX,01/07/2025,11:57:24,2398.91,0,0,0,0,0,0
CAPINS.BSE_IDX,01/07/2025,11:57:32,2398.89,0,0,0,0,0,0
CAPINS.BSE_IDX,01/07/2025,11:57:40,2398.96,0,0,0,0,0,0
CAPINS.BSE_IDX,01/07/2025,11:57:48,2399,0,0,0,0,0,0
CAPINS.BSE_IDX,01/07/2025,11:57:56,2399.1,0,0,0,0,0,0
CAPINS.BSE_IDX,01/07/2025,11:58:04,2398.86,0,0,0,0,0,0
CAPINS.BSE_IDX,01/07/2025,11:58:12,2398.56,0,0,0,0,0,0
CAPINS.BSE_IDX,01/07/2025,11:58:20,2398.48,0,0,0,0,0,0
CAPINS.BSE_IDX,01/07/2025,11:58:28,2398.5,0,0,0,0,0,0
CAPINS.BSE_IDX,01/07/2025,11:58:36,2398.58,0,0,0,0,0,0
CAPINS.BSE_IDX,01/07/2025,11:58:44,2398.56,0,0,0,0,0,0
CAPINS.BSE_IDX,01/07/2025,11:58:52,2398.36,0,0,0,0,0,0
CAPINS.BSE_IDX,01/07/2025,11:59:00,2398.36,0,0,0,0,0,0
CAPINS.BSE_IDX,01/07/2025,11:59:08,2398.38,0,0,0,0,0,0
CAPINS.BSE_IDX,01/07/2025,11:59:16,2398.5,0,0,0,0,0,0
CAPINS.BSE_IDX,01/07/2025,11:59:24,2398.72,0,0,0,0,0,0
CAPINS.BSE_IDX,01/07/2025,11:59:32,2398.9,0,0,0,0,0,0
CAPINS.BSE_IDX,01/07/2025,11:59:40,2398.88,0,0,0,0,0,0
CAPINS.BSE_IDX,01/07/2025,11:59:48,2398.9,0,0,0,0,0,0
CAPINS.BSE_IDX,01/07/2025,11:59:56,2398.79,0,0,0,0,0,0
CAPINS.BSE_IDX,01/07/2025,12:00:05,2398.98,0,0,0,0,0,0
CAPINS.BSE_IDX,01/07/2025,12:00:12,2399.01,0,0,0,0,0,0
CAPINS.BSE_IDX,01/07/2025,12:00:20,2399.06,0,0,0,0,0,0
CAPINS.BSE_IDX,01/07/2025,12:00:28,2399.27,0,0,0,0,0,0
CAPINS.BSE_IDX,01/07/2025,12:00:37,2399.32,0,0,0,0,0,0
CAPINS.BSE_IDX,01/07/2025,12:00:44,2399.25,0,0,0,0,0,0
CAPINS.BSE_IDX,01/07/2025,12:00:52,2399.26,0,0,0,0,0,0
CAPINS.BSE_IDX,01/07/2025,12:01:00,2399.33,0,0,0,0,0,0
CAPINS.BSE_IDX,01/07/2025,12:01:08,2399.32,0,0,0,0,0,0
CAPINS.BSE_IDX,01/07/2025,12:01:16,2399.17,0,0,0,0,0,0
CAPINS.BSE_IDX,01/07/2025,12:01:24,2399.03,0,0,0,0,0,0
CAPINS.BSE_IDX,01/07/2025,12:01:32,2398.89,0,0,0,0,0,0
CAPINS.BSE_IDX,01/07/2025,12:01:40,2399.05,0,0,0,0,0,0
CAPINS.BSE_IDX,01/07/2025,12:01:48,2399.04,0,0,0,0,0,0
CAPINS.BSE_IDX,01/07/2025,12:01:57,2399.16,0,0,0,0,0,0
CAPINS.BSE_IDX,01/07/2025,12:02:04,2399.1,0,0,0,0,0,0
CAPINS.BSE_IDX,01/07/2025,12:02:12,2399.54,0,0,0,0,0,0
CAPINS.BSE_IDX,01/07/2025,12:02:20,2399.77,0,0,0,0,0,0
CAPINS.BSE_IDX,01/07/2025,12:02:28,2399.82,0,0,0,0,0,0
CAPINS.BSE_IDX,01/07/2025,12:02:36,2399.88,0,0,0,0,0,0
CAPINS.BSE_IDX,01/07/2025,12:02:44,2399.82,0,0,0,0,0,0
CAPINS.BSE_IDX,01/07/2025,12:02:52,2399.66,0,0,0,0,0,0
CAPINS.BSE_IDX,01/07/2025,12:03:00,2399.69,0,0,0,0,0,0
CAPINS.BSE_IDX,01/07/2025,12:03:08,2400.21,0,0,0,0,0,0
CAPINS.BSE_IDX,01/07/2025,12:03:17,2400.31,0,0,0,0,0,0
CAPINS.BSE_IDX,01/07/2025,12:03:24,2400.07,0,0,0,0,0,0
CAPINS.BSE_IDX,01/07/2025,12:03:32,2400.18,0,0,0,0,0,0
CAPINS.BSE_IDX,01/07/2025,12:03:40,2400.18,0,0,0,0,0,0
CAPINS.BSE_IDX,01/07/2025,12:03:48,2400.19,0,0,0,0,0,0
CAPINS.BSE_IDX,01/07/2025,12:03:56,2400.17,0,0,0,0,0,0
CAPINS.BSE_IDX,01/07/2025,12:04:04,2400.16,0,0,0,0,0,0
CAPINS.BSE_IDX,01/07/2025,12:04:12,2400.01,0,0,0,0,0,0
CAPINS.BSE_IDX,01/07/2025,12:04:20,2400.16,0,0,0,0,0,0
CAPINS.BSE_IDX,01/07/2025,12:04:28,2400.03,0,0,0,0,0,0
CAPINS.BSE_IDX,01/07/2025,12:04:36,2399.97,0,0,0,0,0,0
CAPINS.BSE_IDX,01/07/2025,12:04:44,2399.71,0,0,0,0,0,0
CAPINS.BSE_IDX,01/07/2025,12:04:52,2399.78,0,0,0,0,0,0
CAPINS.BSE_IDX,01/07/2025,12:05:01,2399.93,0,0,0,0,0,0
CAPINS.BSE_IDX,01/07/2025,12:05:08,2400,0,0,0,0,0,0
CAPINS.BSE_IDX,01/07/2025,12:05:16,2399.96,0,0,0,0,0,0
CAPINS.BSE_IDX,01/07/2025,12:05:24,2400.07,0,0,0,0,0,0
CAPINS.BSE_IDX,01/07/2025,12:05:32,2399.97,0,0,0,0,0,0
CAPINS.BSE_IDX,01/07/2025,12:05:40,2399.95,0,0,0,0,0,0
CAPINS.BSE_IDX,01/07/2025,12:05:48,2400.01,0,0,0,0,0,0
CAPINS.BSE_IDX,01/07/2025,12:05:56,2399.99,0,0,0,0,0,0
CAPINS.BSE_IDX,01/07/2025,12:06:04,2399.98,0,0,0,0,0,0
CAPINS.BSE_IDX,01/07/2025,12:06:12,2399.95,0,0,0,0,0,0
CAPINS.BSE_IDX,01/07/2025,12:06:20,2400.09,0,0,0,0,0,0
CAPINS.BSE_IDX,01/07/2025,12:06:28,2400.09,0,0,0,0,0,0
CAPINS.BSE_IDX,01/07/2025,12:06:36,2399.73,0,0,0,0,0,0
CAPINS.BSE_IDX,01/07/2025,12:06:44,2399.85,0,0,0,0,0,0
CAPINS.BSE_IDX,01/07/2025,12:06:53,2399.87,0,0,0,0,0,0
CAPINS.BSE_IDX,01/07/2025,12:07:00,2399.76,0,0,0,0,0,0
CAPINS.BSE_IDX,01/07/2025,12:07:08,2399.76,0,0,0,0,0,0
CAPINS.BSE_IDX,01/07/2025,12:07:17,2399.64,0,0,0,0,0,0
CAPINS.BSE_IDX,01/07/2025,12:07:24,2399.72,0,0,0,0,0,0
CAPINS.BSE_IDX,01/07/2025,12:07:33,2399.62,0,0,0,0,0,0
CAPINS.BSE_IDX,01/07/2025,12:07:40,2399.67,0,0,0,0,0,0
CAPINS.BSE_IDX,01/07/2025,12:07:49,2399.82,0,0,0,0,0,0
CAPINS.BSE_IDX,01/07/2025,12:07:57,2399.86,0,0,0,0,0,0
CAPINS.BSE_IDX,01/07/2025,12:08:05,2399.79,0,0,0,0,0,0
CAPINS.BSE_IDX,01/07/2025,12:08:13,2399.82,0,0,0,0,0,0
CAPINS.BSE_IDX,01/07/2025,12:08:21,2399.79,0,0,0,0,0,0
CAPINS.BSE_IDX,01/07/2025,12:08:28,2399.78,0,0,0,0,0,0
CAPINS.BSE_IDX,01/07/2025,12:08:36,2399.78,0,0,0,0,0,0
CAPINS.BSE_IDX,01/07/2025,12:08:45,2399.96,0,0,0,0,0,0
CAPINS.BSE_IDX,01/07/2025,12:08:52,2400.14,0,0,0,0,0,0
CAPINS.BSE_IDX,01/07/2025,12:09:00,2399.94,0,0,0,0,0,0
CAPINS.BSE_IDX,01/07/2025,12:09:08,2400.05,0,0,0,0,0,0
CAPINS.BSE_IDX,01/07/2025,12:09:16,2400.28,0,0,0,0,0,0
CAPINS.BSE_IDX,01/07/2025,12:09:25,2400.28,0,0,0,0,0,0
CAPINS.BSE_IDX,01/07/2025,12:09:32,2400.37,0,0,0,0,0,0
CAPINS.BSE_IDX,01/07/2025,12:09:40,2400.14,0,0,0,0,0,0
CAPINS.BSE_IDX,01/07/2025,12:09:48,2400.02,0,0,0,0,0,0
CAPINS.BSE_IDX,01/07/2025,12:09:57,2399.91,0,0,0,0,0,0
CAPINS.BSE_IDX,01/07/2025,12:10:05,2399.98,0,0,0,0,0,0
CAPINS.BSE_IDX,01/07/2025,12:10:13,2399.74,0,0,0,0,0,0
CAPINS.BSE_IDX,01/07/2025,12:10:22,2399.79,0,0,0,0,0,0
CAPINS.BSE_IDX,01/07/2025,12:10:28,2399.56,0,0,0,0,0,0
CAPINS.BSE_IDX,01/07/2025,12:10:36,2399.54,0,0,0,0,0,0
CAPINS.BSE_IDX,01/07/2025,12:10:45,2399.64,0,0,0,0,0,0
CAPINS.BSE_IDX,01/07/2025,12:10:52,2399.55,0,0,0,0,0,0
CAPINS.BSE_IDX,01/07/2025,12:11:00,2399.53,0,0,0,0,0,0
CAPINS.BSE_IDX,01/07/2025,12:11:08,2399.54,0,0,0,0,0,0
CAPINS.BSE_IDX,01/07/2025,12:11:17,2399.63,0,0,0,0,0,0
CAPINS.BSE_IDX,01/07/2025,12:11:24,2399.56,0,0,0,0,0,0
CAPINS.BSE_IDX,01/07/2025,12:11:32,2399.55,0,0,0,0,0,0
CAPINS.BSE_IDX,01/07/2025,12:11:41,2399.58,0,0,0,0,0,0
CAPINS.BSE_IDX,01/07/2025,12:11:49,2399.79,0,0,0,0,0,0
CAPINS.BSE_IDX,01/07/2025,12:11:57,2399.81,0,0,0,0,0,0
CAPINS.BSE_IDX,01/07/2025,12:12:05,2399.81,0,0,0,0,0,0
CAPINS.BSE_IDX,01/07/2025,12:12:13,2399.82,0,0,0,0,0,0
CAPINS.BSE_IDX,01/07/2025,12:12:21,2399.82,0,0,0,0,0,0
CAPINS.BSE_IDX,01/07/2025,12:12:29,2399.83,0,0,0,0,0,0
CAPINS.BSE_IDX,01/07/2025,12:12:37,2399.83,0,0,0,0,0,0
CAPINS.BSE_IDX,01/07/2025,12:12:45,2399.69,0,0,0,0,0,0
CAPINS.BSE_IDX,01/07/2025,12:12:53,2399.88,0,0,0,0,0,0
CAPINS.BSE_IDX,01/07/2025,12:13:01,2399.85,0,0,0,0,0,0
CAPINS.BSE_IDX,01/07/2025,12:13:09,2399.84,0,0,0,0,0,0
CAPINS.BSE_IDX,01/07/2025,12:13:17,2399.83,0,0,0,0,0,0
CAPINS.BSE_IDX,01/07/2025,12:13:25,2400.19,0,0,0,0,0,0
CAPINS.BSE_IDX,01/07/2025,12:13:33,2400.22,0,0,0,0,0,0
CAPINS.BSE_IDX,01/07/2025,12:13:41,2400.24,0,0,0,0,0,0
CAPINS.BSE_IDX,01/07/2025,12:13:49,2400.23,0,0,0,0,0,0
CAPINS.BSE_IDX,01/07/2025,12:13:57,2400.28,0,0,0,0,0,0
CAPINS.BSE_IDX,01/07/2025,12:14:05,2400.47,0,0,0,0,0,0
CAPINS.BSE_IDX,01/07/2025,12:14:13,2400.5,0,0,0,0,0,0
CAPINS.BSE_IDX,01/07/2025,12:14:21,2400.7,0,0,0,0,0,0
CAPINS.BSE_IDX,01/07/2025,12:14:29,2400.65,0,0,0,0,0,0
CAPINS.BSE_IDX,01/07/2025,12:14:37,2400.51,0,0,0,0,0,0
CAPINS.BSE_IDX,01/07/2025,12:14:46,2400.53,0,0,0,0,0,0
CAPINS.BSE_IDX,01/07/2025,12:14:54,2400.68,0,0,0,0,0,0
CAPINS.BSE_IDX,01/07/2025,12:15:01,2400.73,0,0,0,0,0,0
CAPINS.BSE_IDX,01/07/2025,12:15:09,2400.53,0,0,0,0,0,0
CAPINS.BSE_IDX,01/07/2025,12:15:17,2400.48,0,0,0,0,0,0
CAPINS.BSE_IDX,01/07/2025,12:15:25,2400.42,0,0,0,0,0,0
CAPINS.BSE_IDX,01/07/2025,12:15:33,2399.97,0,0,0,0,0,0
CAPINS.BSE_IDX,01/07/2025,12:15:41,2399.89,0,0,0,0,0,0
CAPINS.BSE_IDX,01/07/2025,12:15:49,2400.29,0,0,0,0,0,0
CAPINS.BSE_IDX,01/07/2025,12:15:57,2400.29,0,0,0,0,0,0
CAPINS.BSE_IDX,01/07/2025,12:16:05,2400.37,0,0,0,0,0,0
CAPINS.BSE_IDX,01/07/2025,12:16:13,2400.33,0,0,0,0,0,0
CAPINS.BSE_IDX,01/07/2025,12:16:21,2400.49,0,0,0,0,0,0
CAPINS.BSE_IDX,01/07/2025,12:16:29,2400.49,0,0,0,0,0,0
CAPINS.BSE_IDX,01/07/2025,12:16:37,2400.49,0,0,0,0,0,0
CAPINS.BSE_IDX,01/07/2025,12:16:45,2400.61,0,0,0,0,0,0
CAPINS.BSE_IDX,01/07/2025,12:16:53,2400.75,0,0,0,0,0,0
CAPINS.BSE_IDX,01/07/2025,12:17:01,2400.74,0,0,0,0,0,0
CAPINS.BSE_IDX,01/07/2025,12:17:09,2400.89,0,0,0,0,0,0
CAPINS.BSE_IDX,01/07/2025,12:17:17,2400.91,0,0,0,0,0,0
CAPINS.BSE_IDX,01/07/2025,12:17:25,2400.94,0,0,0,0,0,0
CAPINS.BSE_IDX,01/07/2025,12:17:33,2400.76,0,0,0,0,0,0
CAPINS.BSE_IDX,01/07/2025,12:17:41,2400.89,0,0,0,0,0,0
CAPINS.BSE_IDX,01/07/2025,12:17:49,2400.95,0,0,0,0,0,0
CAPINS.BSE_IDX,01/07/2025,12:17:57,2400.97,0,0,0,0,0,0
CAPINS.BSE_IDX,01/07/2025,12:18:05,2401.13,0,0,0,0,0,0
CAPINS.BSE_IDX,01/07/2025,12:18:13,2400.95,0,0,0,0,0,0
CAPINS.BSE_IDX,01/07/2025,12:18:21,2401.01,0,0,0,0,0,0
CAPINS.BSE_IDX,01/07/2025,12:18:29,2401.01,0,0,0,0,0,0
CAPINS.BSE_IDX,01/07/2025,12:18:37,2401.03,0,0,0,0,0,0
CAPINS.BSE_IDX,01/07/2025,12:18:45,2401.05,0,0,0,0,0,0
CAPINS.BSE_IDX,01/07/2025,12:18:53,2401.17,0,0,0,0,0,0
CAPINS.BSE_IDX,01/07/2025,12:19:01,2401.36,0,0,0,0,0,0
CAPINS.BSE_IDX,01/07/2025,12:19:09,2401.47,0,0,0,0,0,0
CAPINS.BSE_IDX,01/07/2025,12:19:17,2401.69,0,0,0,0,0,0
CAPINS.BSE_IDX,01/07/2025,12:19:25,2401.63,0,0,0,0,0,0
CAPINS.BSE_IDX,01/07/2025,12:19:33,2401.49,0,0,0,0,0,0
CAPINS.BSE_IDX,01/07/2025,12:19:41,2401.49,0,0,0,0,0,0
CAPINS.BSE_IDX,01/07/2025,12:19:49,2401.91,0,0,0,0,0,0
CAPINS.BSE_IDX,01/07/2025,12:19:57,2402.08,0,0,0,0,0,0
CAPINS.BSE_IDX,01/07/2025,12:20:05,2402.2,0,0,0,0,0,0
CAPINS.BSE_IDX,01/07/2025,12:20:13,2402.28,0,0,0,0,0,0
CAPINS.BSE_IDX,01/07/2025,12:20:21,2402.63,0,0,0,0,0,0
CAPINS.BSE_IDX,01/07/2025,12:20:29,2402.61,0,0,0,0,0,0
CAPINS.BSE_IDX,01/07/2025,12:20:37,2402.32,0,0,0,0,0,0
CAPINS.BSE_IDX,01/07/2025,12:20:45,2402.77,0,0,0,0,0,0
CAPINS.BSE_IDX,01/07/2025,12:20:53,2402.45,0,0,0,0,0,0
CAPINS.BSE_IDX,01/07/2025,12:21:01,2402.57,0,0,0,0,0,0
CAPINS.BSE_IDX,01/07/2025,12:21:09,2402.3,0,0,0,0,0,0
CAPINS.BSE_IDX,01/07/2025,12:21:17,2402.2,0,0,0,0,0,0
CAPINS.BSE_IDX,01/07/2025,12:21:25,2402.22,0,0,0,0,0,0
CAPINS.BSE_IDX,01/07/2025,12:21:33,2402.19,0,0,0,0,0,0
CAPINS.BSE_IDX,01/07/2025,12:21:41,2402.46,0,0,0,0,0,0
CAPINS.BSE_IDX,01/07/2025,12:21:49,2402.64,0,0,0,0,0,0
CAPINS.BSE_IDX,01/07/2025,12:21:57,2402.51,0,0,0,0,0,0
CAPINS.BSE_IDX,01/07/2025,12:22:05,2402.55,0,0,0,0,0,0
CAPINS.BSE_IDX,01/07/2025,12:22:13,2402.63,0,0,0,0,0,0
CAPINS.BSE_IDX,01/07/2025,12:22:21,2402.66,0,0,0,0,0,0
CAPINS.BSE_IDX,01/07/2025,12:22:29,2402.63,0,0,0,0,0,0
CAPINS.BSE_IDX,01/07/2025,12:22:37,2402.63,0,0,0,0,0,0
CAPINS.BSE_IDX,01/07/2025,12:22:45,2402.88,0,0,0,0,0,0
CAPINS.BSE_IDX,01/07/2025,12:22:53,2402.99,0,0,0,0,0,0
CAPINS.BSE_IDX,01/07/2025,12:23:02,2403.52,0,0,0,0,0,0
CAPINS.BSE_IDX,01/07/2025,12:23:09,2403.57,0,0,0,0,0,0
CAPINS.BSE_IDX,01/07/2025,12:23:17,2403.56,0,0,0,0,0,0
CAPINS.BSE_IDX,01/07/2025,12:23:25,2403.46,0,0,0,0,0,0
CAPINS.BSE_IDX,01/07/2025,12:23:33,2403.5,0,0,0,0,0,0
CAPINS.BSE_IDX,01/07/2025,12:23:41,2403.56,0,0,0,0,0,0
CAPINS.BSE_IDX,01/07/2025,12:23:49,2403.74,0,0,0,0,0,0
CAPINS.BSE_IDX,01/07/2025,12:23:57,2403.65,0,0,0,0,0,0
CAPINS.BSE_IDX,01/07/2025,12:24:05,2403.65,0,0,0,0,0,0
CAPINS.BSE_IDX,01/07/2025,12:24:13,2403.51,0,0,0,0,0,0
CAPINS.BSE_IDX,01/07/2025,12:24:21,2403.42,0,0,0,0,0,0
CAPINS.BSE_IDX,01/07/2025,12:24:29,2403.59,0,0,0,0,0,0
CAPINS.BSE_IDX,01/07/2025,12:24:37,2403.69,0,0,0,0,0,0
CAPINS.BSE_IDX,01/07/2025,12:24:45,2403.71,0,0,0,0,0,0
CAPINS.BSE_IDX,01/07/2025,12:24:53,2403.85,0,0,0,0,0,0
CAPINS.BSE_IDX,01/07/2025,12:25:01,2403.86,0,0,0,0,0,0
CAPINS.BSE_IDX,01/07/2025,12:25:09,2403.68,0,0,0,0,0,0
CAPINS.BSE_IDX,01/07/2025,12:25:17,2403.74,0,0,0,0,0,0
CAPINS.BSE_IDX,01/07/2025,12:25:25,2403.75,0,0,0,0,0,0
CAPINS.BSE_IDX,01/07/2025,12:25:33,2403.75,0,0,0,0,0,0
CAPINS.BSE_IDX,01/07/2025,12:25:41,2403.75,0,0,0,0,0,0
CAPINS.BSE_IDX,01/07/2025,12:25:49,2403.75,0,0,0,0,0,0
CAPINS.BSE_IDX,01/07/2025,12:25:57,2403.66,0,0,0,0,0,0
CAPINS.BSE_IDX,01/07/2025,12:26:05,2403.66,0,0,0,0,0,0
CAPINS.BSE_IDX,01/07/2025,12:26:13,2404.15,0,0,0,0,0,0
CAPINS.BSE_IDX,01/07/2025,12:26:21,2404.15,0,0,0,0,0,0
CAPINS.BSE_IDX,01/07/2025,12:26:31,2404.1,0,0,0,0,0,0
CAPINS.BSE_IDX,01/07/2025,12:26:37,2404.06,0,0,0,0,0,0
CAPINS.BSE_IDX,01/07/2025,12:26:45,2404.07,0,0,0,0,0,0
CAPINS.BSE_IDX,01/07/2025,12:26:53,2404.17,0,0,0,0,0,0
CAPINS.BSE_IDX,01/07/2025,12:27:01,2403.93,0,0,0,0,0,0
CAPINS.BSE_IDX,01/07/2025,12:27:09,2403.58,0,0,0,0,0,0
CAPINS.BSE_IDX,01/07/2025,12:27:17,2403.58,0,0,0,0,0,0
CAPINS.BSE_IDX,01/07/2025,12:27:25,2403.55,0,0,0,0,0,0
CAPINS.BSE_IDX,01/07/2025,12:27:33,2403.55,0,0,0,0,0,0
CAPINS.BSE_IDX,01/07/2025,12:27:41,2403.46,0,0,0,0,0,0
CAPINS.BSE_IDX,01/07/2025,12:27:49,2403.41,0,0,0,0,0,0
CAPINS.BSE_IDX,01/07/2025,12:27:57,2403.54,0,0,0,0,0,0
CAPINS.BSE_IDX,01/07/2025,12:28:05,2403.59,0,0,0,0,0,0
CAPINS.BSE_IDX,01/07/2025,12:28:13,2403.6,0,0,0,0,0,0
CAPINS.BSE_IDX,01/07/2025,12:28:21,2403.76,0,0,0,0,0,0
CAPINS.BSE_IDX,01/07/2025,12:28:29,2403.83,0,0,0,0,0,0
CAPINS.BSE_IDX,01/07/2025,12:28:37,2403.83,0,0,0,0,0,0
CAPINS.BSE_IDX,01/07/2025,12:28:45,2403.75,0,0,0,0,0,0
CAPINS.BSE_IDX,01/07/2025,12:28:53,2403.58,0,0,0,0,0,0
CAPINS.BSE_IDX,01/07/2025,12:29:01,2403.31,0,0,0,0,0,0
CAPINS.BSE_IDX,01/07/2025,12:29:10,2403.28,0,0,0,0,0,0
CAPINS.BSE_IDX,01/07/2025,12:29:18,2403.2,0,0,0,0,0,0
CAPINS.BSE_IDX,01/07/2025,12:29:25,2403.25,0,0,0,0,0,0
CAPINS.BSE_IDX,01/07/2025,12:29:33,2403.53,0,0,0,0,0,0
CAPINS.BSE_IDX,01/07/2025,12:29:41,2403.36,0,0,0,0,0,0
CAPINS.BSE_IDX,01/07/2025,12:29:49,2403.39,0,0,0,0,0,0
CAPINS.BSE_IDX,01/07/2025,12:29:57,2403.45,0,0,0,0,0,0
CAPINS.BSE_IDX,01/07/2025,12:30:05,2403.64,0,0,0,0,0,0
CAPINS.BSE_IDX,01/07/2025,12:30:13,2403.58,0,0,0,0,0,0
CAPINS.BSE_IDX,01/07/2025,12:30:22,2403.74,0,0,0,0,0,0
CAPINS.BSE_IDX,01/07/2025,12:30:29,2403.67,0,0,0,0,0,0
CAPINS.BSE_IDX,01/07/2025,12:30:37,2403.69,0,0,0,0,0,0
CAPINS.BSE_IDX,01/07/2025,12:30:45,2403.67,0,0,0,0,0,0
CAPINS.BSE_IDX,01/07/2025,12:30:53,2403.63,0,0,0,0,0,0
CAPINS.BSE_IDX,01/07/2025,12:31:01,2403.63,0,0,0,0,0,0
CAPINS.BSE_IDX,01/07/2025,12:31:09,2403.51,0,0,0,0,0,0
CAPINS.BSE_IDX,01/07/2025,12:31:17,2403.29,0,0,0,0,0,0
CAPINS.BSE_IDX,01/07/2025,12:31:25,2403.29,0,0,0,0,0,0
CAPINS.BSE_IDX,01/07/2025,12:31:34,2403.27,0,0,0,0,0,0
CAPINS.BSE_IDX,01/07/2025,12:31:41,2403.25,0,0,0,0,0,0
CAPINS.BSE_IDX,01/07/2025,12:31:49,2403.25,0,0,0,0,0,0
CAPINS.BSE_IDX,01/07/2025,12:31:57,2403.25,0,0,0,0,0,0
CAPINS.BSE_IDX,01/07/2025,12:32:05,2403.3,0,0,0,0,0,0
CAPINS.BSE_IDX,01/07/2025,12:32:13,2403.31,0,0,0,0,0,0
CAPINS.BSE_IDX,01/07/2025,12:32:21,2402.86,0,0,0,0,0,0
CAPINS.BSE_IDX,01/07/2025,12:32:29,2403.03,0,0,0,0,0,0
CAPINS.BSE_IDX,01/07/2025,12:32:37,2402.61,0,0,0,0,0,0
CAPINS.BSE_IDX,01/07/2025,12:32:45,2402.46,0,0,0,0,0,0
CAPINS.BSE_IDX,01/07/2025,12:32:53,2402.55,0,0,0,0,0,0
CAPINS.BSE_IDX,01/07/2025,12:33:01,2402.29,0,0,0,0,0,0
CAPINS.BSE_IDX,01/07/2025,12:33:09,2402.32,0,0,0,0,0,0
CAPINS.BSE_IDX,01/07/2025,12:33:17,2402.39,0,0,0,0,0,0
CAPINS.BSE_IDX,01/07/2025,12:33:26,2402.45,0,0,0,0,0,0
CAPINS.BSE_IDX,01/07/2025,12:33:33,2402.22,0,0,0,0,0,0
CAPINS.BSE_IDX,01/07/2025,12:33:41,2402.47,0,0,0,0,0,0
CAPINS.BSE_IDX,01/07/2025,12:33:49,2402.61,0,0,0,0,0,0
CAPINS.BSE_IDX,01/07/2025,12:33:57,2402.58,0,0,0,0,0,0
CAPINS.BSE_IDX,01/07/2025,12:34:05,2402.5,0,0,0,0,0,0
CAPINS.BSE_IDX,01/07/2025,12:34:13,2402.64,0,0,0,0,0,0
CAPINS.BSE_IDX,01/07/2025,12:34:21,2402.49,0,0,0,0,0,0
CAPINS.BSE_IDX,01/07/2025,12:34:29,2402.49,0,0,0,0,0,0
CAPINS.BSE_IDX,01/07/2025,12:34:37,2402.55,0,0,0,0,0,0
CAPINS.BSE_IDX,01/07/2025,12:34:45,2402.57,0,0,0,0,0,0
CAPINS.BSE_IDX,01/07/2025,12:34:53,2403,0,0,0,0,0,0
CAPINS.BSE_IDX,01/07/2025,12:35:01,2403.16,0,0,0,0,0,0
CAPINS.BSE_IDX,01/07/2025,12:35:09,2403.15,0,0,0,0,0,0
CAPINS.BSE_IDX,01/07/2025,12:35:17,2403.28,0,0,0,0,0,0
CAPINS.BSE_IDX,01/07/2025,12:35:25,2403.29,0,0,0,0,0,0
CAPINS.BSE_IDX,01/07/2025,12:35:33,2403.2,0,0,0,0,0,0
CAPINS.BSE_IDX,01/07/2025,12:35:41,2403.24,0,0,0,0,0,0
CAPINS.BSE_IDX,01/07/2025,12:35:49,2403.31,0,0,0,0,0,0
CAPINS.BSE_IDX,01/07/2025,12:35:57,2403.31,0,0,0,0,0,0
CAPINS.BSE_IDX,01/07/2025,12:36:05,2403.31,0,0,0,0,0,0
CAPINS.BSE_IDX,01/07/2025,12:36:13,2403,0,0,0,0,0,0
CAPINS.BSE_IDX,01/07/2025,12:36:21,2402.88,0,0,0,0,0,0
CAPINS.BSE_IDX,01/07/2025,12:36:29,2402.94,0,0,0,0,0,0
CAPINS.BSE_IDX,01/07/2025,12:36:37,2402.99,0,0,0,0,0,0
CAPINS.BSE_IDX,01/07/2025,12:36:45,2402.99,0,0,0,0,0,0
CAPINS.BSE_IDX,01/07/2025,12:36:53,2402.76,0,0,0,0,0,0
CAPINS.BSE_IDX,01/07/2025,12:37:01,2403.18,0,0,0,0,0,0
CAPINS.BSE_IDX,01/07/2025,12:37:09,2403.72,0,0,0,0,0,0
CAPINS.BSE_IDX,01/07/2025,12:37:17,2403.61,0,0,0,0,0,0
CAPINS.BSE_IDX,01/07/2025,12:37:25,2403.48,0,0,0,0,0,0
CAPINS.BSE_IDX,01/07/2025,12:37:33,2403.11,0,0,0,0,0,0
CAPINS.BSE_IDX,01/07/2025,12:37:41,2403.2,0,0,0,0,0,0
CAPINS.BSE_IDX,01/07/2025,12:37:49,2403.27,0,0,0,0,0,0
CAPINS.BSE_IDX,01/07/2025,12:37:57,2403.17,0,0,0,0,0,0
CAPINS.BSE_IDX,01/07/2025,12:38:05,2403.04,0,0,0,0,0,0
CAPINS.BSE_IDX,01/07/2025,12:38:13,2403.15,0,0,0,0,0,0
CAPINS.BSE_IDX,01/07/2025,12:38:22,2402.93,0,0,0,0,0,0
CAPINS.BSE_IDX,01/07/2025,12:38:29,2402.89,0,0,0,0,0,0
CAPINS.BSE_IDX,01/07/2025,12:38:39,2402.53,0,0,0,0,0,0
CAPINS.BSE_IDX,01/07/2025,12:38:45,2402.64,0,0,0,0,0,0
CAPINS.BSE_IDX,01/07/2025,12:38:53,2402.75,0,0,0,0,0,0
CAPINS.BSE_IDX,01/07/2025,12:39:01,2402.83,0,0,0,0,0,0
CAPINS.BSE_IDX,01/07/2025,12:39:10,2402.86,0,0,0,0,0,0
CAPINS.BSE_IDX,01/07/2025,12:39:18,2402.99,0,0,0,0,0,0
CAPINS.BSE_IDX,01/07/2025,12:39:25,2402.99,0,0,0,0,0,0
CAPINS.BSE_IDX,01/07/2025,12:39:34,2402.86,0,0,0,0,0,0
CAPINS.BSE_IDX,01/07/2025,12:39:42,2402.83,0,0,0,0,0,0
CAPINS.BSE_IDX,01/07/2025,12:39:49,2402.85,0,0,0,0,0,0
CAPINS.BSE_IDX,01/07/2025,12:39:57,2402.79,0,0,0,0,0,0
CAPINS.BSE_IDX,01/07/2025,12:40:05,2402.92,0,0,0,0,0,0
CAPINS.BSE_IDX,01/07/2025,12:40:14,2402.88,0,0,0,0,0,0
CAPINS.BSE_IDX,01/07/2025,12:40:21,2402.88,0,0,0,0,0,0
CAPINS.BSE_IDX,01/07/2025,12:40:29,2402.81,0,0,0,0,0,0
CAPINS.BSE_IDX,01/07/2025,12:40:37,2402.73,0,0,0,0,0,0
CAPINS.BSE_IDX,01/07/2025,12:40:45,2402.62,0,0,0,0,0,0
CAPINS.BSE_IDX,01/07/2025,12:40:54,2402.69,0,0,0,0,0,0
CAPINS.BSE_IDX,01/07/2025,12:41:01,2402.44,0,0,0,0,0,0
CAPINS.BSE_IDX,01/07/2025,12:41:09,2402.44,0,0,0,0,0,0
CAPINS.BSE_IDX,01/07/2025,12:41:17,2402.44,0,0,0,0,0,0
CAPINS.BSE_IDX,01/07/2025,12:41:25,2402.38,0,0,0,0,0,0
CAPINS.BSE_IDX,01/07/2025,12:41:33,2402.51,0,0,0,0,0,0
CAPINS.BSE_IDX,01/07/2025,12:41:42,2402.62,0,0,0,0,0,0
CAPINS.BSE_IDX,01/07/2025,12:41:50,2402.75,0,0,0,0,0,0
CAPINS.BSE_IDX,01/07/2025,12:41:58,2402.77,0,0,0,0,0,0
CAPINS.BSE_IDX,01/07/2025,12:42:05,2402.73,0,0,0,0,0,0
CAPINS.BSE_IDX,01/07/2025,12:42:13,2402.71,0,0,0,0,0,0
CAPINS.BSE_IDX,01/07/2025,12:42:21,2402.71,0,0,0,0,0,0
CAPINS.BSE_IDX,01/07/2025,12:42:29,2402.47,0,0,0,0,0,0
CAPINS.BSE_IDX,01/07/2025,12:42:37,2402.46,0,0,0,0,0,0
CAPINS.BSE_IDX,01/07/2025,12:42:46,2402.66,0,0,0,0,0,0
CAPINS.BSE_IDX,01/07/2025,12:42:53,2402.65,0,0,0,0,0,0
CAPINS.BSE_IDX,01/07/2025,12:43:01,2402.79,0,0,0,0,0,0
CAPINS.BSE_IDX,01/07/2025,12:43:10,2402.58,0,0,0,0,0,0
CAPINS.BSE_IDX,01/07/2025,12:43:17,2402.71,0,0,0,0,0,0
CAPINS.BSE_IDX,01/07/2025,12:43:26,2402.4,0,0,0,0,0,0
CAPINS.BSE_IDX,01/07/2025,12:43:34,2402.32,0,0,0,0,0,0
CAPINS.BSE_IDX,01/07/2025,12:43:42,2402.39,0,0,0,0,0,0
CAPINS.BSE_IDX,01/07/2025,12:43:49,2402.28,0,0,0,0,0,0
CAPINS.BSE_IDX,01/07/2025,12:43:58,2402.13,0,0,0,0,0,0
CAPINS.BSE_IDX,01/07/2025,12:44:05,2401.98,0,0,0,0,0,0
CAPINS.BSE_IDX,01/07/2025,12:44:14,2401.76,0,0,0,0,0,0
CAPINS.BSE_IDX,01/07/2025,12:44:22,2401.55,0,0,0,0,0,0
CAPINS.BSE_IDX,01/07/2025,12:44:29,2401.69,0,0,0,0,0,0
CAPINS.BSE_IDX,01/07/2025,12:44:38,2401.67,0,0,0,0,0,0
CAPINS.BSE_IDX,01/07/2025,12:44:46,2401.63,0,0,0,0,0,0
CAPINS.BSE_IDX,01/07/2025,12:44:53,2401.69,0,0,0,0,0,0
CAPINS.BSE_IDX,01/07/2025,12:45:01,2401.7,0,0,0,0,0,0
CAPINS.BSE_IDX,01/07/2025,12:45:11,2401.6,0,0,0,0,0,0
CAPINS.BSE_IDX,01/07/2025,12:45:18,2401.33,0,0,0,0,0,0
CAPINS.BSE_IDX,01/07/2025,12:45:26,2401.3,0,0,0,0,0,0
CAPINS.BSE_IDX,01/07/2025,12:45:34,2401.34,0,0,0,0,0,0
CAPINS.BSE_IDX,01/07/2025,12:45:42,2401.06,0,0,0,0,0,0
CAPINS.BSE_IDX,01/07/2025,12:45:50,2401.1,0,0,0,0,0,0
CAPINS.BSE_IDX,01/07/2025,12:45:58,2401.2,0,0,0,0,0,0
CAPINS.BSE_IDX,01/07/2025,12:46:06,2400.97,0,0,0,0,0,0
CAPINS.BSE_IDX,01/07/2025,12:46:14,2400.97,0,0,0,0,0,0
CAPINS.BSE_IDX,01/07/2025,12:46:22,2400.96,0,0,0,0,0,0
CAPINS.BSE_IDX,01/07/2025,12:46:30,2400.7,0,0,0,0,0,0
CAPINS.BSE_IDX,01/07/2025,12:46:38,2400.35,0,0,0,0,0,0
CAPINS.BSE_IDX,01/07/2025,12:46:46,2400.38,0,0,0,0,0,0
CAPINS.BSE_IDX,01/07/2025,12:46:54,2400.19,0,0,0,0,0,0
CAPINS.BSE_IDX,01/07/2025,12:47:02,2400.37,0,0,0,0,0,0
CAPINS.BSE_IDX,01/07/2025,12:47:10,2400.21,0,0,0,0,0,0
CAPINS.BSE_IDX,01/07/2025,12:47:18,2400.03,0,0,0,0,0,0
CAPINS.BSE_IDX,01/07/2025,12:47:26,2399.53,0,0,0,0,0,0
CAPINS.BSE_IDX,01/07/2025,12:47:34,2399.5,0,0,0,0,0,0
CAPINS.BSE_IDX,01/07/2025,12:47:42,2399.38,0,0,0,0,0,0
CAPINS.BSE_IDX,01/07/2025,12:47:50,2399.69,0,0,0,0,0,0
CAPINS.BSE_IDX,01/07/2025,12:47:58,2399.78,0,0,0,0,0,0
CAPINS.BSE_IDX,01/07/2025,12:48:06,2399.74,0,0,0,0,0,0
CAPINS.BSE_IDX,01/07/2025,12:48:14,2399.66,0,0,0,0,0,0
CAPINS.BSE_IDX,01/07/2025,12:48:22,2399.09,0,0,0,0,0,0
CAPINS.BSE_IDX,01/07/2025,12:48:30,2399.07,0,0,0,0,0,0
CAPINS.BSE_IDX,01/07/2025,12:48:38,2399.01,0,0,0,0,0,0
CAPINS.BSE_IDX,01/07/2025,12:48:46,2399.11,0,0,0,0,0,0
CAPINS.BSE_IDX,01/07/2025,12:48:54,2399.19,0,0,0,0,0,0
CAPINS.BSE_IDX,01/07/2025,12:49:02,2399.31,0,0,0,0,0,0
CAPINS.BSE_IDX,01/07/2025,12:49:10,2399.21,0,0,0,0,0,0
CAPINS.BSE_IDX,01/07/2025,12:49:18,2399.21,0,0,0,0,0,0
CAPINS.BSE_IDX,01/07/2025,12:49:26,2399.21,0,0,0,0,0,0
CAPINS.BSE_IDX,01/07/2025,12:49:34,2399.2,0,0,0,0,0,0
CAPINS.BSE_IDX,01/07/2025,12:49:42,2399.18,0,0,0,0,0,0
CAPINS.BSE_IDX,01/07/2025,12:49:50,2399.31,0,0,0,0,0,0
CAPINS.BSE_IDX,01/07/2025,12:49:58,2399.06,0,0,0,0,0,0
CAPINS.BSE_IDX,01/07/2025,12:50:06,2399.02,0,0,0,0,0,0
CAPINS.BSE_IDX,01/07/2025,12:50:14,2398.9,0,0,0,0,0,0
CAPINS.BSE_IDX,01/07/2025,12:50:22,2398.89,0,0,0,0,0,0
CAPINS.BSE_IDX,01/07/2025,12:50:30,2398.84,0,0,0,0,0,0
CAPINS.BSE_IDX,01/07/2025,12:50:38,2398.89,0,0,0,0,0,0
CAPINS.BSE_IDX,01/07/2025,12:50:47,2398.8,0,0,0,0,0,0
CAPINS.BSE_IDX,01/07/2025,12:50:54,2399.06,0,0,0,0,0,0
CAPINS.BSE_IDX,01/07/2025,12:51:02,2399.13,0,0,0,0,0,0
CAPINS.BSE_IDX,01/07/2025,12:51:10,2399.13,0,0,0,0,0,0
CAPINS.BSE_IDX,01/07/2025,12:51:19,2399.14,0,0,0,0,0,0
CAPINS.BSE_IDX,01/07/2025,12:51:26,2399.19,0,0,0,0,0,0
CAPINS.BSE_IDX,01/07/2025,12:51:34,2399.32,0,0,0,0,0,0
CAPINS.BSE_IDX,01/07/2025,12:51:42,2399.18,0,0,0,0,0,0
CAPINS.BSE_IDX,01/07/2025,12:51:50,2399.18,0,0,0,0,0,0
CAPINS.BSE_IDX,01/07/2025,12:51:58,2399.01,0,0,0,0,0,0
CAPINS.BSE_IDX,01/07/2025,12:52:06,2399.3,0,0,0,0,0,0
CAPINS.BSE_IDX,01/07/2025,12:52:14,2399.4,0,0,0,0,0,0
CAPINS.BSE_IDX,01/07/2025,12:52:22,2399.35,0,0,0,0,0,0
CAPINS.BSE_IDX,01/07/2025,12:52:30,2399.06,0,0,0,0,0,0
CAPINS.BSE_IDX,01/07/2025,12:52:38,2399.06,0,0,0,0,0,0
CAPINS.BSE_IDX,01/07/2025,12:52:46,2399.07,0,0,0,0,0,0
CAPINS.BSE_IDX,01/07/2025,12:52:54,2399.13,0,0,0,0,0,0
CAPINS.BSE_IDX,01/07/2025,12:53:02,2399.33,0,0,0,0,0,0
CAPINS.BSE_IDX,01/07/2025,12:53:10,2399.46,0,0,0,0,0,0
CAPINS.BSE_IDX,01/07/2025,12:53:18,2399.44,0,0,0,0,0,0
CAPINS.BSE_IDX,01/07/2025,12:53:26,2399.4,0,0,0,0,0,0
CAPINS.BSE_IDX,01/07/2025,12:53:34,2399.41,0,0,0,0,0,0
CAPINS.BSE_IDX,01/07/2025,12:53:42,2399.33,0,0,0,0,0,0
CAPINS.BSE_IDX,01/07/2025,12:53:50,2399.17,0,0,0,0,0,0
CAPINS.BSE_IDX,01/07/2025,12:53:58,2399.15,0,0,0,0,0,0
CAPINS.BSE_IDX,01/07/2025,12:54:06,2399.19,0,0,0,0,0,0
CAPINS.BSE_IDX,01/07/2025,12:54:14,2399.09,0,0,0,0,0,0
CAPINS.BSE_IDX,01/07/2025,12:54:22,2398.84,0,0,0,0,0,0
CAPINS.BSE_IDX,01/07/2025,12:54:30,2398.76,0,0,0,0,0,0
CAPINS.BSE_IDX,01/07/2025,12:54:38,2398.81,0,0,0,0,0,0
CAPINS.BSE_IDX,01/07/2025,12:54:46,2398.82,0,0,0,0,0,0
CAPINS.BSE_IDX,01/07/2025,12:54:54,2398.94,0,0,0,0,0,0
CAPINS.BSE_IDX,01/07/2025,12:55:02,2398.69,0,0,0,0,0,0
CAPINS.BSE_IDX,01/07/2025,12:55:10,2398.65,0,0,0,0,0,0
CAPINS.BSE_IDX,01/07/2025,12:55:18,2398.44,0,0,0,0,0,0
CAPINS.BSE_IDX,01/07/2025,12:55:26,2398.47,0,0,0,0,0,0
CAPINS.BSE_IDX,01/07/2025,12:55:34,2398.22,0,0,0,0,0,0
CAPINS.BSE_IDX,01/07/2025,12:55:42,2398.25,0,0,0,0,0,0
CAPINS.BSE_IDX,01/07/2025,12:55:50,2398.24,0,0,0,0,0,0
CAPINS.BSE_IDX,01/07/2025,12:55:58,2397.99,0,0,0,0,0,0
CAPINS.BSE_IDX,01/07/2025,12:56:06,2397.96,0,0,0,0,0,0
CAPINS.BSE_IDX,01/07/2025,12:56:15,2398.03,0,0,0,0,0,0
CAPINS.BSE_IDX,01/07/2025,12:56:22,2398.02,0,0,0,0,0,0
CAPINS.BSE_IDX,01/07/2025,12:56:30,2398.02,0,0,0,0,0,0
CAPINS.BSE_IDX,01/07/2025,12:56:38,2398.27,0,0,0,0,0,0
CAPINS.BSE_IDX,01/07/2025,12:56:46,2398.11,0,0,0,0,0,0
CAPINS.BSE_IDX,01/07/2025,12:56:54,2398.02,0,0,0,0,0,0
CAPINS.BSE_IDX,01/07/2025,12:57:02,2398.02,0,0,0,0,0,0
CAPINS.BSE_IDX,01/07/2025,12:57:10,2397.77,0,0,0,0,0,0
CAPINS.BSE_IDX,01/07/2025,12:57:18,2397.79,0,0,0,0,0,0
CAPINS.BSE_IDX,01/07/2025,12:57:26,2397.62,0,0,0,0,0,0
CAPINS.BSE_IDX,01/07/2025,12:57:34,2397.62,0,0,0,0,0,0
CAPINS.BSE_IDX,01/07/2025,12:57:42,2397.71,0,0,0,0,0,0
CAPINS.BSE_IDX,01/07/2025,12:57:51,2397.53,0,0,0,0,0,0
CAPINS.BSE_IDX,01/07/2025,12:57:58,2397.53,0,0,0,0,0,0
CAPINS.BSE_IDX,01/07/2025,12:58:06,2397.48,0,0,0,0,0,0
CAPINS.BSE_IDX,01/07/2025,12:58:14,2397.6,0,0,0,0,0,0
