Ticker,Date,Time,LTP,BuyPrice,BuyQty,SellPrice,SellQty,LTQ,OpenInterest
COMDTY.BSE_IDX,01/07/2025,09:00:07,7936.3,0,0,0,0,0,0
COMDTY.BSE_IDX,01/07/2025,09:00:15,7904.11,0,0,0,0,0,0
COMDTY.BSE_IDX,01/07/2025,09:00:23,7924.73,0,0,0,0,0,0
COMDTY.BSE_IDX,01/07/2025,09:00:31,7939.65,0,0,0,0,0,0
COMDTY.BSE_IDX,01/07/2025,09:00:39,7939.12,0,0,0,0,0,0
COMDTY.BSE_IDX,01/07/2025,09:00:47,7938.44,0,0,0,0,0,0
COMDTY.BSE_IDX,01/07/2025,09:00:55,7940.34,0,0,0,0,0,0
COMDTY.BSE_IDX,01/07/2025,09:01:03,7942.2,0,0,0,0,0,0
COMDTY.BSE_IDX,01/07/2025,09:01:11,7943.27,0,0,0,0,0,0
COMDTY.BSE_IDX,01/07/2025,09:01:19,7951.12,0,0,0,0,0,0
COMDTY.BSE_IDX,01/07/2025,09:01:27,7948.51,0,0,0,0,0,0
COMDTY.BSE_IDX,01/07/2025,09:01:35,7941.34,0,0,0,0,0,0
COMDTY.BSE_IDX,01/07/2025,09:01:43,7946.24,0,0,0,0,0,0
COMDTY.BSE_IDX,01/07/2025,09:01:51,7935.34,0,0,0,0,0,0
COMDTY.BSE_IDX,01/07/2025,09:01:59,7933.73,0,0,0,0,0,0
COMDTY.BSE_IDX,01/07/2025,09:02:07,7934.81,0,0,0,0,0,0
COMDTY.BSE_IDX,01/07/2025,09:02:15,7934.85,0,0,0,0,0,0
COMDTY.BSE_IDX,01/07/2025,09:02:23,7932.33,0,0,0,0,0,0
COMDTY.BSE_IDX,01/07/2025,09:02:31,7932.3,0,0,0,0,0,0
COMDTY.BSE_IDX,01/07/2025,09:02:39,7932.3,0,0,0,0,0,0
COMDTY.BSE_IDX,01/07/2025,09:02:47,7942.81,0,0,0,0,0,0
COMDTY.BSE_IDX,01/07/2025,09:02:55,7948.76,0,0,0,0,0,0
COMDTY.BSE_IDX,01/07/2025,09:03:03,7947.85,0,0,0,0,0,0
COMDTY.BSE_IDX,01/07/2025,09:03:11,7947.79,0,0,0,0,0,0
COMDTY.BSE_IDX,01/07/2025,09:03:19,7948.26,0,0,0,0,0,0
COMDTY.BSE_IDX,01/07/2025,09:03:27,7947.97,0,0,0,0,0,0
COMDTY.BSE_IDX,01/07/2025,09:03:35,7949.08,0,0,0,0,0,0
COMDTY.BSE_IDX,01/07/2025,09:03:43,7947.44,0,0,0,0,0,0
COMDTY.BSE_IDX,01/07/2025,09:03:51,7945.63,0,0,0,0,0,0
COMDTY.BSE_IDX,01/07/2025,09:03:59,7947.17,0,0,0,0,0,0
COMDTY.BSE_IDX,01/07/2025,09:04:07,7946.82,0,0,0,0,0,0
COMDTY.BSE_IDX,01/07/2025,09:04:15,7946.88,0,0,0,0,0,0
COMDTY.BSE_IDX,01/07/2025,09:04:23,7946.99,0,0,0,0,0,0
COMDTY.BSE_IDX,01/07/2025,09:04:31,7951.32,0,0,0,0,0,0
COMDTY.BSE_IDX,01/07/2025,09:04:39,7951.45,0,0,0,0,0,0
COMDTY.BSE_IDX,01/07/2025,09:04:47,7951.12,0,0,0,0,0,0
COMDTY.BSE_IDX,01/07/2025,09:04:55,7950.68,0,0,0,0,0,0
COMDTY.BSE_IDX,01/07/2025,09:05:03,7951.31,0,0,0,0,0,0
COMDTY.BSE_IDX,01/07/2025,09:05:11,7951.06,0,0,0,0,0,0
COMDTY.BSE_IDX,01/07/2025,09:05:19,7949.12,0,0,0,0,0,0
COMDTY.BSE_IDX,01/07/2025,09:05:27,7950.58,0,0,0,0,0,0
COMDTY.BSE_IDX,01/07/2025,09:05:35,7950.84,0,0,0,0,0,0
COMDTY.BSE_IDX,01/07/2025,09:05:43,7951.94,0,0,0,0,0,0
COMDTY.BSE_IDX,01/07/2025,09:05:51,7950.57,0,0,0,0,0,0
COMDTY.BSE_IDX,01/07/2025,09:05:59,7950.59,0,0,0,0,0,0
COMDTY.BSE_IDX,01/07/2025,09:06:07,7950.14,0,0,0,0,0,0
COMDTY.BSE_IDX,01/07/2025,09:06:15,7951.08,0,0,0,0,0,0
COMDTY.BSE_IDX,01/07/2025,09:06:23,7953.5,0,0,0,0,0,0
COMDTY.BSE_IDX,01/07/2025,09:06:31,7954.04,0,0,0,0,0,0
COMDTY.BSE_IDX,01/07/2025,09:06:39,7954.21,0,0,0,0,0,0
COMDTY.BSE_IDX,01/07/2025,09:06:47,7952.04,0,0,0,0,0,0
COMDTY.BSE_IDX,01/07/2025,09:06:55,7954.67,0,0,0,0,0,0
COMDTY.BSE_IDX,01/07/2025,09:07:04,7953.02,0,0,0,0,0,0
COMDTY.BSE_IDX,01/07/2025,09:07:11,7953.02,0,0,0,0,0,0
COMDTY.BSE_IDX,01/07/2025,09:07:19,7953.02,0,0,0,0,0,0
COMDTY.BSE_IDX,01/07/2025,09:07:27,7953.02,0,0,0,0,0,0
COMDTY.BSE_IDX,01/07/2025,09:07:35,7953.02,0,0,0,0,0,0
COMDTY.BSE_IDX,01/07/2025,09:07:43,7953.02,0,0,0,0,0,0
COMDTY.BSE_IDX,01/07/2025,09:07:51,7953.02,0,0,0,0,0,0
COMDTY.BSE_IDX,01/07/2025,09:07:59,7953.02,0,0,0,0,0,0
COMDTY.BSE_IDX,01/07/2025,09:08:07,7953.02,0,0,0,0,0,0
COMDTY.BSE_IDX,01/07/2025,09:08:15,7953.02,0,0,0,0,0,0
COMDTY.BSE_IDX,01/07/2025,09:08:23,7953.02,0,0,0,0,0,0
COMDTY.BSE_IDX,01/07/2025,09:08:31,7953.02,0,0,0,0,0,0
COMDTY.BSE_IDX,01/07/2025,09:08:39,7953.02,0,0,0,0,0,0
COMDTY.BSE_IDX,01/07/2025,09:08:47,7953.02,0,0,0,0,0,0
COMDTY.BSE_IDX,01/07/2025,09:08:55,7953.02,0,0,0,0,0,0
COMDTY.BSE_IDX,01/07/2025,09:09:03,7953.01,0,0,0,0,0,0
COMDTY.BSE_IDX,01/07/2025,09:09:11,7953.01,0,0,0,0,0,0
COMDTY.BSE_IDX,01/07/2025,09:09:19,7953.01,0,0,0,0,0,0
COMDTY.BSE_IDX,01/07/2025,09:09:27,7953.01,0,0,0,0,0,0
COMDTY.BSE_IDX,01/07/2025,09:09:35,7953.01,0,0,0,0,0,0
COMDTY.BSE_IDX,01/07/2025,09:09:43,7953.01,0,0,0,0,0,0
COMDTY.BSE_IDX,01/07/2025,09:09:51,7953.01,0,0,0,0,0,0
COMDTY.BSE_IDX,01/07/2025,09:09:59,7953.01,0,0,0,0,0,0
COMDTY.BSE_IDX,01/07/2025,09:10:07,7953.01,0,0,0,0,0,0
COMDTY.BSE_IDX,01/07/2025,09:10:15,7953.01,0,0,0,0,0,0
COMDTY.BSE_IDX,01/07/2025,09:10:23,7953.01,0,0,0,0,0,0
COMDTY.BSE_IDX,01/07/2025,09:10:31,7953.01,0,0,0,0,0,0
COMDTY.BSE_IDX,01/07/2025,09:10:39,7953.01,0,0,0,0,0,0
COMDTY.BSE_IDX,01/07/2025,09:10:47,7953.01,0,0,0,0,0,0
COMDTY.BSE_IDX,01/07/2025,09:10:55,7953.01,0,0,0,0,0,0
COMDTY.BSE_IDX,01/07/2025,09:11:03,7953.01,0,0,0,0,0,0
COMDTY.BSE_IDX,01/07/2025,09:11:11,7953.01,0,0,0,0,0,0
COMDTY.BSE_IDX,01/07/2025,09:11:19,7953.01,0,0,0,0,0,0
COMDTY.BSE_IDX,01/07/2025,09:11:27,7953.01,0,0,0,0,0,0
COMDTY.BSE_IDX,01/07/2025,09:11:35,7953.01,0,0,0,0,0,0
COMDTY.BSE_IDX,01/07/2025,09:11:43,7953.01,0,0,0,0,0,0
COMDTY.BSE_IDX,01/07/2025,09:11:51,7953.01,0,0,0,0,0,0
COMDTY.BSE_IDX,01/07/2025,09:11:59,7953.01,0,0,0,0,0,0
COMDTY.BSE_IDX,01/07/2025,09:12:07,7953.01,0,0,0,0,0,0
COMDTY.BSE_IDX,01/07/2025,09:12:16,7953.01,0,0,0,0,0,0
COMDTY.BSE_IDX,01/07/2025,09:12:23,7953.01,0,0,0,0,0,0
COMDTY.BSE_IDX,01/07/2025,09:12:31,7953.01,0,0,0,0,0,0
COMDTY.BSE_IDX,01/07/2025,09:12:39,7953.01,0,0,0,0,0,0
COMDTY.BSE_IDX,01/07/2025,09:12:47,7953.01,0,0,0,0,0,0
COMDTY.BSE_IDX,01/07/2025,09:12:55,7953.01,0,0,0,0,0,0
COMDTY.BSE_IDX,01/07/2025,09:13:03,7953.01,0,0,0,0,0,0
COMDTY.BSE_IDX,01/07/2025,09:13:11,7953.01,0,0,0,0,0,0
COMDTY.BSE_IDX,01/07/2025,09:13:19,7953.01,0,0,0,0,0,0
COMDTY.BSE_IDX,01/07/2025,09:13:27,7953.01,0,0,0,0,0,0
COMDTY.BSE_IDX,01/07/2025,09:13:35,7953.01,0,0,0,0,0,0
COMDTY.BSE_IDX,01/07/2025,09:13:43,7953.01,0,0,0,0,0,0
COMDTY.BSE_IDX,01/07/2025,09:13:51,7953.01,0,0,0,0,0,0
COMDTY.BSE_IDX,01/07/2025,09:13:59,7953.01,0,0,0,0,0,0
COMDTY.BSE_IDX,01/07/2025,09:14:07,7953.01,0,0,0,0,0,0
COMDTY.BSE_IDX,01/07/2025,09:14:15,7953.01,0,0,0,0,0,0
COMDTY.BSE_IDX,01/07/2025,09:14:23,7953.01,0,0,0,0,0,0
COMDTY.BSE_IDX,01/07/2025,09:14:31,7953.01,0,0,0,0,0,0
COMDTY.BSE_IDX,01/07/2025,09:14:39,7953.01,0,0,0,0,0,0
COMDTY.BSE_IDX,01/07/2025,09:14:47,7953.01,0,0,0,0,0,0
COMDTY.BSE_IDX,01/07/2025,09:14:55,7953.01,0,0,0,0,0,0
COMDTY.BSE_IDX,01/07/2025,09:15:04,7945.37,0,0,0,0,0,0
COMDTY.BSE_IDX,01/07/2025,09:15:11,7941.3,0,0,0,0,0,0
COMDTY.BSE_IDX,01/07/2025,09:15:19,7936.02,0,0,0,0,0,0
COMDTY.BSE_IDX,01/07/2025,09:15:27,7930.15,0,0,0,0,0,0
COMDTY.BSE_IDX,01/07/2025,09:15:35,7929,0,0,0,0,0,0
COMDTY.BSE_IDX,01/07/2025,09:15:43,7931.15,0,0,0,0,0,0
COMDTY.BSE_IDX,01/07/2025,09:15:51,7929.42,0,0,0,0,0,0
COMDTY.BSE_IDX,01/07/2025,09:15:59,7931.28,0,0,0,0,0,0
COMDTY.BSE_IDX,01/07/2025,09:16:07,7929.64,0,0,0,0,0,0
COMDTY.BSE_IDX,01/07/2025,09:16:15,7933.2,0,0,0,0,0,0
COMDTY.BSE_IDX,01/07/2025,09:16:24,7934.47,0,0,0,0,0,0
COMDTY.BSE_IDX,01/07/2025,09:16:31,7933.65,0,0,0,0,0,0
COMDTY.BSE_IDX,01/07/2025,09:16:39,7931.19,0,0,0,0,0,0
COMDTY.BSE_IDX,01/07/2025,09:16:48,7932.78,0,0,0,0,0,0
COMDTY.BSE_IDX,01/07/2025,09:16:55,7933.43,0,0,0,0,0,0
COMDTY.BSE_IDX,01/07/2025,09:17:03,7933.52,0,0,0,0,0,0
COMDTY.BSE_IDX,01/07/2025,09:17:12,7934.5,0,0,0,0,0,0
COMDTY.BSE_IDX,01/07/2025,09:17:19,7935.24,0,0,0,0,0,0
COMDTY.BSE_IDX,01/07/2025,09:17:27,7936.28,0,0,0,0,0,0
COMDTY.BSE_IDX,01/07/2025,09:17:35,7935.74,0,0,0,0,0,0
COMDTY.BSE_IDX,01/07/2025,09:17:44,7938.02,0,0,0,0,0,0
COMDTY.BSE_IDX,01/07/2025,09:17:51,7937.32,0,0,0,0,0,0
COMDTY.BSE_IDX,01/07/2025,09:17:59,7938.47,0,0,0,0,0,0
COMDTY.BSE_IDX,01/07/2025,09:18:07,7940.15,0,0,0,0,0,0
COMDTY.BSE_IDX,01/07/2025,09:18:15,7937.33,0,0,0,0,0,0
COMDTY.BSE_IDX,01/07/2025,09:18:23,7935.75,0,0,0,0,0,0
COMDTY.BSE_IDX,01/07/2025,09:18:31,7932.5,0,0,0,0,0,0
COMDTY.BSE_IDX,01/07/2025,09:18:39,7932.31,0,0,0,0,0,0
COMDTY.BSE_IDX,01/07/2025,09:18:47,7932.17,0,0,0,0,0,0
COMDTY.BSE_IDX,01/07/2025,09:18:56,7932.01,0,0,0,0,0,0
COMDTY.BSE_IDX,01/07/2025,09:19:03,7931.96,0,0,0,0,0,0
COMDTY.BSE_IDX,01/07/2025,09:19:11,7931.69,0,0,0,0,0,0
COMDTY.BSE_IDX,01/07/2025,09:19:19,7931.89,0,0,0,0,0,0
COMDTY.BSE_IDX,01/07/2025,09:19:28,7933.03,0,0,0,0,0,0
COMDTY.BSE_IDX,01/07/2025,09:19:35,7933,0,0,0,0,0,0
COMDTY.BSE_IDX,01/07/2025,09:19:43,7931.5,0,0,0,0,0,0
COMDTY.BSE_IDX,01/07/2025,09:19:52,7931.7,0,0,0,0,0,0
COMDTY.BSE_IDX,01/07/2025,09:19:59,7932.79,0,0,0,0,0,0
COMDTY.BSE_IDX,01/07/2025,09:20:07,7934.05,0,0,0,0,0,0
COMDTY.BSE_IDX,01/07/2025,09:20:15,7934.25,0,0,0,0,0,0
COMDTY.BSE_IDX,01/07/2025,09:20:24,7933.8,0,0,0,0,0,0
COMDTY.BSE_IDX,01/07/2025,09:20:31,7933.94,0,0,0,0,0,0
COMDTY.BSE_IDX,01/07/2025,09:20:39,7934.65,0,0,0,0,0,0
COMDTY.BSE_IDX,01/07/2025,09:20:47,7934.26,0,0,0,0,0,0
COMDTY.BSE_IDX,01/07/2025,09:20:55,7932.07,0,0,0,0,0,0
COMDTY.BSE_IDX,01/07/2025,09:21:03,7933.63,0,0,0,0,0,0
COMDTY.BSE_IDX,01/07/2025,09:21:11,7934.05,0,0,0,0,0,0
COMDTY.BSE_IDX,01/07/2025,09:21:19,7933.84,0,0,0,0,0,0
COMDTY.BSE_IDX,01/07/2025,09:21:27,7934.25,0,0,0,0,0,0
COMDTY.BSE_IDX,01/07/2025,09:21:36,7935.53,0,0,0,0,0,0
COMDTY.BSE_IDX,01/07/2025,09:21:43,7936.48,0,0,0,0,0,0
COMDTY.BSE_IDX,01/07/2025,09:21:51,7935.51,0,0,0,0,0,0
COMDTY.BSE_IDX,01/07/2025,09:21:59,7935.9,0,0,0,0,0,0
COMDTY.BSE_IDX,01/07/2025,09:22:07,7937.11,0,0,0,0,0,0
COMDTY.BSE_IDX,01/07/2025,09:22:15,7938.09,0,0,0,0,0,0
COMDTY.BSE_IDX,01/07/2025,09:22:23,7941.11,0,0,0,0,0,0
COMDTY.BSE_IDX,01/07/2025,09:22:31,7941.04,0,0,0,0,0,0
COMDTY.BSE_IDX,01/07/2025,09:22:39,7942.61,0,0,0,0,0,0
COMDTY.BSE_IDX,01/07/2025,09:22:47,7943.4,0,0,0,0,0,0
COMDTY.BSE_IDX,01/07/2025,09:22:55,7943.81,0,0,0,0,0,0
COMDTY.BSE_IDX,01/07/2025,09:23:03,7944.03,0,0,0,0,0,0
COMDTY.BSE_IDX,01/07/2025,09:23:11,7944.1,0,0,0,0,0,0
COMDTY.BSE_IDX,01/07/2025,09:23:19,7942.99,0,0,0,0,0,0
COMDTY.BSE_IDX,01/07/2025,09:23:27,7943.27,0,0,0,0,0,0
COMDTY.BSE_IDX,01/07/2025,09:23:35,7944.28,0,0,0,0,0,0
COMDTY.BSE_IDX,01/07/2025,09:23:44,7944.52,0,0,0,0,0,0
COMDTY.BSE_IDX,01/07/2025,09:23:51,7943.48,0,0,0,0,0,0
COMDTY.BSE_IDX,01/07/2025,09:23:59,7941.54,0,0,0,0,0,0
COMDTY.BSE_IDX,01/07/2025,09:24:08,7942.37,0,0,0,0,0,0
COMDTY.BSE_IDX,01/07/2025,09:24:15,7943.59,0,0,0,0,0,0
COMDTY.BSE_IDX,01/07/2025,09:24:23,7942.75,0,0,0,0,0,0
COMDTY.BSE_IDX,01/07/2025,09:24:32,7941.66,0,0,0,0,0,0
COMDTY.BSE_IDX,01/07/2025,09:24:39,7940.89,0,0,0,0,0,0
COMDTY.BSE_IDX,01/07/2025,09:24:48,7940.77,0,0,0,0,0,0
COMDTY.BSE_IDX,01/07/2025,09:24:57,7940.02,0,0,0,0,0,0
COMDTY.BSE_IDX,01/07/2025,09:25:03,7940.13,0,0,0,0,0,0
COMDTY.BSE_IDX,01/07/2025,09:25:12,7939.21,0,0,0,0,0,0
COMDTY.BSE_IDX,01/07/2025,09:25:19,7939.96,0,0,0,0,0,0
COMDTY.BSE_IDX,01/07/2025,09:25:29,7939.69,0,0,0,0,0,0
COMDTY.BSE_IDX,01/07/2025,09:25:35,7940.84,0,0,0,0,0,0
COMDTY.BSE_IDX,01/07/2025,09:25:43,7941.74,0,0,0,0,0,0
COMDTY.BSE_IDX,01/07/2025,09:25:51,7940.61,0,0,0,0,0,0
COMDTY.BSE_IDX,01/07/2025,09:25:59,7939.55,0,0,0,0,0,0
COMDTY.BSE_IDX,01/07/2025,09:26:08,7938.8,0,0,0,0,0,0
COMDTY.BSE_IDX,01/07/2025,09:26:15,7937.58,0,0,0,0,0,0
COMDTY.BSE_IDX,01/07/2025,09:26:24,7938.25,0,0,0,0,0,0
COMDTY.BSE_IDX,01/07/2025,09:26:31,7938.82,0,0,0,0,0,0
COMDTY.BSE_IDX,01/07/2025,09:26:39,7938.62,0,0,0,0,0,0
COMDTY.BSE_IDX,01/07/2025,09:26:48,7938.69,0,0,0,0,0,0
COMDTY.BSE_IDX,01/07/2025,09:26:55,7939.51,0,0,0,0,0,0
COMDTY.BSE_IDX,01/07/2025,09:27:04,7939.2,0,0,0,0,0,0
COMDTY.BSE_IDX,01/07/2025,09:27:12,7939.04,0,0,0,0,0,0
COMDTY.BSE_IDX,01/07/2025,09:27:19,7939.47,0,0,0,0,0,0
COMDTY.BSE_IDX,01/07/2025,09:27:28,7938.65,0,0,0,0,0,0
COMDTY.BSE_IDX,01/07/2025,09:27:36,7937.92,0,0,0,0,0,0
COMDTY.BSE_IDX,01/07/2025,09:27:44,7938.53,0,0,0,0,0,0
COMDTY.BSE_IDX,01/07/2025,09:27:51,7938.59,0,0,0,0,0,0
COMDTY.BSE_IDX,01/07/2025,09:28:00,7938.22,0,0,0,0,0,0
COMDTY.BSE_IDX,01/07/2025,09:28:08,7938.1,0,0,0,0,0,0
COMDTY.BSE_IDX,01/07/2025,09:28:16,7934.24,0,0,0,0,0,0
COMDTY.BSE_IDX,01/07/2025,09:28:24,7932.92,0,0,0,0,0,0
COMDTY.BSE_IDX,01/07/2025,09:28:32,7932.32,0,0,0,0,0,0
COMDTY.BSE_IDX,01/07/2025,09:28:40,7932.61,0,0,0,0,0,0
COMDTY.BSE_IDX,01/07/2025,09:28:48,7933.05,0,0,0,0,0,0
COMDTY.BSE_IDX,01/07/2025,09:28:56,7933.44,0,0,0,0,0,0
COMDTY.BSE_IDX,01/07/2025,09:29:04,7934.45,0,0,0,0,0,0
COMDTY.BSE_IDX,01/07/2025,09:29:12,7933.27,0,0,0,0,0,0
COMDTY.BSE_IDX,01/07/2025,09:29:20,7933.92,0,0,0,0,0,0
COMDTY.BSE_IDX,01/07/2025,09:29:28,7933.36,0,0,0,0,0,0
COMDTY.BSE_IDX,01/07/2025,09:29:36,7933.13,0,0,0,0,0,0
COMDTY.BSE_IDX,01/07/2025,09:29:44,7935.4,0,0,0,0,0,0
COMDTY.BSE_IDX,01/07/2025,09:29:52,7935.79,0,0,0,0,0,0
COMDTY.BSE_IDX,01/07/2025,09:30:00,7936.61,0,0,0,0,0,0
COMDTY.BSE_IDX,01/07/2025,09:30:08,7938.63,0,0,0,0,0,0
COMDTY.BSE_IDX,01/07/2025,09:30:16,7940.75,0,0,0,0,0,0
COMDTY.BSE_IDX,01/07/2025,09:30:24,7940.38,0,0,0,0,0,0
COMDTY.BSE_IDX,01/07/2025,09:30:32,7940.85,0,0,0,0,0,0
COMDTY.BSE_IDX,01/07/2025,09:30:40,7940.82,0,0,0,0,0,0
COMDTY.BSE_IDX,01/07/2025,09:30:48,7942.57,0,0,0,0,0,0
COMDTY.BSE_IDX,01/07/2025,09:30:56,7940.81,0,0,0,0,0,0
COMDTY.BSE_IDX,01/07/2025,09:31:04,7940.86,0,0,0,0,0,0
COMDTY.BSE_IDX,01/07/2025,09:31:12,7939.86,0,0,0,0,0,0
COMDTY.BSE_IDX,01/07/2025,09:31:20,7939.98,0,0,0,0,0,0
COMDTY.BSE_IDX,01/07/2025,09:31:28,7939.04,0,0,0,0,0,0
COMDTY.BSE_IDX,01/07/2025,09:31:36,7937.96,0,0,0,0,0,0
COMDTY.BSE_IDX,01/07/2025,09:31:44,7936.26,0,0,0,0,0,0
COMDTY.BSE_IDX,01/07/2025,09:31:52,7936.76,0,0,0,0,0,0
COMDTY.BSE_IDX,01/07/2025,09:32:00,7935.35,0,0,0,0,0,0
COMDTY.BSE_IDX,01/07/2025,09:32:08,7935.33,0,0,0,0,0,0
COMDTY.BSE_IDX,01/07/2025,09:32:16,7934.36,0,0,0,0,0,0
COMDTY.BSE_IDX,01/07/2025,09:32:24,7934.24,0,0,0,0,0,0
COMDTY.BSE_IDX,01/07/2025,09:32:32,7933.92,0,0,0,0,0,0
COMDTY.BSE_IDX,01/07/2025,09:32:40,7934.14,0,0,0,0,0,0
COMDTY.BSE_IDX,01/07/2025,09:32:48,7934.22,0,0,0,0,0,0
COMDTY.BSE_IDX,01/07/2025,09:32:56,7935.18,0,0,0,0,0,0
COMDTY.BSE_IDX,01/07/2025,09:33:04,7935.41,0,0,0,0,0,0
COMDTY.BSE_IDX,01/07/2025,09:33:12,7936.65,0,0,0,0,0,0
COMDTY.BSE_IDX,01/07/2025,09:33:20,7936.2,0,0,0,0,0,0
COMDTY.BSE_IDX,01/07/2025,09:33:28,7936.95,0,0,0,0,0,0
COMDTY.BSE_IDX,01/07/2025,09:33:36,7937.5,0,0,0,0,0,0
COMDTY.BSE_IDX,01/07/2025,09:33:44,7938.26,0,0,0,0,0,0
COMDTY.BSE_IDX,01/07/2025,09:33:52,7937.98,0,0,0,0,0,0
COMDTY.BSE_IDX,01/07/2025,09:34:00,7936.99,0,0,0,0,0,0
COMDTY.BSE_IDX,01/07/2025,09:34:08,7936.95,0,0,0,0,0,0
COMDTY.BSE_IDX,01/07/2025,09:34:16,7937.02,0,0,0,0,0,0
COMDTY.BSE_IDX,01/07/2025,09:34:24,7936.46,0,0,0,0,0,0
COMDTY.BSE_IDX,01/07/2025,09:34:32,7937.04,0,0,0,0,0,0
COMDTY.BSE_IDX,01/07/2025,09:34:40,7937.22,0,0,0,0,0,0
COMDTY.BSE_IDX,01/07/2025,09:34:48,7938.13,0,0,0,0,0,0
COMDTY.BSE_IDX,01/07/2025,09:34:56,7937.27,0,0,0,0,0,0
COMDTY.BSE_IDX,01/07/2025,09:35:05,7936.49,0,0,0,0,0,0
COMDTY.BSE_IDX,01/07/2025,09:35:12,7935.27,0,0,0,0,0,0
COMDTY.BSE_IDX,01/07/2025,09:35:20,7934.47,0,0,0,0,0,0
COMDTY.BSE_IDX,01/07/2025,09:35:28,7934.09,0,0,0,0,0,0
COMDTY.BSE_IDX,01/07/2025,09:35:36,7933.34,0,0,0,0,0,0
COMDTY.BSE_IDX,01/07/2025,09:35:44,7932.43,0,0,0,0,0,0
COMDTY.BSE_IDX,01/07/2025,09:35:52,7932.56,0,0,0,0,0,0
COMDTY.BSE_IDX,01/07/2025,09:36:00,7932.7,0,0,0,0,0,0
COMDTY.BSE_IDX,01/07/2025,09:36:08,7932.4,0,0,0,0,0,0
COMDTY.BSE_IDX,01/07/2025,09:36:16,7932.92,0,0,0,0,0,0
COMDTY.BSE_IDX,01/07/2025,09:36:24,7932.88,0,0,0,0,0,0
COMDTY.BSE_IDX,01/07/2025,09:36:33,7932.31,0,0,0,0,0,0
COMDTY.BSE_IDX,01/07/2025,09:36:40,7932.53,0,0,0,0,0,0
COMDTY.BSE_IDX,01/07/2025,09:36:48,7932.85,0,0,0,0,0,0
COMDTY.BSE_IDX,01/07/2025,09:36:56,7932.3,0,0,0,0,0,0
COMDTY.BSE_IDX,01/07/2025,09:37:04,7932.64,0,0,0,0,0,0
COMDTY.BSE_IDX,01/07/2025,09:37:12,7934.47,0,0,0,0,0,0
COMDTY.BSE_IDX,01/07/2025,09:37:20,7933.27,0,0,0,0,0,0
COMDTY.BSE_IDX,01/07/2025,09:37:28,7933.47,0,0,0,0,0,0
COMDTY.BSE_IDX,01/07/2025,09:37:36,7932.11,0,0,0,0,0,0
COMDTY.BSE_IDX,01/07/2025,09:37:44,7931.98,0,0,0,0,0,0
COMDTY.BSE_IDX,01/07/2025,09:37:52,7931.82,0,0,0,0,0,0
COMDTY.BSE_IDX,01/07/2025,09:38:00,7932.25,0,0,0,0,0,0
COMDTY.BSE_IDX,01/07/2025,09:38:08,7932.19,0,0,0,0,0,0
COMDTY.BSE_IDX,01/07/2025,09:38:16,7931.62,0,0,0,0,0,0
COMDTY.BSE_IDX,01/07/2025,09:38:24,7931.87,0,0,0,0,0,0
COMDTY.BSE_IDX,01/07/2025,09:38:32,7931.69,0,0,0,0,0,0
COMDTY.BSE_IDX,01/07/2025,09:38:40,7929.12,0,0,0,0,0,0
COMDTY.BSE_IDX,01/07/2025,09:38:48,7930.24,0,0,0,0,0,0
COMDTY.BSE_IDX,01/07/2025,09:38:56,7929.26,0,0,0,0,0,0
COMDTY.BSE_IDX,01/07/2025,09:39:04,7927.36,0,0,0,0,0,0
COMDTY.BSE_IDX,01/07/2025,09:39:12,7927.39,0,0,0,0,0,0
COMDTY.BSE_IDX,01/07/2025,09:39:20,7927.99,0,0,0,0,0,0
COMDTY.BSE_IDX,01/07/2025,09:39:28,7928.37,0,0,0,0,0,0
COMDTY.BSE_IDX,01/07/2025,09:39:36,7928.23,0,0,0,0,0,0
COMDTY.BSE_IDX,01/07/2025,09:39:44,7927.93,0,0,0,0,0,0
COMDTY.BSE_IDX,01/07/2025,09:39:52,7927.49,0,0,0,0,0,0
COMDTY.BSE_IDX,01/07/2025,09:40:00,7927.47,0,0,0,0,0,0
COMDTY.BSE_IDX,01/07/2025,09:40:08,7928.23,0,0,0,0,0,0
COMDTY.BSE_IDX,01/07/2025,09:40:16,7928.39,0,0,0,0,0,0
COMDTY.BSE_IDX,01/07/2025,09:40:24,7928.43,0,0,0,0,0,0
COMDTY.BSE_IDX,01/07/2025,09:40:32,7928.03,0,0,0,0,0,0
COMDTY.BSE_IDX,01/07/2025,09:40:40,7928.33,0,0,0,0,0,0
COMDTY.BSE_IDX,01/07/2025,09:40:48,7928.33,0,0,0,0,0,0
COMDTY.BSE_IDX,01/07/2025,09:40:56,7928.1,0,0,0,0,0,0
COMDTY.BSE_IDX,01/07/2025,09:41:04,7927.4,0,0,0,0,0,0
COMDTY.BSE_IDX,01/07/2025,09:41:12,7927.44,0,0,0,0,0,0
COMDTY.BSE_IDX,01/07/2025,09:41:20,7926.96,0,0,0,0,0,0
COMDTY.BSE_IDX,01/07/2025,09:41:28,7927.6,0,0,0,0,0,0
COMDTY.BSE_IDX,01/07/2025,09:41:36,7928.08,0,0,0,0,0,0
COMDTY.BSE_IDX,01/07/2025,09:41:44,7928.21,0,0,0,0,0,0
COMDTY.BSE_IDX,01/07/2025,09:41:52,7928.72,0,0,0,0,0,0
COMDTY.BSE_IDX,01/07/2025,09:42:00,7928.48,0,0,0,0,0,0
COMDTY.BSE_IDX,01/07/2025,09:42:08,7928.17,0,0,0,0,0,0
COMDTY.BSE_IDX,01/07/2025,09:42:16,7927.9,0,0,0,0,0,0
COMDTY.BSE_IDX,01/07/2025,09:42:24,7926.07,0,0,0,0,0,0
COMDTY.BSE_IDX,01/07/2025,09:42:32,7925.35,0,0,0,0,0,0
COMDTY.BSE_IDX,01/07/2025,09:42:40,7925.56,0,0,0,0,0,0
COMDTY.BSE_IDX,01/07/2025,09:42:48,7925.67,0,0,0,0,0,0
COMDTY.BSE_IDX,01/07/2025,09:42:56,7925.74,0,0,0,0,0,0
COMDTY.BSE_IDX,01/07/2025,09:43:04,7925.27,0,0,0,0,0,0
COMDTY.BSE_IDX,01/07/2025,09:43:12,7925.51,0,0,0,0,0,0
COMDTY.BSE_IDX,01/07/2025,09:43:20,7925.95,0,0,0,0,0,0
COMDTY.BSE_IDX,01/07/2025,09:43:28,7925.9,0,0,0,0,0,0
COMDTY.BSE_IDX,01/07/2025,09:43:36,7926.38,0,0,0,0,0,0
COMDTY.BSE_IDX,01/07/2025,09:43:44,7925.93,0,0,0,0,0,0
COMDTY.BSE_IDX,01/07/2025,09:43:53,7926.39,0,0,0,0,0,0
COMDTY.BSE_IDX,01/07/2025,09:44:00,7927.37,0,0,0,0,0,0
COMDTY.BSE_IDX,01/07/2025,09:44:08,7926.2,0,0,0,0,0,0
COMDTY.BSE_IDX,01/07/2025,09:44:16,7926.32,0,0,0,0,0,0
COMDTY.BSE_IDX,01/07/2025,09:44:24,7926.4,0,0,0,0,0,0
COMDTY.BSE_IDX,01/07/2025,09:44:32,7926.78,0,0,0,0,0,0
COMDTY.BSE_IDX,01/07/2025,09:44:40,7926.89,0,0,0,0,0,0
COMDTY.BSE_IDX,01/07/2025,09:44:48,7926.32,0,0,0,0,0,0
COMDTY.BSE_IDX,01/07/2025,09:44:56,7926.12,0,0,0,0,0,0
COMDTY.BSE_IDX,01/07/2025,09:45:05,7925.07,0,0,0,0,0,0
COMDTY.BSE_IDX,01/07/2025,09:45:12,7924.7,0,0,0,0,0,0
COMDTY.BSE_IDX,01/07/2025,09:45:20,7924.66,0,0,0,0,0,0
COMDTY.BSE_IDX,01/07/2025,09:45:28,7924.26,0,0,0,0,0,0
COMDTY.BSE_IDX,01/07/2025,09:45:36,7924.08,0,0,0,0,0,0
COMDTY.BSE_IDX,01/07/2025,09:45:44,7923.61,0,0,0,0,0,0
COMDTY.BSE_IDX,01/07/2025,09:45:52,7923.33,0,0,0,0,0,0
COMDTY.BSE_IDX,01/07/2025,09:46:01,7923.59,0,0,0,0,0,0
COMDTY.BSE_IDX,01/07/2025,09:46:08,7922.62,0,0,0,0,0,0
COMDTY.BSE_IDX,01/07/2025,09:46:16,7921.81,0,0,0,0,0,0
COMDTY.BSE_IDX,01/07/2025,09:46:24,7922.43,0,0,0,0,0,0
COMDTY.BSE_IDX,01/07/2025,09:46:32,7922.75,0,0,0,0,0,0
COMDTY.BSE_IDX,01/07/2025,09:46:40,7922.01,0,0,0,0,0,0
COMDTY.BSE_IDX,01/07/2025,09:46:48,7922.53,0,0,0,0,0,0
COMDTY.BSE_IDX,01/07/2025,09:46:56,7922.62,0,0,0,0,0,0
COMDTY.BSE_IDX,01/07/2025,09:47:04,7922.66,0,0,0,0,0,0
COMDTY.BSE_IDX,01/07/2025,09:47:12,7922.23,0,0,0,0,0,0
COMDTY.BSE_IDX,01/07/2025,09:47:20,7922.35,0,0,0,0,0,0
COMDTY.BSE_IDX,01/07/2025,09:47:28,7921.33,0,0,0,0,0,0
COMDTY.BSE_IDX,01/07/2025,09:47:36,7921.4,0,0,0,0,0,0
COMDTY.BSE_IDX,01/07/2025,09:47:44,7921.42,0,0,0,0,0,0
COMDTY.BSE_IDX,01/07/2025,09:47:52,7922.34,0,0,0,0,0,0
COMDTY.BSE_IDX,01/07/2025,09:48:00,7923.14,0,0,0,0,0,0
COMDTY.BSE_IDX,01/07/2025,09:48:08,7923.76,0,0,0,0,0,0
COMDTY.BSE_IDX,01/07/2025,09:48:16,7924.72,0,0,0,0,0,0
COMDTY.BSE_IDX,01/07/2025,09:48:24,7925.42,0,0,0,0,0,0
COMDTY.BSE_IDX,01/07/2025,09:48:32,7925.51,0,0,0,0,0,0
COMDTY.BSE_IDX,01/07/2025,09:48:40,7925.79,0,0,0,0,0,0
COMDTY.BSE_IDX,01/07/2025,09:48:48,7926.01,0,0,0,0,0,0
COMDTY.BSE_IDX,01/07/2025,09:48:56,7926.8,0,0,0,0,0,0
COMDTY.BSE_IDX,01/07/2025,09:49:04,7927.93,0,0,0,0,0,0
COMDTY.BSE_IDX,01/07/2025,09:49:12,7927.83,0,0,0,0,0,0
COMDTY.BSE_IDX,01/07/2025,09:49:20,7929.1,0,0,0,0,0,0
COMDTY.BSE_IDX,01/07/2025,09:49:28,7929.24,0,0,0,0,0,0
COMDTY.BSE_IDX,01/07/2025,09:49:36,7929.09,0,0,0,0,0,0
COMDTY.BSE_IDX,01/07/2025,09:49:44,7929.19,0,0,0,0,0,0
COMDTY.BSE_IDX,01/07/2025,09:49:52,7929.26,0,0,0,0,0,0
COMDTY.BSE_IDX,01/07/2025,09:50:00,7929.86,0,0,0,0,0,0
COMDTY.BSE_IDX,01/07/2025,09:50:08,7929.77,0,0,0,0,0,0
COMDTY.BSE_IDX,01/07/2025,09:50:16,7931,0,0,0,0,0,0
COMDTY.BSE_IDX,01/07/2025,09:50:24,7931.24,0,0,0,0,0,0
COMDTY.BSE_IDX,01/07/2025,09:50:32,7931.24,0,0,0,0,0,0
COMDTY.BSE_IDX,01/07/2025,09:50:40,7931.87,0,0,0,0,0,0
COMDTY.BSE_IDX,01/07/2025,09:50:48,7931.74,0,0,0,0,0,0
COMDTY.BSE_IDX,01/07/2025,09:50:57,7931.51,0,0,0,0,0,0
COMDTY.BSE_IDX,01/07/2025,09:51:04,7930.87,0,0,0,0,0,0
COMDTY.BSE_IDX,01/07/2025,09:51:12,7930.7,0,0,0,0,0,0
COMDTY.BSE_IDX,01/07/2025,09:51:20,7930.82,0,0,0,0,0,0
COMDTY.BSE_IDX,01/07/2025,09:51:28,7930.49,0,0,0,0,0,0
COMDTY.BSE_IDX,01/07/2025,09:51:37,7929.77,0,0,0,0,0,0
COMDTY.BSE_IDX,01/07/2025,09:51:44,7931.25,0,0,0,0,0,0
COMDTY.BSE_IDX,01/07/2025,09:51:52,7930.84,0,0,0,0,0,0
COMDTY.BSE_IDX,01/07/2025,09:52:01,7930.54,0,0,0,0,0,0
COMDTY.BSE_IDX,01/07/2025,09:52:08,7930.57,0,0,0,0,0,0
COMDTY.BSE_IDX,01/07/2025,09:52:17,7930.76,0,0,0,0,0,0
COMDTY.BSE_IDX,01/07/2025,09:52:24,7930.49,0,0,0,0,0,0
COMDTY.BSE_IDX,01/07/2025,09:52:32,7930.34,0,0,0,0,0,0
COMDTY.BSE_IDX,01/07/2025,09:52:40,7930.21,0,0,0,0,0,0
COMDTY.BSE_IDX,01/07/2025,09:52:48,7930.07,0,0,0,0,0,0
COMDTY.BSE_IDX,01/07/2025,09:52:57,7930.29,0,0,0,0,0,0
COMDTY.BSE_IDX,01/07/2025,09:53:04,7930.38,0,0,0,0,0,0
COMDTY.BSE_IDX,01/07/2025,09:53:13,7930.88,0,0,0,0,0,0
COMDTY.BSE_IDX,01/07/2025,09:53:20,7930.69,0,0,0,0,0,0
COMDTY.BSE_IDX,01/07/2025,09:53:28,7929.73,0,0,0,0,0,0
COMDTY.BSE_IDX,01/07/2025,09:53:36,7928.91,0,0,0,0,0,0
COMDTY.BSE_IDX,01/07/2025,09:53:44,7928.86,0,0,0,0,0,0
COMDTY.BSE_IDX,01/07/2025,09:53:52,7928.64,0,0,0,0,0,0
COMDTY.BSE_IDX,01/07/2025,09:54:00,7927.26,0,0,0,0,0,0
COMDTY.BSE_IDX,01/07/2025,09:54:08,7925.72,0,0,0,0,0,0
COMDTY.BSE_IDX,01/07/2025,09:54:16,7925.36,0,0,0,0,0,0
COMDTY.BSE_IDX,01/07/2025,09:54:24,7924.74,0,0,0,0,0,0
COMDTY.BSE_IDX,01/07/2025,09:54:32,7924.08,0,0,0,0,0,0
COMDTY.BSE_IDX,01/07/2025,09:54:40,7923.1,0,0,0,0,0,0
COMDTY.BSE_IDX,01/07/2025,09:54:48,7922.58,0,0,0,0,0,0
COMDTY.BSE_IDX,01/07/2025,09:54:56,7922.29,0,0,0,0,0,0
COMDTY.BSE_IDX,01/07/2025,09:55:04,7922.38,0,0,0,0,0,0
COMDTY.BSE_IDX,01/07/2025,09:55:12,7922.1,0,0,0,0,0,0
COMDTY.BSE_IDX,01/07/2025,09:55:20,7921.65,0,0,0,0,0,0
COMDTY.BSE_IDX,01/07/2025,09:55:28,7921,0,0,0,0,0,0
COMDTY.BSE_IDX,01/07/2025,09:55:36,7921.22,0,0,0,0,0,0
COMDTY.BSE_IDX,01/07/2025,09:55:44,7919.62,0,0,0,0,0,0
COMDTY.BSE_IDX,01/07/2025,09:55:52,7919.22,0,0,0,0,0,0
COMDTY.BSE_IDX,01/07/2025,09:56:00,7918.99,0,0,0,0,0,0
COMDTY.BSE_IDX,01/07/2025,09:56:08,7919.57,0,0,0,0,0,0
COMDTY.BSE_IDX,01/07/2025,09:56:16,7919.1,0,0,0,0,0,0
COMDTY.BSE_IDX,01/07/2025,09:56:25,7918.36,0,0,0,0,0,0
COMDTY.BSE_IDX,01/07/2025,09:56:32,7918.34,0,0,0,0,0,0
COMDTY.BSE_IDX,01/07/2025,09:56:41,7918.44,0,0,0,0,0,0
COMDTY.BSE_IDX,01/07/2025,09:56:48,7918.19,0,0,0,0,0,0
COMDTY.BSE_IDX,01/07/2025,09:56:57,7917.65,0,0,0,0,0,0
COMDTY.BSE_IDX,01/07/2025,09:57:04,7918.04,0,0,0,0,0,0
COMDTY.BSE_IDX,01/07/2025,09:57:12,7918.84,0,0,0,0,0,0
COMDTY.BSE_IDX,01/07/2025,09:57:20,7920.09,0,0,0,0,0,0
COMDTY.BSE_IDX,01/07/2025,09:57:28,7920.23,0,0,0,0,0,0
COMDTY.BSE_IDX,01/07/2025,09:57:36,7920.07,0,0,0,0,0,0
COMDTY.BSE_IDX,01/07/2025,09:57:44,7921.29,0,0,0,0,0,0
COMDTY.BSE_IDX,01/07/2025,09:57:52,7921.01,0,0,0,0,0,0
COMDTY.BSE_IDX,01/07/2025,09:58:00,7921.17,0,0,0,0,0,0
COMDTY.BSE_IDX,01/07/2025,09:58:08,7921.45,0,0,0,0,0,0
COMDTY.BSE_IDX,01/07/2025,09:58:16,7921.56,0,0,0,0,0,0
COMDTY.BSE_IDX,01/07/2025,09:58:24,7921.39,0,0,0,0,0,0
COMDTY.BSE_IDX,01/07/2025,09:58:32,7921.63,0,0,0,0,0,0
COMDTY.BSE_IDX,01/07/2025,09:58:40,7921.58,0,0,0,0,0,0
COMDTY.BSE_IDX,01/07/2025,09:58:48,7921.98,0,0,0,0,0,0
COMDTY.BSE_IDX,01/07/2025,09:58:56,7923.9,0,0,0,0,0,0
COMDTY.BSE_IDX,01/07/2025,09:59:05,7923.92,0,0,0,0,0,0
COMDTY.BSE_IDX,01/07/2025,09:59:12,7924.25,0,0,0,0,0,0
COMDTY.BSE_IDX,01/07/2025,09:59:20,7924.47,0,0,0,0,0,0
COMDTY.BSE_IDX,01/07/2025,09:59:28,7924.77,0,0,0,0,0,0
COMDTY.BSE_IDX,01/07/2025,09:59:36,7925.18,0,0,0,0,0,0
COMDTY.BSE_IDX,01/07/2025,09:59:45,7926.71,0,0,0,0,0,0
COMDTY.BSE_IDX,01/07/2025,09:59:52,7926.62,0,0,0,0,0,0
COMDTY.BSE_IDX,01/07/2025,10:00:00,7926.68,0,0,0,0,0,0
COMDTY.BSE_IDX,01/07/2025,10:00:08,7927.67,0,0,0,0,0,0
COMDTY.BSE_IDX,01/07/2025,10:00:16,7927.2,0,0,0,0,0,0
COMDTY.BSE_IDX,01/07/2025,10:00:24,7926.17,0,0,0,0,0,0
COMDTY.BSE_IDX,01/07/2025,10:00:32,7925.56,0,0,0,0,0,0
COMDTY.BSE_IDX,01/07/2025,10:00:40,7924.38,0,0,0,0,0,0
COMDTY.BSE_IDX,01/07/2025,10:00:48,7924.28,0,0,0,0,0,0
COMDTY.BSE_IDX,01/07/2025,10:00:56,7924.14,0,0,0,0,0,0
COMDTY.BSE_IDX,01/07/2025,10:01:04,7922.32,0,0,0,0,0,0
COMDTY.BSE_IDX,01/07/2025,10:01:12,7921.43,0,0,0,0,0,0
COMDTY.BSE_IDX,01/07/2025,10:01:21,7920.79,0,0,0,0,0,0
COMDTY.BSE_IDX,01/07/2025,10:01:28,7919.84,0,0,0,0,0,0
COMDTY.BSE_IDX,01/07/2025,10:01:36,7921.1,0,0,0,0,0,0
COMDTY.BSE_IDX,01/07/2025,10:01:44,7920.59,0,0,0,0,0,0
COMDTY.BSE_IDX,01/07/2025,10:01:52,7920.42,0,0,0,0,0,0
COMDTY.BSE_IDX,01/07/2025,10:02:00,7920.73,0,0,0,0,0,0
COMDTY.BSE_IDX,01/07/2025,10:02:08,7920.52,0,0,0,0,0,0
COMDTY.BSE_IDX,01/07/2025,10:02:17,7919.97,0,0,0,0,0,0
COMDTY.BSE_IDX,01/07/2025,10:02:24,7919.26,0,0,0,0,0,0
COMDTY.BSE_IDX,01/07/2025,10:02:32,7917.89,0,0,0,0,0,0
COMDTY.BSE_IDX,01/07/2025,10:02:41,7917.3,0,0,0,0,0,0
COMDTY.BSE_IDX,01/07/2025,10:02:49,7917.9,0,0,0,0,0,0
COMDTY.BSE_IDX,01/07/2025,10:02:56,7916.45,0,0,0,0,0,0
COMDTY.BSE_IDX,01/07/2025,10:03:04,7914.04,0,0,0,0,0,0
COMDTY.BSE_IDX,01/07/2025,10:03:13,7912.61,0,0,0,0,0,0
COMDTY.BSE_IDX,01/07/2025,10:03:20,7912.05,0,0,0,0,0,0
COMDTY.BSE_IDX,01/07/2025,10:03:29,7912.06,0,0,0,0,0,0
COMDTY.BSE_IDX,01/07/2025,10:03:37,7912.28,0,0,0,0,0,0
COMDTY.BSE_IDX,01/07/2025,10:03:45,7911.96,0,0,0,0,0,0
COMDTY.BSE_IDX,01/07/2025,10:03:53,7911.9,0,0,0,0,0,0
COMDTY.BSE_IDX,01/07/2025,10:04:01,7911.44,0,0,0,0,0,0
COMDTY.BSE_IDX,01/07/2025,10:04:09,7910.88,0,0,0,0,0,0
COMDTY.BSE_IDX,01/07/2025,10:04:17,7911.42,0,0,0,0,0,0
COMDTY.BSE_IDX,01/07/2025,10:04:25,7911.18,0,0,0,0,0,0
COMDTY.BSE_IDX,01/07/2025,10:04:33,7911.21,0,0,0,0,0,0
COMDTY.BSE_IDX,01/07/2025,10:04:41,7910.87,0,0,0,0,0,0
COMDTY.BSE_IDX,01/07/2025,10:04:50,7911.36,0,0,0,0,0,0
COMDTY.BSE_IDX,01/07/2025,10:04:57,7911.53,0,0,0,0,0,0
COMDTY.BSE_IDX,01/07/2025,10:05:05,7910.91,0,0,0,0,0,0
COMDTY.BSE_IDX,01/07/2025,10:05:14,7911,0,0,0,0,0,0
COMDTY.BSE_IDX,01/07/2025,10:05:21,7911.16,0,0,0,0,0,0
COMDTY.BSE_IDX,01/07/2025,10:05:29,7911.42,0,0,0,0,0,0
COMDTY.BSE_IDX,01/07/2025,10:05:37,7911.18,0,0,0,0,0,0
COMDTY.BSE_IDX,01/07/2025,10:05:45,7911.84,0,0,0,0,0,0
COMDTY.BSE_IDX,01/07/2025,10:05:53,7912.21,0,0,0,0,0,0
COMDTY.BSE_IDX,01/07/2025,10:06:01,7912.36,0,0,0,0,0,0
COMDTY.BSE_IDX,01/07/2025,10:06:09,7912.77,0,0,0,0,0,0
COMDTY.BSE_IDX,01/07/2025,10:06:17,7913.52,0,0,0,0,0,0
COMDTY.BSE_IDX,01/07/2025,10:06:25,7914.37,0,0,0,0,0,0
COMDTY.BSE_IDX,01/07/2025,10:06:33,7915.17,0,0,0,0,0,0
COMDTY.BSE_IDX,01/07/2025,10:06:41,7914.66,0,0,0,0,0,0
COMDTY.BSE_IDX,01/07/2025,10:06:49,7914.69,0,0,0,0,0,0
COMDTY.BSE_IDX,01/07/2025,10:06:57,7915.11,0,0,0,0,0,0
COMDTY.BSE_IDX,01/07/2025,10:07:05,7916.22,0,0,0,0,0,0
COMDTY.BSE_IDX,01/07/2025,10:07:13,7916.73,0,0,0,0,0,0
COMDTY.BSE_IDX,01/07/2025,10:07:21,7916.58,0,0,0,0,0,0
COMDTY.BSE_IDX,01/07/2025,10:07:29,7917.96,0,0,0,0,0,0
COMDTY.BSE_IDX,01/07/2025,10:07:37,7917.93,0,0,0,0,0,0
COMDTY.BSE_IDX,01/07/2025,10:07:45,7918.08,0,0,0,0,0,0
COMDTY.BSE_IDX,01/07/2025,10:07:53,7917.81,0,0,0,0,0,0
COMDTY.BSE_IDX,01/07/2025,10:08:01,7918.06,0,0,0,0,0,0
COMDTY.BSE_IDX,01/07/2025,10:08:09,7919.41,0,0,0,0,0,0
COMDTY.BSE_IDX,01/07/2025,10:08:17,7919.95,0,0,0,0,0,0
COMDTY.BSE_IDX,01/07/2025,10:08:25,7920.9,0,0,0,0,0,0
COMDTY.BSE_IDX,01/07/2025,10:08:33,7920.96,0,0,0,0,0,0
COMDTY.BSE_IDX,01/07/2025,10:08:41,7921.09,0,0,0,0,0,0
COMDTY.BSE_IDX,01/07/2025,10:08:49,7920.58,0,0,0,0,0,0
COMDTY.BSE_IDX,01/07/2025,10:08:57,7920.4,0,0,0,0,0,0
COMDTY.BSE_IDX,01/07/2025,10:09:05,7920.15,0,0,0,0,0,0
COMDTY.BSE_IDX,01/07/2025,10:09:13,7920.02,0,0,0,0,0,0
COMDTY.BSE_IDX,01/07/2025,10:09:21,7920.26,0,0,0,0,0,0
COMDTY.BSE_IDX,01/07/2025,10:09:29,7920.2,0,0,0,0,0,0
COMDTY.BSE_IDX,01/07/2025,10:09:37,7920.33,0,0,0,0,0,0
COMDTY.BSE_IDX,01/07/2025,10:09:45,7920.32,0,0,0,0,0,0
COMDTY.BSE_IDX,01/07/2025,10:09:53,7920.62,0,0,0,0,0,0
COMDTY.BSE_IDX,01/07/2025,10:10:01,7921.21,0,0,0,0,0,0
COMDTY.BSE_IDX,01/07/2025,10:10:09,7921.21,0,0,0,0,0,0
COMDTY.BSE_IDX,01/07/2025,10:10:17,7921.53,0,0,0,0,0,0
COMDTY.BSE_IDX,01/07/2025,10:10:25,7921.87,0,0,0,0,0,0
COMDTY.BSE_IDX,01/07/2025,10:10:33,7921.8,0,0,0,0,0,0
COMDTY.BSE_IDX,01/07/2025,10:10:41,7921.48,0,0,0,0,0,0
COMDTY.BSE_IDX,01/07/2025,10:10:49,7921.14,0,0,0,0,0,0
COMDTY.BSE_IDX,01/07/2025,10:10:57,7921.17,0,0,0,0,0,0
COMDTY.BSE_IDX,01/07/2025,10:11:05,7921.21,0,0,0,0,0,0
COMDTY.BSE_IDX,01/07/2025,10:11:13,7921.84,0,0,0,0,0,0
COMDTY.BSE_IDX,01/07/2025,10:11:22,7921.21,0,0,0,0,0,0
COMDTY.BSE_IDX,01/07/2025,10:11:29,7921.03,0,0,0,0,0,0
COMDTY.BSE_IDX,01/07/2025,10:11:37,7920.51,0,0,0,0,0,0
COMDTY.BSE_IDX,01/07/2025,10:11:45,7920.98,0,0,0,0,0,0
COMDTY.BSE_IDX,01/07/2025,10:11:53,7920.47,0,0,0,0,0,0
COMDTY.BSE_IDX,01/07/2025,10:12:01,7920.71,0,0,0,0,0,0
COMDTY.BSE_IDX,01/07/2025,10:12:09,7920.33,0,0,0,0,0,0
COMDTY.BSE_IDX,01/07/2025,10:12:17,7920.06,0,0,0,0,0,0
COMDTY.BSE_IDX,01/07/2025,10:12:25,7918.56,0,0,0,0,0,0
COMDTY.BSE_IDX,01/07/2025,10:12:33,7918.2,0,0,0,0,0,0
COMDTY.BSE_IDX,01/07/2025,10:12:41,7917.8,0,0,0,0,0,0
COMDTY.BSE_IDX,01/07/2025,10:12:49,7917.77,0,0,0,0,0,0
COMDTY.BSE_IDX,01/07/2025,10:12:57,7916.86,0,0,0,0,0,0
COMDTY.BSE_IDX,01/07/2025,10:13:05,7916.33,0,0,0,0,0,0
COMDTY.BSE_IDX,01/07/2025,10:13:13,7917.03,0,0,0,0,0,0
COMDTY.BSE_IDX,01/07/2025,10:13:21,7917.05,0,0,0,0,0,0
COMDTY.BSE_IDX,01/07/2025,10:13:29,7916.77,0,0,0,0,0,0
COMDTY.BSE_IDX,01/07/2025,10:13:37,7916.45,0,0,0,0,0,0
COMDTY.BSE_IDX,01/07/2025,10:13:45,7916.71,0,0,0,0,0,0
COMDTY.BSE_IDX,01/07/2025,10:13:53,7915.75,0,0,0,0,0,0
COMDTY.BSE_IDX,01/07/2025,10:14:01,7914.5,0,0,0,0,0,0
COMDTY.BSE_IDX,01/07/2025,10:14:09,7913.86,0,0,0,0,0,0
COMDTY.BSE_IDX,01/07/2025,10:14:17,7913.51,0,0,0,0,0,0
COMDTY.BSE_IDX,01/07/2025,10:14:25,7909.94,0,0,0,0,0,0
COMDTY.BSE_IDX,01/07/2025,10:14:33,7909.27,0,0,0,0,0,0
COMDTY.BSE_IDX,01/07/2025,10:14:41,7907.94,0,0,0,0,0,0
COMDTY.BSE_IDX,01/07/2025,10:14:49,7907.3,0,0,0,0,0,0
COMDTY.BSE_IDX,01/07/2025,10:14:57,7906.92,0,0,0,0,0,0
COMDTY.BSE_IDX,01/07/2025,10:15:05,7906.01,0,0,0,0,0,0
COMDTY.BSE_IDX,01/07/2025,10:15:13,7905.54,0,0,0,0,0,0
COMDTY.BSE_IDX,01/07/2025,10:15:21,7905.15,0,0,0,0,0,0
COMDTY.BSE_IDX,01/07/2025,10:15:29,7904.96,0,0,0,0,0,0
COMDTY.BSE_IDX,01/07/2025,10:15:37,7904.99,0,0,0,0,0,0
COMDTY.BSE_IDX,01/07/2025,10:15:45,7905.02,0,0,0,0,0,0
COMDTY.BSE_IDX,01/07/2025,10:15:53,7905.45,0,0,0,0,0,0
COMDTY.BSE_IDX,01/07/2025,10:16:01,7904.57,0,0,0,0,0,0
COMDTY.BSE_IDX,01/07/2025,10:16:09,7904.03,0,0,0,0,0,0
COMDTY.BSE_IDX,01/07/2025,10:16:17,7904.55,0,0,0,0,0,0
COMDTY.BSE_IDX,01/07/2025,10:16:25,7904.2,0,0,0,0,0,0
COMDTY.BSE_IDX,01/07/2025,10:16:33,7903.74,0,0,0,0,0,0
COMDTY.BSE_IDX,01/07/2025,10:16:41,7903.18,0,0,0,0,0,0
COMDTY.BSE_IDX,01/07/2025,10:16:49,7903.51,0,0,0,0,0,0
COMDTY.BSE_IDX,01/07/2025,10:16:57,7903.87,0,0,0,0,0,0
COMDTY.BSE_IDX,01/07/2025,10:17:05,7904.04,0,0,0,0,0,0
COMDTY.BSE_IDX,01/07/2025,10:17:13,7903.4,0,0,0,0,0,0
COMDTY.BSE_IDX,01/07/2025,10:17:21,7903.86,0,0,0,0,0,0
COMDTY.BSE_IDX,01/07/2025,10:17:29,7904.01,0,0,0,0,0,0
COMDTY.BSE_IDX,01/07/2025,10:17:37,7905.37,0,0,0,0,0,0
COMDTY.BSE_IDX,01/07/2025,10:17:45,7907,0,0,0,0,0,0
COMDTY.BSE_IDX,01/07/2025,10:17:53,7908.47,0,0,0,0,0,0
COMDTY.BSE_IDX,01/07/2025,10:18:01,7908.44,0,0,0,0,0,0
COMDTY.BSE_IDX,01/07/2025,10:18:09,7908.45,0,0,0,0,0,0
COMDTY.BSE_IDX,01/07/2025,10:18:17,7908.26,0,0,0,0,0,0
COMDTY.BSE_IDX,01/07/2025,10:18:25,7908.48,0,0,0,0,0,0
COMDTY.BSE_IDX,01/07/2025,10:18:33,7908.97,0,0,0,0,0,0
COMDTY.BSE_IDX,01/07/2025,10:18:41,7908.69,0,0,0,0,0,0
COMDTY.BSE_IDX,01/07/2025,10:18:49,7908.81,0,0,0,0,0,0
COMDTY.BSE_IDX,01/07/2025,10:18:57,7908.89,0,0,0,0,0,0
COMDTY.BSE_IDX,01/07/2025,10:19:05,7908.02,0,0,0,0,0,0
COMDTY.BSE_IDX,01/07/2025,10:19:13,7908.45,0,0,0,0,0,0
COMDTY.BSE_IDX,01/07/2025,10:19:21,7908.69,0,0,0,0,0,0
COMDTY.BSE_IDX,01/07/2025,10:19:29,7909.13,0,0,0,0,0,0
COMDTY.BSE_IDX,01/07/2025,10:19:37,7908.84,0,0,0,0,0,0
COMDTY.BSE_IDX,01/07/2025,10:19:45,7908.25,0,0,0,0,0,0
COMDTY.BSE_IDX,01/07/2025,10:19:53,7907.43,0,0,0,0,0,0
COMDTY.BSE_IDX,01/07/2025,10:20:01,7907.64,0,0,0,0,0,0
COMDTY.BSE_IDX,01/07/2025,10:20:09,7907.47,0,0,0,0,0,0
COMDTY.BSE_IDX,01/07/2025,10:20:17,7906.78,0,0,0,0,0,0
COMDTY.BSE_IDX,01/07/2025,10:20:25,7907.67,0,0,0,0,0,0
COMDTY.BSE_IDX,01/07/2025,10:20:33,7907.91,0,0,0,0,0,0
COMDTY.BSE_IDX,01/07/2025,10:20:41,7908.24,0,0,0,0,0,0
COMDTY.BSE_IDX,01/07/2025,10:20:49,7908.28,0,0,0,0,0,0
COMDTY.BSE_IDX,01/07/2025,10:20:57,7907.38,0,0,0,0,0,0
COMDTY.BSE_IDX,01/07/2025,10:21:05,7907.22,0,0,0,0,0,0
COMDTY.BSE_IDX,01/07/2025,10:21:13,7905.76,0,0,0,0,0,0
COMDTY.BSE_IDX,01/07/2025,10:21:21,7905.04,0,0,0,0,0,0
COMDTY.BSE_IDX,01/07/2025,10:21:29,7903.47,0,0,0,0,0,0
COMDTY.BSE_IDX,01/07/2025,10:21:37,7903.5,0,0,0,0,0,0
COMDTY.BSE_IDX,01/07/2025,10:21:45,7903.62,0,0,0,0,0,0
COMDTY.BSE_IDX,01/07/2025,10:21:53,7903.64,0,0,0,0,0,0
COMDTY.BSE_IDX,01/07/2025,10:22:01,7904.22,0,0,0,0,0,0
COMDTY.BSE_IDX,01/07/2025,10:22:09,7903.2,0,0,0,0,0,0
COMDTY.BSE_IDX,01/07/2025,10:22:17,7903.4,0,0,0,0,0,0
COMDTY.BSE_IDX,01/07/2025,10:22:25,7903.24,0,0,0,0,0,0
COMDTY.BSE_IDX,01/07/2025,10:22:33,7902.93,0,0,0,0,0,0
COMDTY.BSE_IDX,01/07/2025,10:22:41,7903.07,0,0,0,0,0,0
COMDTY.BSE_IDX,01/07/2025,10:22:49,7902.75,0,0,0,0,0,0
COMDTY.BSE_IDX,01/07/2025,10:22:57,7902.37,0,0,0,0,0,0
COMDTY.BSE_IDX,01/07/2025,10:23:05,7902.52,0,0,0,0,0,0
COMDTY.BSE_IDX,01/07/2025,10:23:13,7902.69,0,0,0,0,0,0
COMDTY.BSE_IDX,01/07/2025,10:23:21,7902.78,0,0,0,0,0,0
COMDTY.BSE_IDX,01/07/2025,10:23:29,7903.76,0,0,0,0,0,0
COMDTY.BSE_IDX,01/07/2025,10:23:37,7904.18,0,0,0,0,0,0
COMDTY.BSE_IDX,01/07/2025,10:23:45,7904.01,0,0,0,0,0,0
COMDTY.BSE_IDX,01/07/2025,10:23:53,7904.51,0,0,0,0,0,0
COMDTY.BSE_IDX,01/07/2025,10:24:01,7905.92,0,0,0,0,0,0
COMDTY.BSE_IDX,01/07/2025,10:24:09,7905.17,0,0,0,0,0,0
COMDTY.BSE_IDX,01/07/2025,10:24:17,7905.18,0,0,0,0,0,0
COMDTY.BSE_IDX,01/07/2025,10:24:25,7904.96,0,0,0,0,0,0
COMDTY.BSE_IDX,01/07/2025,10:24:33,7904.66,0,0,0,0,0,0
COMDTY.BSE_IDX,01/07/2025,10:24:41,7904.16,0,0,0,0,0,0
COMDTY.BSE_IDX,01/07/2025,10:24:49,7904.01,0,0,0,0,0,0
COMDTY.BSE_IDX,01/07/2025,10:24:57,7903.85,0,0,0,0,0,0
COMDTY.BSE_IDX,01/07/2025,10:25:05,7904.08,0,0,0,0,0,0
COMDTY.BSE_IDX,01/07/2025,10:25:13,7904.7,0,0,0,0,0,0
COMDTY.BSE_IDX,01/07/2025,10:25:21,7904.5,0,0,0,0,0,0
COMDTY.BSE_IDX,01/07/2025,10:25:29,7904.4,0,0,0,0,0,0
COMDTY.BSE_IDX,01/07/2025,10:25:37,7904.46,0,0,0,0,0,0
COMDTY.BSE_IDX,01/07/2025,10:25:45,7904.66,0,0,0,0,0,0
COMDTY.BSE_IDX,01/07/2025,10:25:53,7904.77,0,0,0,0,0,0
COMDTY.BSE_IDX,01/07/2025,10:26:01,7904.83,0,0,0,0,0,0
COMDTY.BSE_IDX,01/07/2025,10:26:09,7904.4,0,0,0,0,0,0
COMDTY.BSE_IDX,01/07/2025,10:26:17,7904.29,0,0,0,0,0,0
COMDTY.BSE_IDX,01/07/2025,10:26:25,7904.34,0,0,0,0,0,0
COMDTY.BSE_IDX,01/07/2025,10:26:33,7904.65,0,0,0,0,0,0
COMDTY.BSE_IDX,01/07/2025,10:26:41,7904.88,0,0,0,0,0,0
COMDTY.BSE_IDX,01/07/2025,10:26:49,7904.43,0,0,0,0,0,0
COMDTY.BSE_IDX,01/07/2025,10:26:57,7904.48,0,0,0,0,0,0
COMDTY.BSE_IDX,01/07/2025,10:27:05,7904.52,0,0,0,0,0,0
COMDTY.BSE_IDX,01/07/2025,10:27:13,7905.72,0,0,0,0,0,0
COMDTY.BSE_IDX,01/07/2025,10:27:21,7906.55,0,0,0,0,0,0
COMDTY.BSE_IDX,01/07/2025,10:27:29,7907.49,0,0,0,0,0,0
COMDTY.BSE_IDX,01/07/2025,10:27:37,7907.04,0,0,0,0,0,0
COMDTY.BSE_IDX,01/07/2025,10:27:45,7906.82,0,0,0,0,0,0
COMDTY.BSE_IDX,01/07/2025,10:27:53,7906.85,0,0,0,0,0,0
COMDTY.BSE_IDX,01/07/2025,10:28:01,7907.97,0,0,0,0,0,0
COMDTY.BSE_IDX,01/07/2025,10:28:09,7908.78,0,0,0,0,0,0
COMDTY.BSE_IDX,01/07/2025,10:28:17,7908.25,0,0,0,0,0,0
COMDTY.BSE_IDX,01/07/2025,10:28:25,7907.66,0,0,0,0,0,0
COMDTY.BSE_IDX,01/07/2025,10:28:33,7907.55,0,0,0,0,0,0
COMDTY.BSE_IDX,01/07/2025,10:28:41,7908.62,0,0,0,0,0,0
COMDTY.BSE_IDX,01/07/2025,10:28:49,7909.24,0,0,0,0,0,0
COMDTY.BSE_IDX,01/07/2025,10:28:57,7909.49,0,0,0,0,0,0
COMDTY.BSE_IDX,01/07/2025,10:29:05,7908.79,0,0,0,0,0,0
COMDTY.BSE_IDX,01/07/2025,10:29:13,7908.78,0,0,0,0,0,0
COMDTY.BSE_IDX,01/07/2025,10:29:21,7909.14,0,0,0,0,0,0
COMDTY.BSE_IDX,01/07/2025,10:29:29,7909.08,0,0,0,0,0,0
COMDTY.BSE_IDX,01/07/2025,10:29:37,7909.36,0,0,0,0,0,0
COMDTY.BSE_IDX,01/07/2025,10:29:46,7908.58,0,0,0,0,0,0
COMDTY.BSE_IDX,01/07/2025,10:29:54,7909.22,0,0,0,0,0,0
COMDTY.BSE_IDX,01/07/2025,10:30:01,7909.64,0,0,0,0,0,0
COMDTY.BSE_IDX,01/07/2025,10:30:09,7909.32,0,0,0,0,0,0
COMDTY.BSE_IDX,01/07/2025,10:30:17,7910.12,0,0,0,0,0,0
COMDTY.BSE_IDX,01/07/2025,10:30:25,7912.44,0,0,0,0,0,0
COMDTY.BSE_IDX,01/07/2025,10:30:33,7912.66,0,0,0,0,0,0
COMDTY.BSE_IDX,01/07/2025,10:30:41,7913.23,0,0,0,0,0,0
COMDTY.BSE_IDX,01/07/2025,10:30:49,7913.12,0,0,0,0,0,0
COMDTY.BSE_IDX,01/07/2025,10:30:57,7913.76,0,0,0,0,0,0
COMDTY.BSE_IDX,01/07/2025,10:31:05,7913.65,0,0,0,0,0,0
COMDTY.BSE_IDX,01/07/2025,10:31:13,7913.45,0,0,0,0,0,0
COMDTY.BSE_IDX,01/07/2025,10:31:21,7913.47,0,0,0,0,0,0
COMDTY.BSE_IDX,01/07/2025,10:31:29,7912.79,0,0,0,0,0,0
COMDTY.BSE_IDX,01/07/2025,10:31:37,7913.09,0,0,0,0,0,0
COMDTY.BSE_IDX,01/07/2025,10:31:45,7912.97,0,0,0,0,0,0
COMDTY.BSE_IDX,01/07/2025,10:31:53,7913.61,0,0,0,0,0,0
COMDTY.BSE_IDX,01/07/2025,10:32:01,7913.41,0,0,0,0,0,0
COMDTY.BSE_IDX,01/07/2025,10:32:09,7912.68,0,0,0,0,0,0
COMDTY.BSE_IDX,01/07/2025,10:32:17,7912.43,0,0,0,0,0,0
COMDTY.BSE_IDX,01/07/2025,10:32:25,7912.38,0,0,0,0,0,0
COMDTY.BSE_IDX,01/07/2025,10:32:33,7912.42,0,0,0,0,0,0
COMDTY.BSE_IDX,01/07/2025,10:32:41,7912.36,0,0,0,0,0,0
COMDTY.BSE_IDX,01/07/2025,10:32:49,7912.27,0,0,0,0,0,0
COMDTY.BSE_IDX,01/07/2025,10:32:57,7912.61,0,0,0,0,0,0
COMDTY.BSE_IDX,01/07/2025,10:33:05,7913.27,0,0,0,0,0,0
COMDTY.BSE_IDX,01/07/2025,10:33:13,7913.51,0,0,0,0,0,0
COMDTY.BSE_IDX,01/07/2025,10:33:21,7913.45,0,0,0,0,0,0
COMDTY.BSE_IDX,01/07/2025,10:33:29,7913.54,0,0,0,0,0,0
COMDTY.BSE_IDX,01/07/2025,10:33:37,7913.88,0,0,0,0,0,0
COMDTY.BSE_IDX,01/07/2025,10:33:45,7913.84,0,0,0,0,0,0
COMDTY.BSE_IDX,01/07/2025,10:33:53,7913.94,0,0,0,0,0,0
COMDTY.BSE_IDX,01/07/2025,10:34:01,7914.63,0,0,0,0,0,0
COMDTY.BSE_IDX,01/07/2025,10:34:09,7914.64,0,0,0,0,0,0
COMDTY.BSE_IDX,01/07/2025,10:34:17,7914.45,0,0,0,0,0,0
COMDTY.BSE_IDX,01/07/2025,10:34:25,7914.47,0,0,0,0,0,0
COMDTY.BSE_IDX,01/07/2025,10:34:33,7914.13,0,0,0,0,0,0
COMDTY.BSE_IDX,01/07/2025,10:34:41,7914.13,0,0,0,0,0,0
COMDTY.BSE_IDX,01/07/2025,10:34:49,7914.21,0,0,0,0,0,0
COMDTY.BSE_IDX,01/07/2025,10:34:58,7914.46,0,0,0,0,0,0
COMDTY.BSE_IDX,01/07/2025,10:35:06,7914.08,0,0,0,0,0,0
COMDTY.BSE_IDX,01/07/2025,10:35:14,7913.91,0,0,0,0,0,0
COMDTY.BSE_IDX,01/07/2025,10:35:21,7913.97,0,0,0,0,0,0
COMDTY.BSE_IDX,01/07/2025,10:35:29,7912.76,0,0,0,0,0,0
COMDTY.BSE_IDX,01/07/2025,10:35:37,7913.23,0,0,0,0,0,0
COMDTY.BSE_IDX,01/07/2025,10:35:45,7912.87,0,0,0,0,0,0
COMDTY.BSE_IDX,01/07/2025,10:35:54,7912.15,0,0,0,0,0,0
COMDTY.BSE_IDX,01/07/2025,10:36:02,7912.57,0,0,0,0,0,0
COMDTY.BSE_IDX,01/07/2025,10:36:10,7912.76,0,0,0,0,0,0
COMDTY.BSE_IDX,01/07/2025,10:36:17,7912.73,0,0,0,0,0,0
COMDTY.BSE_IDX,01/07/2025,10:36:25,7912.7,0,0,0,0,0,0
COMDTY.BSE_IDX,01/07/2025,10:36:34,7912.56,0,0,0,0,0,0
COMDTY.BSE_IDX,01/07/2025,10:36:42,7913.49,0,0,0,0,0,0
COMDTY.BSE_IDX,01/07/2025,10:36:49,7913.2,0,0,0,0,0,0
COMDTY.BSE_IDX,01/07/2025,10:36:58,7913.56,0,0,0,0,0,0
COMDTY.BSE_IDX,01/07/2025,10:37:05,7913.01,0,0,0,0,0,0
COMDTY.BSE_IDX,01/07/2025,10:37:14,7913.45,0,0,0,0,0,0
COMDTY.BSE_IDX,01/07/2025,10:37:21,7913.09,0,0,0,0,0,0
COMDTY.BSE_IDX,01/07/2025,10:37:30,7913.3,0,0,0,0,0,0
COMDTY.BSE_IDX,01/07/2025,10:37:38,7912.98,0,0,0,0,0,0
COMDTY.BSE_IDX,01/07/2025,10:37:46,7913.04,0,0,0,0,0,0
COMDTY.BSE_IDX,01/07/2025,10:37:54,7913.02,0,0,0,0,0,0
COMDTY.BSE_IDX,01/07/2025,10:38:02,7913.27,0,0,0,0,0,0
COMDTY.BSE_IDX,01/07/2025,10:38:10,7913.28,0,0,0,0,0,0
COMDTY.BSE_IDX,01/07/2025,10:38:18,7913.25,0,0,0,0,0,0
COMDTY.BSE_IDX,01/07/2025,10:38:26,7913.2,0,0,0,0,0,0
COMDTY.BSE_IDX,01/07/2025,10:38:34,7912.76,0,0,0,0,0,0
COMDTY.BSE_IDX,01/07/2025,10:38:42,7912.77,0,0,0,0,0,0
COMDTY.BSE_IDX,01/07/2025,10:38:50,7912.57,0,0,0,0,0,0
COMDTY.BSE_IDX,01/07/2025,10:38:58,7913.46,0,0,0,0,0,0
COMDTY.BSE_IDX,01/07/2025,10:39:06,7914.1,0,0,0,0,0,0
COMDTY.BSE_IDX,01/07/2025,10:39:14,7914.23,0,0,0,0,0,0
COMDTY.BSE_IDX,01/07/2025,10:39:22,7914.6,0,0,0,0,0,0
COMDTY.BSE_IDX,01/07/2025,10:39:30,7914.77,0,0,0,0,0,0
COMDTY.BSE_IDX,01/07/2025,10:39:38,7916,0,0,0,0,0,0
COMDTY.BSE_IDX,01/07/2025,10:39:46,7916.45,0,0,0,0,0,0
COMDTY.BSE_IDX,01/07/2025,10:39:54,7916.77,0,0,0,0,0,0
COMDTY.BSE_IDX,01/07/2025,10:40:02,7917.02,0,0,0,0,0,0
COMDTY.BSE_IDX,01/07/2025,10:40:10,7916.81,0,0,0,0,0,0
COMDTY.BSE_IDX,01/07/2025,10:40:18,7917.11,0,0,0,0,0,0
COMDTY.BSE_IDX,01/07/2025,10:40:26,7916.69,0,0,0,0,0,0
COMDTY.BSE_IDX,01/07/2025,10:40:34,7916.5,0,0,0,0,0,0
COMDTY.BSE_IDX,01/07/2025,10:40:42,7915.69,0,0,0,0,0,0
COMDTY.BSE_IDX,01/07/2025,10:40:50,7915.46,0,0,0,0,0,0
COMDTY.BSE_IDX,01/07/2025,10:40:58,7914.63,0,0,0,0,0,0
COMDTY.BSE_IDX,01/07/2025,10:41:06,7914.89,0,0,0,0,0,0
COMDTY.BSE_IDX,01/07/2025,10:41:14,7913.78,0,0,0,0,0,0
COMDTY.BSE_IDX,01/07/2025,10:41:22,7913.76,0,0,0,0,0,0
COMDTY.BSE_IDX,01/07/2025,10:41:30,7914.47,0,0,0,0,0,0
COMDTY.BSE_IDX,01/07/2025,10:41:38,7915.31,0,0,0,0,0,0
COMDTY.BSE_IDX,01/07/2025,10:41:46,7915.57,0,0,0,0,0,0
COMDTY.BSE_IDX,01/07/2025,10:41:54,7915.11,0,0,0,0,0,0
COMDTY.BSE_IDX,01/07/2025,10:42:02,7916,0,0,0,0,0,0
COMDTY.BSE_IDX,01/07/2025,10:42:10,7915.65,0,0,0,0,0,0
COMDTY.BSE_IDX,01/07/2025,10:42:18,7915.9,0,0,0,0,0,0
COMDTY.BSE_IDX,01/07/2025,10:42:26,7914.93,0,0,0,0,0,0
COMDTY.BSE_IDX,01/07/2025,10:42:34,7914.75,0,0,0,0,0,0
COMDTY.BSE_IDX,01/07/2025,10:42:42,7913.83,0,0,0,0,0,0
COMDTY.BSE_IDX,01/07/2025,10:42:50,7913,0,0,0,0,0,0
COMDTY.BSE_IDX,01/07/2025,10:42:58,7913.07,0,0,0,0,0,0
COMDTY.BSE_IDX,01/07/2025,10:43:06,7913,0,0,0,0,0,0
COMDTY.BSE_IDX,01/07/2025,10:43:14,7912.29,0,0,0,0,0,0
COMDTY.BSE_IDX,01/07/2025,10:43:22,7912.49,0,0,0,0,0,0
COMDTY.BSE_IDX,01/07/2025,10:43:30,7911.93,0,0,0,0,0,0
COMDTY.BSE_IDX,01/07/2025,10:43:38,7911.4,0,0,0,0,0,0
COMDTY.BSE_IDX,01/07/2025,10:43:46,7911.35,0,0,0,0,0,0
COMDTY.BSE_IDX,01/07/2025,10:43:54,7910.92,0,0,0,0,0,0
COMDTY.BSE_IDX,01/07/2025,10:44:02,7910.76,0,0,0,0,0,0
COMDTY.BSE_IDX,01/07/2025,10:44:10,7910.77,0,0,0,0,0,0
COMDTY.BSE_IDX,01/07/2025,10:44:18,7910.18,0,0,0,0,0,0
COMDTY.BSE_IDX,01/07/2025,10:44:26,7910.07,0,0,0,0,0,0
COMDTY.BSE_IDX,01/07/2025,10:44:34,7910.46,0,0,0,0,0,0
COMDTY.BSE_IDX,01/07/2025,10:44:42,7910.24,0,0,0,0,0,0
COMDTY.BSE_IDX,01/07/2025,10:44:50,7910.2,0,0,0,0,0,0
COMDTY.BSE_IDX,01/07/2025,10:44:58,7910.57,0,0,0,0,0,0
COMDTY.BSE_IDX,01/07/2025,10:45:07,7910.04,0,0,0,0,0,0
COMDTY.BSE_IDX,01/07/2025,10:45:14,7910.06,0,0,0,0,0,0
COMDTY.BSE_IDX,01/07/2025,10:45:22,7910.22,0,0,0,0,0,0
COMDTY.BSE_IDX,01/07/2025,10:45:30,7910.24,0,0,0,0,0,0
COMDTY.BSE_IDX,01/07/2025,10:45:38,7910.31,0,0,0,0,0,0
COMDTY.BSE_IDX,01/07/2025,10:45:46,7910.64,0,0,0,0,0,0
COMDTY.BSE_IDX,01/07/2025,10:45:54,7910.61,0,0,0,0,0,0
COMDTY.BSE_IDX,01/07/2025,10:46:02,7910.4,0,0,0,0,0,0
COMDTY.BSE_IDX,01/07/2025,10:46:10,7909.94,0,0,0,0,0,0
COMDTY.BSE_IDX,01/07/2025,10:46:18,7909.43,0,0,0,0,0,0
COMDTY.BSE_IDX,01/07/2025,10:46:26,7909.46,0,0,0,0,0,0
COMDTY.BSE_IDX,01/07/2025,10:46:34,7909.22,0,0,0,0,0,0
COMDTY.BSE_IDX,01/07/2025,10:46:42,7909.14,0,0,0,0,0,0
COMDTY.BSE_IDX,01/07/2025,10:46:50,7908.95,0,0,0,0,0,0
COMDTY.BSE_IDX,01/07/2025,10:46:58,7910.02,0,0,0,0,0,0
COMDTY.BSE_IDX,01/07/2025,10:47:06,7910.02,0,0,0,0,0,0
COMDTY.BSE_IDX,01/07/2025,10:47:14,7909.9,0,0,0,0,0,0
COMDTY.BSE_IDX,01/07/2025,10:47:22,7909.91,0,0,0,0,0,0
COMDTY.BSE_IDX,01/07/2025,10:47:30,7909.98,0,0,0,0,0,0
COMDTY.BSE_IDX,01/07/2025,10:47:38,7909.29,0,0,0,0,0,0
COMDTY.BSE_IDX,01/07/2025,10:47:46,7909.71,0,0,0,0,0,0
COMDTY.BSE_IDX,01/07/2025,10:47:54,7909.24,0,0,0,0,0,0
COMDTY.BSE_IDX,01/07/2025,10:48:02,7909.21,0,0,0,0,0,0
COMDTY.BSE_IDX,01/07/2025,10:48:10,7909.17,0,0,0,0,0,0
COMDTY.BSE_IDX,01/07/2025,10:48:18,7909.72,0,0,0,0,0,0
COMDTY.BSE_IDX,01/07/2025,10:48:26,7910.82,0,0,0,0,0,0
COMDTY.BSE_IDX,01/07/2025,10:48:34,7910.5,0,0,0,0,0,0
COMDTY.BSE_IDX,01/07/2025,10:48:42,7910.92,0,0,0,0,0,0
COMDTY.BSE_IDX,01/07/2025,10:48:50,7910.57,0,0,0,0,0,0
COMDTY.BSE_IDX,01/07/2025,10:48:58,7910.58,0,0,0,0,0,0
COMDTY.BSE_IDX,01/07/2025,10:49:06,7911.27,0,0,0,0,0,0
COMDTY.BSE_IDX,01/07/2025,10:49:14,7910.51,0,0,0,0,0,0
COMDTY.BSE_IDX,01/07/2025,10:49:22,7909.77,0,0,0,0,0,0
COMDTY.BSE_IDX,01/07/2025,10:49:30,7909.89,0,0,0,0,0,0
COMDTY.BSE_IDX,01/07/2025,10:49:38,7909.56,0,0,0,0,0,0
COMDTY.BSE_IDX,01/07/2025,10:49:46,7909.55,0,0,0,0,0,0
COMDTY.BSE_IDX,01/07/2025,10:49:54,7909.18,0,0,0,0,0,0
COMDTY.BSE_IDX,01/07/2025,10:50:02,7909.27,0,0,0,0,0,0
COMDTY.BSE_IDX,01/07/2025,10:50:10,7909.44,0,0,0,0,0,0
COMDTY.BSE_IDX,01/07/2025,10:50:18,7909.53,0,0,0,0,0,0
COMDTY.BSE_IDX,01/07/2025,10:50:26,7908.74,0,0,0,0,0,0
COMDTY.BSE_IDX,01/07/2025,10:50:34,7908.55,0,0,0,0,0,0
COMDTY.BSE_IDX,01/07/2025,10:50:42,7908.13,0,0,0,0,0,0
COMDTY.BSE_IDX,01/07/2025,10:50:50,7907.61,0,0,0,0,0,0
COMDTY.BSE_IDX,01/07/2025,10:50:58,7907.82,0,0,0,0,0,0
COMDTY.BSE_IDX,01/07/2025,10:51:06,7907.7,0,0,0,0,0,0
COMDTY.BSE_IDX,01/07/2025,10:51:14,7907.73,0,0,0,0,0,0
COMDTY.BSE_IDX,01/07/2025,10:51:22,7908.11,0,0,0,0,0,0
COMDTY.BSE_IDX,01/07/2025,10:51:30,7908.4,0,0,0,0,0,0
COMDTY.BSE_IDX,01/07/2025,10:51:38,7908.33,0,0,0,0,0,0
COMDTY.BSE_IDX,01/07/2025,10:51:46,7908.3,0,0,0,0,0,0
COMDTY.BSE_IDX,01/07/2025,10:51:54,7907.87,0,0,0,0,0,0
COMDTY.BSE_IDX,01/07/2025,10:52:02,7907.33,0,0,0,0,0,0
COMDTY.BSE_IDX,01/07/2025,10:52:10,7907.56,0,0,0,0,0,0
COMDTY.BSE_IDX,01/07/2025,10:52:18,7905.94,0,0,0,0,0,0
COMDTY.BSE_IDX,01/07/2025,10:52:26,7904.09,0,0,0,0,0,0
COMDTY.BSE_IDX,01/07/2025,10:52:34,7904.07,0,0,0,0,0,0
COMDTY.BSE_IDX,01/07/2025,10:52:43,7903.4,0,0,0,0,0,0
COMDTY.BSE_IDX,01/07/2025,10:52:50,7902.41,0,0,0,0,0,0
COMDTY.BSE_IDX,01/07/2025,10:52:58,7902.33,0,0,0,0,0,0
COMDTY.BSE_IDX,01/07/2025,10:53:06,7902.08,0,0,0,0,0,0
COMDTY.BSE_IDX,01/07/2025,10:53:14,7902.72,0,0,0,0,0,0
COMDTY.BSE_IDX,01/07/2025,10:53:22,7902.65,0,0,0,0,0,0
COMDTY.BSE_IDX,01/07/2025,10:53:30,7903.35,0,0,0,0,0,0
COMDTY.BSE_IDX,01/07/2025,10:53:38,7903.64,0,0,0,0,0,0
COMDTY.BSE_IDX,01/07/2025,10:53:46,7903.68,0,0,0,0,0,0
COMDTY.BSE_IDX,01/07/2025,10:53:54,7903.7,0,0,0,0,0,0
COMDTY.BSE_IDX,01/07/2025,10:54:02,7903.87,0,0,0,0,0,0
COMDTY.BSE_IDX,01/07/2025,10:54:10,7903.41,0,0,0,0,0,0
COMDTY.BSE_IDX,01/07/2025,10:54:18,7903.74,0,0,0,0,0,0
COMDTY.BSE_IDX,01/07/2025,10:54:26,7903.73,0,0,0,0,0,0
COMDTY.BSE_IDX,01/07/2025,10:54:34,7903.2,0,0,0,0,0,0
COMDTY.BSE_IDX,01/07/2025,10:54:42,7903.9,0,0,0,0,0,0
COMDTY.BSE_IDX,01/07/2025,10:54:51,7903.47,0,0,0,0,0,0
COMDTY.BSE_IDX,01/07/2025,10:54:58,7903.26,0,0,0,0,0,0
COMDTY.BSE_IDX,01/07/2025,10:55:06,7903.31,0,0,0,0,0,0
COMDTY.BSE_IDX,01/07/2025,10:55:14,7903.24,0,0,0,0,0,0
COMDTY.BSE_IDX,01/07/2025,10:55:22,7902.45,0,0,0,0,0,0
COMDTY.BSE_IDX,01/07/2025,10:55:30,7902.29,0,0,0,0,0,0
COMDTY.BSE_IDX,01/07/2025,10:55:38,7901.94,0,0,0,0,0,0
COMDTY.BSE_IDX,01/07/2025,10:55:46,7901.68,0,0,0,0,0,0
COMDTY.BSE_IDX,01/07/2025,10:55:54,7901.26,0,0,0,0,0,0
COMDTY.BSE_IDX,01/07/2025,10:56:02,7900.43,0,0,0,0,0,0
COMDTY.BSE_IDX,01/07/2025,10:56:10,7899.86,0,0,0,0,0,0
COMDTY.BSE_IDX,01/07/2025,10:56:18,7899.84,0,0,0,0,0,0
COMDTY.BSE_IDX,01/07/2025,10:56:26,7900.05,0,0,0,0,0,0
COMDTY.BSE_IDX,01/07/2025,10:56:34,7899.11,0,0,0,0,0,0
COMDTY.BSE_IDX,01/07/2025,10:56:42,7898.93,0,0,0,0,0,0
COMDTY.BSE_IDX,01/07/2025,10:56:50,7899.07,0,0,0,0,0,0
COMDTY.BSE_IDX,01/07/2025,10:56:58,7898.71,0,0,0,0,0,0
COMDTY.BSE_IDX,01/07/2025,10:57:06,7898.14,0,0,0,0,0,0
COMDTY.BSE_IDX,01/07/2025,10:57:14,7898.37,0,0,0,0,0,0
COMDTY.BSE_IDX,01/07/2025,10:57:22,7897.93,0,0,0,0,0,0
COMDTY.BSE_IDX,01/07/2025,10:57:30,7898,0,0,0,0,0,0
COMDTY.BSE_IDX,01/07/2025,10:57:39,7899.38,0,0,0,0,0,0
COMDTY.BSE_IDX,01/07/2025,10:57:46,7899.09,0,0,0,0,0,0
COMDTY.BSE_IDX,01/07/2025,10:57:54,7898.99,0,0,0,0,0,0
COMDTY.BSE_IDX,01/07/2025,10:58:02,7898.35,0,0,0,0,0,0
COMDTY.BSE_IDX,01/07/2025,10:58:10,7899.24,0,0,0,0,0,0
COMDTY.BSE_IDX,01/07/2025,10:58:18,7899.84,0,0,0,0,0,0
COMDTY.BSE_IDX,01/07/2025,10:58:26,7899.63,0,0,0,0,0,0
COMDTY.BSE_IDX,01/07/2025,10:58:34,7899.09,0,0,0,0,0,0
COMDTY.BSE_IDX,01/07/2025,10:58:42,7899.15,0,0,0,0,0,0
COMDTY.BSE_IDX,01/07/2025,10:58:50,7899.11,0,0,0,0,0,0
COMDTY.BSE_IDX,01/07/2025,10:58:58,7899,0,0,0,0,0,0
COMDTY.BSE_IDX,01/07/2025,10:59:06,7898.66,0,0,0,0,0,0
COMDTY.BSE_IDX,01/07/2025,10:59:14,7897.94,0,0,0,0,0,0
COMDTY.BSE_IDX,01/07/2025,10:59:22,7897.51,0,0,0,0,0,0
COMDTY.BSE_IDX,01/07/2025,10:59:30,7897.65,0,0,0,0,0,0
COMDTY.BSE_IDX,01/07/2025,10:59:38,7897.32,0,0,0,0,0,0
COMDTY.BSE_IDX,01/07/2025,10:59:47,7897.41,0,0,0,0,0,0
COMDTY.BSE_IDX,01/07/2025,10:59:55,7897.32,0,0,0,0,0,0
COMDTY.BSE_IDX,01/07/2025,11:00:03,7897.32,0,0,0,0,0,0
COMDTY.BSE_IDX,01/07/2025,11:00:11,7897.13,0,0,0,0,0,0
COMDTY.BSE_IDX,01/07/2025,11:00:18,7897.38,0,0,0,0,0,0
COMDTY.BSE_IDX,01/07/2025,11:00:26,7897.59,0,0,0,0,0,0
COMDTY.BSE_IDX,01/07/2025,11:00:34,7897.05,0,0,0,0,0,0
COMDTY.BSE_IDX,01/07/2025,11:00:42,7896.54,0,0,0,0,0,0
COMDTY.BSE_IDX,01/07/2025,11:00:50,7896.75,0,0,0,0,0,0
COMDTY.BSE_IDX,01/07/2025,11:00:58,7896.75,0,0,0,0,0,0
COMDTY.BSE_IDX,01/07/2025,11:01:06,7897.06,0,0,0,0,0,0
COMDTY.BSE_IDX,01/07/2025,11:01:15,7896.96,0,0,0,0,0,0
COMDTY.BSE_IDX,01/07/2025,11:01:22,7897.51,0,0,0,0,0,0
COMDTY.BSE_IDX,01/07/2025,11:01:30,7897.75,0,0,0,0,0,0
COMDTY.BSE_IDX,01/07/2025,11:01:38,7898.12,0,0,0,0,0,0
COMDTY.BSE_IDX,01/07/2025,11:01:46,7898.69,0,0,0,0,0,0
COMDTY.BSE_IDX,01/07/2025,11:01:54,7898.89,0,0,0,0,0,0
COMDTY.BSE_IDX,01/07/2025,11:02:02,7899.43,0,0,0,0,0,0
COMDTY.BSE_IDX,01/07/2025,11:02:10,7899.06,0,0,0,0,0,0
COMDTY.BSE_IDX,01/07/2025,11:02:18,7899.28,0,0,0,0,0,0
COMDTY.BSE_IDX,01/07/2025,11:02:27,7898.7,0,0,0,0,0,0
COMDTY.BSE_IDX,01/07/2025,11:02:34,7898.9,0,0,0,0,0,0
COMDTY.BSE_IDX,01/07/2025,11:02:42,7899.03,0,0,0,0,0,0
COMDTY.BSE_IDX,01/07/2025,11:02:51,7899.3,0,0,0,0,0,0
COMDTY.BSE_IDX,01/07/2025,11:02:58,7898.58,0,0,0,0,0,0
COMDTY.BSE_IDX,01/07/2025,11:03:06,7896.48,0,0,0,0,0,0
COMDTY.BSE_IDX,01/07/2025,11:03:14,7895.68,0,0,0,0,0,0
COMDTY.BSE_IDX,01/07/2025,11:03:22,7896.55,0,0,0,0,0,0
COMDTY.BSE_IDX,01/07/2025,11:03:31,7895.46,0,0,0,0,0,0
COMDTY.BSE_IDX,01/07/2025,11:03:38,7895.24,0,0,0,0,0,0
COMDTY.BSE_IDX,01/07/2025,11:03:46,7895.27,0,0,0,0,0,0
COMDTY.BSE_IDX,01/07/2025,11:03:54,7895.71,0,0,0,0,0,0
COMDTY.BSE_IDX,01/07/2025,11:04:02,7895.03,0,0,0,0,0,0
COMDTY.BSE_IDX,01/07/2025,11:04:10,7894.93,0,0,0,0,0,0
COMDTY.BSE_IDX,01/07/2025,11:04:18,7894.85,0,0,0,0,0,0
COMDTY.BSE_IDX,01/07/2025,11:04:27,7895.16,0,0,0,0,0,0
COMDTY.BSE_IDX,01/07/2025,11:04:34,7895.05,0,0,0,0,0,0
COMDTY.BSE_IDX,01/07/2025,11:04:42,7895.33,0,0,0,0,0,0
COMDTY.BSE_IDX,01/07/2025,11:04:51,7895.61,0,0,0,0,0,0
COMDTY.BSE_IDX,01/07/2025,11:04:58,7894.86,0,0,0,0,0,0
COMDTY.BSE_IDX,01/07/2025,11:05:06,7895.06,0,0,0,0,0,0
COMDTY.BSE_IDX,01/07/2025,11:05:14,7895.37,0,0,0,0,0,0
COMDTY.BSE_IDX,01/07/2025,11:05:22,7896.05,0,0,0,0,0,0
COMDTY.BSE_IDX,01/07/2025,11:05:30,7896.56,0,0,0,0,0,0
COMDTY.BSE_IDX,01/07/2025,11:05:38,7896.62,0,0,0,0,0,0
COMDTY.BSE_IDX,01/07/2025,11:05:46,7897.14,0,0,0,0,0,0
COMDTY.BSE_IDX,01/07/2025,11:05:54,7897.86,0,0,0,0,0,0
COMDTY.BSE_IDX,01/07/2025,11:06:02,7898.08,0,0,0,0,0,0
COMDTY.BSE_IDX,01/07/2025,11:06:11,7898.63,0,0,0,0,0,0
COMDTY.BSE_IDX,01/07/2025,11:06:19,7898.73,0,0,0,0,0,0
COMDTY.BSE_IDX,01/07/2025,11:06:26,7898.86,0,0,0,0,0,0
COMDTY.BSE_IDX,01/07/2025,11:06:34,7899.66,0,0,0,0,0,0
COMDTY.BSE_IDX,01/07/2025,11:06:42,7899.83,0,0,0,0,0,0
COMDTY.BSE_IDX,01/07/2025,11:06:50,7900.01,0,0,0,0,0,0
COMDTY.BSE_IDX,01/07/2025,11:06:58,7900.15,0,0,0,0,0,0
COMDTY.BSE_IDX,01/07/2025,11:07:06,7899.71,0,0,0,0,0,0
COMDTY.BSE_IDX,01/07/2025,11:07:15,7900.92,0,0,0,0,0,0
COMDTY.BSE_IDX,01/07/2025,11:07:22,7901.47,0,0,0,0,0,0
COMDTY.BSE_IDX,01/07/2025,11:07:30,7901.87,0,0,0,0,0,0
COMDTY.BSE_IDX,01/07/2025,11:07:38,7903.1,0,0,0,0,0,0
COMDTY.BSE_IDX,01/07/2025,11:07:46,7902.4,0,0,0,0,0,0
COMDTY.BSE_IDX,01/07/2025,11:07:54,7901.54,0,0,0,0,0,0
COMDTY.BSE_IDX,01/07/2025,11:08:02,7901.9,0,0,0,0,0,0
COMDTY.BSE_IDX,01/07/2025,11:08:11,7901.49,0,0,0,0,0,0
COMDTY.BSE_IDX,01/07/2025,11:08:18,7901.63,0,0,0,0,0,0
COMDTY.BSE_IDX,01/07/2025,11:08:27,7902.5,0,0,0,0,0,0
COMDTY.BSE_IDX,01/07/2025,11:08:35,7902.17,0,0,0,0,0,0
COMDTY.BSE_IDX,01/07/2025,11:08:43,7901.77,0,0,0,0,0,0
COMDTY.BSE_IDX,01/07/2025,11:08:51,7901.53,0,0,0,0,0,0
COMDTY.BSE_IDX,01/07/2025,11:08:58,7901.4,0,0,0,0,0,0
COMDTY.BSE_IDX,01/07/2025,11:09:07,7901.35,0,0,0,0,0,0
COMDTY.BSE_IDX,01/07/2025,11:09:15,7901.18,0,0,0,0,0,0
COMDTY.BSE_IDX,01/07/2025,11:09:23,7901.07,0,0,0,0,0,0
COMDTY.BSE_IDX,01/07/2025,11:09:31,7901.76,0,0,0,0,0,0
COMDTY.BSE_IDX,01/07/2025,11:09:39,7901.27,0,0,0,0,0,0
COMDTY.BSE_IDX,01/07/2025,11:09:46,7901.25,0,0,0,0,0,0
COMDTY.BSE_IDX,01/07/2025,11:09:55,7901.05,0,0,0,0,0,0
COMDTY.BSE_IDX,01/07/2025,11:10:03,7901.02,0,0,0,0,0,0
COMDTY.BSE_IDX,01/07/2025,11:10:11,7900.33,0,0,0,0,0,0
COMDTY.BSE_IDX,01/07/2025,11:10:19,7899.95,0,0,0,0,0,0
COMDTY.BSE_IDX,01/07/2025,11:10:27,7900.08,0,0,0,0,0,0
COMDTY.BSE_IDX,01/07/2025,11:10:35,7899.84,0,0,0,0,0,0
COMDTY.BSE_IDX,01/07/2025,11:10:43,7900.19,0,0,0,0,0,0
COMDTY.BSE_IDX,01/07/2025,11:10:51,7900.58,0,0,0,0,0,0
COMDTY.BSE_IDX,01/07/2025,11:10:59,7900.61,0,0,0,0,0,0
COMDTY.BSE_IDX,01/07/2025,11:11:07,7900.26,0,0,0,0,0,0
COMDTY.BSE_IDX,01/07/2025,11:11:15,7899.93,0,0,0,0,0,0
COMDTY.BSE_IDX,01/07/2025,11:11:23,7899.7,0,0,0,0,0,0
COMDTY.BSE_IDX,01/07/2025,11:11:31,7899.17,0,0,0,0,0,0
COMDTY.BSE_IDX,01/07/2025,11:11:39,7899.49,0,0,0,0,0,0
COMDTY.BSE_IDX,01/07/2025,11:11:47,7899.41,0,0,0,0,0,0
COMDTY.BSE_IDX,01/07/2025,11:11:55,7899.36,0,0,0,0,0,0
COMDTY.BSE_IDX,01/07/2025,11:12:03,7899.5,0,0,0,0,0,0
COMDTY.BSE_IDX,01/07/2025,11:12:11,7899.45,0,0,0,0,0,0
COMDTY.BSE_IDX,01/07/2025,11:12:19,7899.43,0,0,0,0,0,0
COMDTY.BSE_IDX,01/07/2025,11:12:27,7899.27,0,0,0,0,0,0
COMDTY.BSE_IDX,01/07/2025,11:12:35,7899.31,0,0,0,0,0,0
COMDTY.BSE_IDX,01/07/2025,11:12:43,7900.15,0,0,0,0,0,0
COMDTY.BSE_IDX,01/07/2025,11:12:51,7900.65,0,0,0,0,0,0
COMDTY.BSE_IDX,01/07/2025,11:12:59,7899.98,0,0,0,0,0,0
COMDTY.BSE_IDX,01/07/2025,11:13:07,7900.21,0,0,0,0,0,0
COMDTY.BSE_IDX,01/07/2025,11:13:16,7899.12,0,0,0,0,0,0
COMDTY.BSE_IDX,01/07/2025,11:13:23,7898.49,0,0,0,0,0,0
COMDTY.BSE_IDX,01/07/2025,11:13:31,7899.73,0,0,0,0,0,0
COMDTY.BSE_IDX,01/07/2025,11:13:39,7899.9,0,0,0,0,0,0
COMDTY.BSE_IDX,01/07/2025,11:13:47,7900.22,0,0,0,0,0,0
COMDTY.BSE_IDX,01/07/2025,11:13:55,7899.85,0,0,0,0,0,0
COMDTY.BSE_IDX,01/07/2025,11:14:03,7900.61,0,0,0,0,0,0
COMDTY.BSE_IDX,01/07/2025,11:14:11,7899.71,0,0,0,0,0,0
COMDTY.BSE_IDX,01/07/2025,11:14:19,7899.54,0,0,0,0,0,0
COMDTY.BSE_IDX,01/07/2025,11:14:27,7899.62,0,0,0,0,0,0
COMDTY.BSE_IDX,01/07/2025,11:14:35,7899.65,0,0,0,0,0,0
COMDTY.BSE_IDX,01/07/2025,11:14:43,7899.3,0,0,0,0,0,0
COMDTY.BSE_IDX,01/07/2025,11:14:51,7898.61,0,0,0,0,0,0
COMDTY.BSE_IDX,01/07/2025,11:14:59,7899.25,0,0,0,0,0,0
COMDTY.BSE_IDX,01/07/2025,11:15:07,7898.67,0,0,0,0,0,0
COMDTY.BSE_IDX,01/07/2025,11:15:15,7899.3,0,0,0,0,0,0
COMDTY.BSE_IDX,01/07/2025,11:15:23,7899.56,0,0,0,0,0,0
COMDTY.BSE_IDX,01/07/2025,11:15:31,7898.74,0,0,0,0,0,0
COMDTY.BSE_IDX,01/07/2025,11:15:39,7899.43,0,0,0,0,0,0
COMDTY.BSE_IDX,01/07/2025,11:15:47,7899.24,0,0,0,0,0,0
COMDTY.BSE_IDX,01/07/2025,11:15:56,7899.06,0,0,0,0,0,0
COMDTY.BSE_IDX,01/07/2025,11:16:03,7898.34,0,0,0,0,0,0
COMDTY.BSE_IDX,01/07/2025,11:16:11,7897.81,0,0,0,0,0,0
COMDTY.BSE_IDX,01/07/2025,11:16:19,7898.82,0,0,0,0,0,0
COMDTY.BSE_IDX,01/07/2025,11:16:27,7898.72,0,0,0,0,0,0
COMDTY.BSE_IDX,01/07/2025,11:16:35,7898.64,0,0,0,0,0,0
COMDTY.BSE_IDX,01/07/2025,11:16:43,7898.88,0,0,0,0,0,0
COMDTY.BSE_IDX,01/07/2025,11:16:51,7898.58,0,0,0,0,0,0
COMDTY.BSE_IDX,01/07/2025,11:16:59,7898.67,0,0,0,0,0,0
COMDTY.BSE_IDX,01/07/2025,11:17:07,7898.62,0,0,0,0,0,0
COMDTY.BSE_IDX,01/07/2025,11:17:15,7899.44,0,0,0,0,0,0
COMDTY.BSE_IDX,01/07/2025,11:17:23,7899.46,0,0,0,0,0,0
COMDTY.BSE_IDX,01/07/2025,11:17:31,7900.38,0,0,0,0,0,0
COMDTY.BSE_IDX,01/07/2025,11:17:39,7901.09,0,0,0,0,0,0
COMDTY.BSE_IDX,01/07/2025,11:17:47,7902.83,0,0,0,0,0,0
COMDTY.BSE_IDX,01/07/2025,11:17:57,7903.13,0,0,0,0,0,0
COMDTY.BSE_IDX,01/07/2025,11:18:03,7903.24,0,0,0,0,0,0
COMDTY.BSE_IDX,01/07/2025,11:18:11,7903.51,0,0,0,0,0,0
COMDTY.BSE_IDX,01/07/2025,11:18:19,7903.41,0,0,0,0,0,0
COMDTY.BSE_IDX,01/07/2025,11:18:27,7903.26,0,0,0,0,0,0
COMDTY.BSE_IDX,01/07/2025,11:18:35,7903.08,0,0,0,0,0,0
COMDTY.BSE_IDX,01/07/2025,11:18:44,7903.57,0,0,0,0,0,0
COMDTY.BSE_IDX,01/07/2025,11:18:51,7903.43,0,0,0,0,0,0
COMDTY.BSE_IDX,01/07/2025,11:18:59,7903.28,0,0,0,0,0,0
COMDTY.BSE_IDX,01/07/2025,11:19:08,7903.02,0,0,0,0,0,0
COMDTY.BSE_IDX,01/07/2025,11:19:15,7901.87,0,0,0,0,0,0
COMDTY.BSE_IDX,01/07/2025,11:19:23,7902.39,0,0,0,0,0,0
COMDTY.BSE_IDX,01/07/2025,11:19:31,7901.96,0,0,0,0,0,0
COMDTY.BSE_IDX,01/07/2025,11:19:39,7901.34,0,0,0,0,0,0
COMDTY.BSE_IDX,01/07/2025,11:19:47,7901.25,0,0,0,0,0,0
COMDTY.BSE_IDX,01/07/2025,11:19:55,7899.27,0,0,0,0,0,0
COMDTY.BSE_IDX,01/07/2025,11:20:03,7899.32,0,0,0,0,0,0
COMDTY.BSE_IDX,01/07/2025,11:20:11,7898.68,0,0,0,0,0,0
COMDTY.BSE_IDX,01/07/2025,11:20:19,7898.54,0,0,0,0,0,0
COMDTY.BSE_IDX,01/07/2025,11:20:27,7898.45,0,0,0,0,0,0
COMDTY.BSE_IDX,01/07/2025,11:20:35,7898.67,0,0,0,0,0,0
COMDTY.BSE_IDX,01/07/2025,11:20:43,7898.67,0,0,0,0,0,0
COMDTY.BSE_IDX,01/07/2025,11:20:51,7898.42,0,0,0,0,0,0
COMDTY.BSE_IDX,01/07/2025,11:20:59,7898.59,0,0,0,0,0,0
COMDTY.BSE_IDX,01/07/2025,11:21:07,7897.15,0,0,0,0,0,0
COMDTY.BSE_IDX,01/07/2025,11:21:15,7897.63,0,0,0,0,0,0
COMDTY.BSE_IDX,01/07/2025,11:21:24,7898.16,0,0,0,0,0,0
COMDTY.BSE_IDX,01/07/2025,11:21:31,7898.72,0,0,0,0,0,0
COMDTY.BSE_IDX,01/07/2025,11:21:39,7898.99,0,0,0,0,0,0
COMDTY.BSE_IDX,01/07/2025,11:21:47,7898.73,0,0,0,0,0,0
COMDTY.BSE_IDX,01/07/2025,11:21:56,7898.17,0,0,0,0,0,0
COMDTY.BSE_IDX,01/07/2025,11:22:03,7898.34,0,0,0,0,0,0
COMDTY.BSE_IDX,01/07/2025,11:22:11,7897.78,0,0,0,0,0,0
COMDTY.BSE_IDX,01/07/2025,11:22:19,7898.41,0,0,0,0,0,0
COMDTY.BSE_IDX,01/07/2025,11:22:28,7898.11,0,0,0,0,0,0
COMDTY.BSE_IDX,01/07/2025,11:22:35,7898.21,0,0,0,0,0,0
COMDTY.BSE_IDX,01/07/2025,11:22:43,7897.99,0,0,0,0,0,0
COMDTY.BSE_IDX,01/07/2025,11:22:51,7898.25,0,0,0,0,0,0
COMDTY.BSE_IDX,01/07/2025,11:22:59,7897.88,0,0,0,0,0,0
COMDTY.BSE_IDX,01/07/2025,11:23:07,7897.94,0,0,0,0,0,0
COMDTY.BSE_IDX,01/07/2025,11:23:15,7898.3,0,0,0,0,0,0
COMDTY.BSE_IDX,01/07/2025,11:23:23,7897.3,0,0,0,0,0,0
COMDTY.BSE_IDX,01/07/2025,11:23:31,7897.03,0,0,0,0,0,0
COMDTY.BSE_IDX,01/07/2025,11:23:39,7896.83,0,0,0,0,0,0
COMDTY.BSE_IDX,01/07/2025,11:23:47,7897.35,0,0,0,0,0,0
COMDTY.BSE_IDX,01/07/2025,11:23:55,7896.72,0,0,0,0,0,0
COMDTY.BSE_IDX,01/07/2025,11:24:04,7896.31,0,0,0,0,0,0
COMDTY.BSE_IDX,01/07/2025,11:24:11,7896.02,0,0,0,0,0,0
COMDTY.BSE_IDX,01/07/2025,11:24:19,7895.95,0,0,0,0,0,0
COMDTY.BSE_IDX,01/07/2025,11:24:27,7896.2,0,0,0,0,0,0
COMDTY.BSE_IDX,01/07/2025,11:24:35,7896.2,0,0,0,0,0,0
COMDTY.BSE_IDX,01/07/2025,11:24:43,7896.38,0,0,0,0,0,0
COMDTY.BSE_IDX,01/07/2025,11:24:52,7896.32,0,0,0,0,0,0
COMDTY.BSE_IDX,01/07/2025,11:25:00,7896.14,0,0,0,0,0,0
COMDTY.BSE_IDX,01/07/2025,11:25:07,7896.07,0,0,0,0,0,0
COMDTY.BSE_IDX,01/07/2025,11:25:15,7895.48,0,0,0,0,0,0
COMDTY.BSE_IDX,01/07/2025,11:25:23,7894.01,0,0,0,0,0,0
COMDTY.BSE_IDX,01/07/2025,11:25:31,7893.83,0,0,0,0,0,0
COMDTY.BSE_IDX,01/07/2025,11:25:41,7893.96,0,0,0,0,0,0
COMDTY.BSE_IDX,01/07/2025,11:25:47,7894.02,0,0,0,0,0,0
COMDTY.BSE_IDX,01/07/2025,11:25:55,7893.61,0,0,0,0,0,0
COMDTY.BSE_IDX,01/07/2025,11:26:03,7893.5,0,0,0,0,0,0
COMDTY.BSE_IDX,01/07/2025,11:26:11,7893.7,0,0,0,0,0,0
COMDTY.BSE_IDX,01/07/2025,11:26:19,7894.48,0,0,0,0,0,0
COMDTY.BSE_IDX,01/07/2025,11:26:27,7894.62,0,0,0,0,0,0
COMDTY.BSE_IDX,01/07/2025,11:26:35,7895.06,0,0,0,0,0,0
COMDTY.BSE_IDX,01/07/2025,11:26:43,7895.06,0,0,0,0,0,0
COMDTY.BSE_IDX,01/07/2025,11:26:51,7895.84,0,0,0,0,0,0
COMDTY.BSE_IDX,01/07/2025,11:26:59,7895.38,0,0,0,0,0,0
COMDTY.BSE_IDX,01/07/2025,11:27:07,7895.52,0,0,0,0,0,0
COMDTY.BSE_IDX,01/07/2025,11:27:15,7896.29,0,0,0,0,0,0
COMDTY.BSE_IDX,01/07/2025,11:27:23,7896.19,0,0,0,0,0,0
COMDTY.BSE_IDX,01/07/2025,11:27:31,7896.38,0,0,0,0,0,0
COMDTY.BSE_IDX,01/07/2025,11:27:39,7896.25,0,0,0,0,0,0
COMDTY.BSE_IDX,01/07/2025,11:27:47,7896.44,0,0,0,0,0,0
COMDTY.BSE_IDX,01/07/2025,11:27:55,7896.61,0,0,0,0,0,0
COMDTY.BSE_IDX,01/07/2025,11:28:03,7896.63,0,0,0,0,0,0
COMDTY.BSE_IDX,01/07/2025,11:28:11,7896.21,0,0,0,0,0,0
COMDTY.BSE_IDX,01/07/2025,11:28:19,7896.21,0,0,0,0,0,0
COMDTY.BSE_IDX,01/07/2025,11:28:27,7896.7,0,0,0,0,0,0
COMDTY.BSE_IDX,01/07/2025,11:28:36,7896.71,0,0,0,0,0,0
COMDTY.BSE_IDX,01/07/2025,11:28:43,7896.77,0,0,0,0,0,0
COMDTY.BSE_IDX,01/07/2025,11:28:51,7896.82,0,0,0,0,0,0
COMDTY.BSE_IDX,01/07/2025,11:28:59,7897.06,0,0,0,0,0,0
COMDTY.BSE_IDX,01/07/2025,11:29:07,7897.88,0,0,0,0,0,0
COMDTY.BSE_IDX,01/07/2025,11:29:16,7898.2,0,0,0,0,0,0
COMDTY.BSE_IDX,01/07/2025,11:29:24,7898.21,0,0,0,0,0,0
COMDTY.BSE_IDX,01/07/2025,11:29:31,7898.03,0,0,0,0,0,0
COMDTY.BSE_IDX,01/07/2025,11:29:39,7897.44,0,0,0,0,0,0
COMDTY.BSE_IDX,01/07/2025,11:29:47,7898.05,0,0,0,0,0,0
COMDTY.BSE_IDX,01/07/2025,11:29:55,7898.17,0,0,0,0,0,0
COMDTY.BSE_IDX,01/07/2025,11:30:03,7898.86,0,0,0,0,0,0
COMDTY.BSE_IDX,01/07/2025,11:30:11,7898.64,0,0,0,0,0,0
COMDTY.BSE_IDX,01/07/2025,11:30:19,7899.01,0,0,0,0,0,0
COMDTY.BSE_IDX,01/07/2025,11:30:27,7899.23,0,0,0,0,0,0
COMDTY.BSE_IDX,01/07/2025,11:30:35,7899.8,0,0,0,0,0,0
COMDTY.BSE_IDX,01/07/2025,11:30:43,7900.43,0,0,0,0,0,0
COMDTY.BSE_IDX,01/07/2025,11:30:51,7900.32,0,0,0,0,0,0
COMDTY.BSE_IDX,01/07/2025,11:30:59,7900.01,0,0,0,0,0,0
COMDTY.BSE_IDX,01/07/2025,11:31:07,7900.56,0,0,0,0,0,0
COMDTY.BSE_IDX,01/07/2025,11:31:15,7899.13,0,0,0,0,0,0
COMDTY.BSE_IDX,01/07/2025,11:31:23,7898.62,0,0,0,0,0,0
COMDTY.BSE_IDX,01/07/2025,11:31:31,7898.67,0,0,0,0,0,0
COMDTY.BSE_IDX,01/07/2025,11:31:39,7898.76,0,0,0,0,0,0
COMDTY.BSE_IDX,01/07/2025,11:31:47,7898.89,0,0,0,0,0,0
COMDTY.BSE_IDX,01/07/2025,11:31:55,7898.55,0,0,0,0,0,0
COMDTY.BSE_IDX,01/07/2025,11:32:04,7897.99,0,0,0,0,0,0
COMDTY.BSE_IDX,01/07/2025,11:32:11,7898.63,0,0,0,0,0,0
COMDTY.BSE_IDX,01/07/2025,11:32:19,7898.66,0,0,0,0,0,0
COMDTY.BSE_IDX,01/07/2025,11:32:27,7899.21,0,0,0,0,0,0
COMDTY.BSE_IDX,01/07/2025,11:32:35,7899.21,0,0,0,0,0,0
COMDTY.BSE_IDX,01/07/2025,11:32:43,7899.18,0,0,0,0,0,0
COMDTY.BSE_IDX,01/07/2025,11:32:51,7899.07,0,0,0,0,0,0
COMDTY.BSE_IDX,01/07/2025,11:32:59,7898.93,0,0,0,0,0,0
COMDTY.BSE_IDX,01/07/2025,11:33:07,7899.04,0,0,0,0,0,0
COMDTY.BSE_IDX,01/07/2025,11:33:15,7899.24,0,0,0,0,0,0
COMDTY.BSE_IDX,01/07/2025,11:33:23,7898.55,0,0,0,0,0,0
COMDTY.BSE_IDX,01/07/2025,11:33:31,7898.71,0,0,0,0,0,0
COMDTY.BSE_IDX,01/07/2025,11:33:39,7898.42,0,0,0,0,0,0
COMDTY.BSE_IDX,01/07/2025,11:33:47,7898.55,0,0,0,0,0,0
COMDTY.BSE_IDX,01/07/2025,11:33:55,7898.28,0,0,0,0,0,0
COMDTY.BSE_IDX,01/07/2025,11:34:03,7898.33,0,0,0,0,0,0
COMDTY.BSE_IDX,01/07/2025,11:34:12,7898.34,0,0,0,0,0,0
COMDTY.BSE_IDX,01/07/2025,11:34:19,7898.34,0,0,0,0,0,0
COMDTY.BSE_IDX,01/07/2025,11:34:27,7898.2,0,0,0,0,0,0
COMDTY.BSE_IDX,01/07/2025,11:34:35,7897.98,0,0,0,0,0,0
COMDTY.BSE_IDX,01/07/2025,11:34:43,7897.8,0,0,0,0,0,0
COMDTY.BSE_IDX,01/07/2025,11:34:51,7897.24,0,0,0,0,0,0
COMDTY.BSE_IDX,01/07/2025,11:34:59,7896.52,0,0,0,0,0,0
COMDTY.BSE_IDX,01/07/2025,11:35:07,7896.67,0,0,0,0,0,0
COMDTY.BSE_IDX,01/07/2025,11:35:16,7896.34,0,0,0,0,0,0
COMDTY.BSE_IDX,01/07/2025,11:35:23,7896.24,0,0,0,0,0,0
COMDTY.BSE_IDX,01/07/2025,11:35:32,7896.26,0,0,0,0,0,0
COMDTY.BSE_IDX,01/07/2025,11:35:39,7897.91,0,0,0,0,0,0
COMDTY.BSE_IDX,01/07/2025,11:35:47,7899.01,0,0,0,0,0,0
COMDTY.BSE_IDX,01/07/2025,11:35:55,7898.99,0,0,0,0,0,0
COMDTY.BSE_IDX,01/07/2025,11:36:04,7899.65,0,0,0,0,0,0
COMDTY.BSE_IDX,01/07/2025,11:36:11,7899.57,0,0,0,0,0,0
COMDTY.BSE_IDX,01/07/2025,11:36:19,7899.66,0,0,0,0,0,0
COMDTY.BSE_IDX,01/07/2025,11:36:28,7899.05,0,0,0,0,0,0
COMDTY.BSE_IDX,01/07/2025,11:36:35,7898.94,0,0,0,0,0,0
COMDTY.BSE_IDX,01/07/2025,11:36:43,7898.87,0,0,0,0,0,0
COMDTY.BSE_IDX,01/07/2025,11:36:54,7898.92,0,0,0,0,0,0
COMDTY.BSE_IDX,01/07/2025,11:36:59,7898.42,0,0,0,0,0,0
COMDTY.BSE_IDX,01/07/2025,11:37:07,7898.42,0,0,0,0,0,0
COMDTY.BSE_IDX,01/07/2025,11:37:15,7898.18,0,0,0,0,0,0
COMDTY.BSE_IDX,01/07/2025,11:37:23,7897.97,0,0,0,0,0,0
COMDTY.BSE_IDX,01/07/2025,11:37:31,7898.06,0,0,0,0,0,0
COMDTY.BSE_IDX,01/07/2025,11:37:41,7898.01,0,0,0,0,0,0
COMDTY.BSE_IDX,01/07/2025,11:37:47,7898.19,0,0,0,0,0,0
COMDTY.BSE_IDX,01/07/2025,11:37:55,7897.82,0,0,0,0,0,0
COMDTY.BSE_IDX,01/07/2025,11:38:03,7897.55,0,0,0,0,0,0
COMDTY.BSE_IDX,01/07/2025,11:38:11,7897.65,0,0,0,0,0,0
COMDTY.BSE_IDX,01/07/2025,11:38:20,7897.36,0,0,0,0,0,0
COMDTY.BSE_IDX,01/07/2025,11:38:27,7897.12,0,0,0,0,0,0
COMDTY.BSE_IDX,01/07/2025,11:38:35,7897.24,0,0,0,0,0,0
COMDTY.BSE_IDX,01/07/2025,11:38:43,7897.24,0,0,0,0,0,0
COMDTY.BSE_IDX,01/07/2025,11:38:51,7897.62,0,0,0,0,0,0
COMDTY.BSE_IDX,01/07/2025,11:38:59,7897.63,0,0,0,0,0,0
COMDTY.BSE_IDX,01/07/2025,11:39:07,7898.12,0,0,0,0,0,0
COMDTY.BSE_IDX,01/07/2025,11:39:16,7898.98,0,0,0,0,0,0
COMDTY.BSE_IDX,01/07/2025,11:39:23,7899.68,0,0,0,0,0,0
COMDTY.BSE_IDX,01/07/2025,11:39:31,7899.37,0,0,0,0,0,0
COMDTY.BSE_IDX,01/07/2025,11:39:39,7899.83,0,0,0,0,0,0
COMDTY.BSE_IDX,01/07/2025,11:39:47,7899.68,0,0,0,0,0,0
COMDTY.BSE_IDX,01/07/2025,11:39:55,7899.47,0,0,0,0,0,0
COMDTY.BSE_IDX,01/07/2025,11:40:03,7899.58,0,0,0,0,0,0
COMDTY.BSE_IDX,01/07/2025,11:40:11,7899.86,0,0,0,0,0,0
COMDTY.BSE_IDX,01/07/2025,11:40:19,7899.23,0,0,0,0,0,0
COMDTY.BSE_IDX,01/07/2025,11:40:27,7899.3,0,0,0,0,0,0
COMDTY.BSE_IDX,01/07/2025,11:40:35,7899.33,0,0,0,0,0,0
COMDTY.BSE_IDX,01/07/2025,11:40:43,7899.48,0,0,0,0,0,0
COMDTY.BSE_IDX,01/07/2025,11:40:51,7899.25,0,0,0,0,0,0
COMDTY.BSE_IDX,01/07/2025,11:41:00,7899.87,0,0,0,0,0,0
COMDTY.BSE_IDX,01/07/2025,11:41:07,7901.23,0,0,0,0,0,0
COMDTY.BSE_IDX,01/07/2025,11:41:15,7901.48,0,0,0,0,0,0
COMDTY.BSE_IDX,01/07/2025,11:41:24,7901.5,0,0,0,0,0,0
COMDTY.BSE_IDX,01/07/2025,11:41:32,7901.59,0,0,0,0,0,0
COMDTY.BSE_IDX,01/07/2025,11:41:39,7902.42,0,0,0,0,0,0
COMDTY.BSE_IDX,01/07/2025,11:41:48,7902.46,0,0,0,0,0,0
COMDTY.BSE_IDX,01/07/2025,11:41:56,7902.27,0,0,0,0,0,0
COMDTY.BSE_IDX,01/07/2025,11:42:04,7903.28,0,0,0,0,0,0
COMDTY.BSE_IDX,01/07/2025,11:42:12,7903.27,0,0,0,0,0,0
COMDTY.BSE_IDX,01/07/2025,11:42:20,7903.21,0,0,0,0,0,0
COMDTY.BSE_IDX,01/07/2025,11:42:28,7903.37,0,0,0,0,0,0
COMDTY.BSE_IDX,01/07/2025,11:42:36,7903.24,0,0,0,0,0,0
COMDTY.BSE_IDX,01/07/2025,11:42:44,7904.11,0,0,0,0,0,0
COMDTY.BSE_IDX,01/07/2025,11:42:52,7904.38,0,0,0,0,0,0
COMDTY.BSE_IDX,01/07/2025,11:43:00,7904.54,0,0,0,0,0,0
COMDTY.BSE_IDX,01/07/2025,11:43:08,7905.35,0,0,0,0,0,0
COMDTY.BSE_IDX,01/07/2025,11:43:16,7905.46,0,0,0,0,0,0
COMDTY.BSE_IDX,01/07/2025,11:43:24,7905.26,0,0,0,0,0,0
COMDTY.BSE_IDX,01/07/2025,11:43:32,7905.51,0,0,0,0,0,0
COMDTY.BSE_IDX,01/07/2025,11:43:40,7905.2,0,0,0,0,0,0
COMDTY.BSE_IDX,01/07/2025,11:43:48,7905.04,0,0,0,0,0,0
COMDTY.BSE_IDX,01/07/2025,11:43:56,7906.05,0,0,0,0,0,0
COMDTY.BSE_IDX,01/07/2025,11:44:04,7907.24,0,0,0,0,0,0
COMDTY.BSE_IDX,01/07/2025,11:44:12,7907.79,0,0,0,0,0,0
COMDTY.BSE_IDX,01/07/2025,11:44:20,7907.79,0,0,0,0,0,0
COMDTY.BSE_IDX,01/07/2025,11:44:28,7908.18,0,0,0,0,0,0
COMDTY.BSE_IDX,01/07/2025,11:44:36,7907.44,0,0,0,0,0,0
COMDTY.BSE_IDX,01/07/2025,11:44:44,7906.56,0,0,0,0,0,0
COMDTY.BSE_IDX,01/07/2025,11:44:52,7906.96,0,0,0,0,0,0
COMDTY.BSE_IDX,01/07/2025,11:45:00,7906.86,0,0,0,0,0,0
COMDTY.BSE_IDX,01/07/2025,11:45:08,7906.46,0,0,0,0,0,0
COMDTY.BSE_IDX,01/07/2025,11:45:16,7905.95,0,0,0,0,0,0
COMDTY.BSE_IDX,01/07/2025,11:45:24,7906.17,0,0,0,0,0,0
COMDTY.BSE_IDX,01/07/2025,11:45:32,7905.93,0,0,0,0,0,0
COMDTY.BSE_IDX,01/07/2025,11:45:40,7905.88,0,0,0,0,0,0
COMDTY.BSE_IDX,01/07/2025,11:45:48,7905.59,0,0,0,0,0,0
COMDTY.BSE_IDX,01/07/2025,11:45:56,7905.52,0,0,0,0,0,0
COMDTY.BSE_IDX,01/07/2025,11:46:04,7905.64,0,0,0,0,0,0
COMDTY.BSE_IDX,01/07/2025,11:46:12,7905.86,0,0,0,0,0,0
COMDTY.BSE_IDX,01/07/2025,11:46:20,7905.82,0,0,0,0,0,0
COMDTY.BSE_IDX,01/07/2025,11:46:28,7905.65,0,0,0,0,0,0
COMDTY.BSE_IDX,01/07/2025,11:46:36,7905.97,0,0,0,0,0,0
COMDTY.BSE_IDX,01/07/2025,11:46:44,7906.08,0,0,0,0,0,0
COMDTY.BSE_IDX,01/07/2025,11:46:52,7905.94,0,0,0,0,0,0
COMDTY.BSE_IDX,01/07/2025,11:47:00,7906.44,0,0,0,0,0,0
COMDTY.BSE_IDX,01/07/2025,11:47:08,7906.82,0,0,0,0,0,0
COMDTY.BSE_IDX,01/07/2025,11:47:16,7906.76,0,0,0,0,0,0
COMDTY.BSE_IDX,01/07/2025,11:47:24,7906.62,0,0,0,0,0,0
COMDTY.BSE_IDX,01/07/2025,11:47:32,7906.72,0,0,0,0,0,0
COMDTY.BSE_IDX,01/07/2025,11:47:40,7906.63,0,0,0,0,0,0
COMDTY.BSE_IDX,01/07/2025,11:47:48,7905.86,0,0,0,0,0,0
COMDTY.BSE_IDX,01/07/2025,11:47:56,7906.4,0,0,0,0,0,0
COMDTY.BSE_IDX,01/07/2025,11:48:04,7906.34,0,0,0,0,0,0
COMDTY.BSE_IDX,01/07/2025,11:48:12,7906.27,0,0,0,0,0,0
COMDTY.BSE_IDX,01/07/2025,11:48:20,7906.52,0,0,0,0,0,0
COMDTY.BSE_IDX,01/07/2025,11:48:28,7906.67,0,0,0,0,0,0
COMDTY.BSE_IDX,01/07/2025,11:48:36,7906.76,0,0,0,0,0,0
COMDTY.BSE_IDX,01/07/2025,11:48:44,7906.59,0,0,0,0,0,0
COMDTY.BSE_IDX,01/07/2025,11:48:52,7906.55,0,0,0,0,0,0
COMDTY.BSE_IDX,01/07/2025,11:49:01,7906.47,0,0,0,0,0,0
COMDTY.BSE_IDX,01/07/2025,11:49:09,7906.69,0,0,0,0,0,0
COMDTY.BSE_IDX,01/07/2025,11:49:16,7907.02,0,0,0,0,0,0
COMDTY.BSE_IDX,01/07/2025,11:49:24,7906.82,0,0,0,0,0,0
COMDTY.BSE_IDX,01/07/2025,11:49:32,7906.58,0,0,0,0,0,0
COMDTY.BSE_IDX,01/07/2025,11:49:40,7906.05,0,0,0,0,0,0
COMDTY.BSE_IDX,01/07/2025,11:49:49,7905.95,0,0,0,0,0,0
COMDTY.BSE_IDX,01/07/2025,11:49:56,7906.94,0,0,0,0,0,0
COMDTY.BSE_IDX,01/07/2025,11:50:04,7906.76,0,0,0,0,0,0
COMDTY.BSE_IDX,01/07/2025,11:50:12,7906.92,0,0,0,0,0,0
COMDTY.BSE_IDX,01/07/2025,11:50:20,7906.08,0,0,0,0,0,0
COMDTY.BSE_IDX,01/07/2025,11:50:28,7906.17,0,0,0,0,0,0
COMDTY.BSE_IDX,01/07/2025,11:50:36,7906.11,0,0,0,0,0,0
COMDTY.BSE_IDX,01/07/2025,11:50:44,7906.2,0,0,0,0,0,0
COMDTY.BSE_IDX,01/07/2025,11:50:52,7906.22,0,0,0,0,0,0
COMDTY.BSE_IDX,01/07/2025,11:51:00,7906.67,0,0,0,0,0,0
COMDTY.BSE_IDX,01/07/2025,11:51:08,7906.74,0,0,0,0,0,0
COMDTY.BSE_IDX,01/07/2025,11:51:16,7906.4,0,0,0,0,0,0
COMDTY.BSE_IDX,01/07/2025,11:51:24,7906.71,0,0,0,0,0,0
COMDTY.BSE_IDX,01/07/2025,11:51:32,7906.72,0,0,0,0,0,0
COMDTY.BSE_IDX,01/07/2025,11:51:40,7906.69,0,0,0,0,0,0
COMDTY.BSE_IDX,01/07/2025,11:51:48,7906.73,0,0,0,0,0,0
COMDTY.BSE_IDX,01/07/2025,11:51:56,7907.33,0,0,0,0,0,0
COMDTY.BSE_IDX,01/07/2025,11:52:04,7907.23,0,0,0,0,0,0
COMDTY.BSE_IDX,01/07/2025,11:52:12,7906.96,0,0,0,0,0,0
COMDTY.BSE_IDX,01/07/2025,11:52:20,7907.48,0,0,0,0,0,0
COMDTY.BSE_IDX,01/07/2025,11:52:28,7907.37,0,0,0,0,0,0
COMDTY.BSE_IDX,01/07/2025,11:52:36,7907.38,0,0,0,0,0,0
COMDTY.BSE_IDX,01/07/2025,11:52:44,7907.79,0,0,0,0,0,0
COMDTY.BSE_IDX,01/07/2025,11:52:52,7907.74,0,0,0,0,0,0
COMDTY.BSE_IDX,01/07/2025,11:53:00,7907.79,0,0,0,0,0,0
COMDTY.BSE_IDX,01/07/2025,11:53:08,7907.11,0,0,0,0,0,0
COMDTY.BSE_IDX,01/07/2025,11:53:16,7906.86,0,0,0,0,0,0
COMDTY.BSE_IDX,01/07/2025,11:53:24,7906.13,0,0,0,0,0,0
COMDTY.BSE_IDX,01/07/2025,11:53:32,7906.07,0,0,0,0,0,0
COMDTY.BSE_IDX,01/07/2025,11:53:40,7905.84,0,0,0,0,0,0
COMDTY.BSE_IDX,01/07/2025,11:53:48,7905.93,0,0,0,0,0,0
COMDTY.BSE_IDX,01/07/2025,11:53:56,7906.57,0,0,0,0,0,0
COMDTY.BSE_IDX,01/07/2025,11:54:04,7906.77,0,0,0,0,0,0
COMDTY.BSE_IDX,01/07/2025,11:54:12,7906.46,0,0,0,0,0,0
COMDTY.BSE_IDX,01/07/2025,11:54:20,7906.23,0,0,0,0,0,0
COMDTY.BSE_IDX,01/07/2025,11:54:28,7906.02,0,0,0,0,0,0
COMDTY.BSE_IDX,01/07/2025,11:54:36,7905.43,0,0,0,0,0,0
COMDTY.BSE_IDX,01/07/2025,11:54:44,7904.94,0,0,0,0,0,0
COMDTY.BSE_IDX,01/07/2025,11:54:52,7905.02,0,0,0,0,0,0
COMDTY.BSE_IDX,01/07/2025,11:55:00,7905.32,0,0,0,0,0,0
COMDTY.BSE_IDX,01/07/2025,11:55:08,7905.27,0,0,0,0,0,0
COMDTY.BSE_IDX,01/07/2025,11:55:17,7905.39,0,0,0,0,0,0
COMDTY.BSE_IDX,01/07/2025,11:55:24,7905.67,0,0,0,0,0,0
COMDTY.BSE_IDX,01/07/2025,11:55:32,7906.07,0,0,0,0,0,0
COMDTY.BSE_IDX,01/07/2025,11:55:40,7906.03,0,0,0,0,0,0
COMDTY.BSE_IDX,01/07/2025,11:55:48,7905.39,0,0,0,0,0,0
COMDTY.BSE_IDX,01/07/2025,11:55:56,7905.14,0,0,0,0,0,0
COMDTY.BSE_IDX,01/07/2025,11:56:05,7905.47,0,0,0,0,0,0
COMDTY.BSE_IDX,01/07/2025,11:56:12,7905.85,0,0,0,0,0,0
COMDTY.BSE_IDX,01/07/2025,11:56:20,7905.24,0,0,0,0,0,0
COMDTY.BSE_IDX,01/07/2025,11:56:28,7905.03,0,0,0,0,0,0
COMDTY.BSE_IDX,01/07/2025,11:56:36,7904.66,0,0,0,0,0,0
COMDTY.BSE_IDX,01/07/2025,11:56:44,7904.77,0,0,0,0,0,0
COMDTY.BSE_IDX,01/07/2025,11:56:52,7905.02,0,0,0,0,0,0
COMDTY.BSE_IDX,01/07/2025,11:57:00,7905.2,0,0,0,0,0,0
COMDTY.BSE_IDX,01/07/2025,11:57:08,7904.1,0,0,0,0,0,0
COMDTY.BSE_IDX,01/07/2025,11:57:16,7904.07,0,0,0,0,0,0
COMDTY.BSE_IDX,01/07/2025,11:57:24,7904.28,0,0,0,0,0,0
COMDTY.BSE_IDX,01/07/2025,11:57:32,7903.81,0,0,0,0,0,0
COMDTY.BSE_IDX,01/07/2025,11:57:40,7903.46,0,0,0,0,0,0
COMDTY.BSE_IDX,01/07/2025,11:57:48,7903.46,0,0,0,0,0,0
COMDTY.BSE_IDX,01/07/2025,11:57:56,7903.43,0,0,0,0,0,0
COMDTY.BSE_IDX,01/07/2025,11:58:04,7902.43,0,0,0,0,0,0
COMDTY.BSE_IDX,01/07/2025,11:58:12,7902.42,0,0,0,0,0,0
COMDTY.BSE_IDX,01/07/2025,11:58:20,7902.23,0,0,0,0,0,0
COMDTY.BSE_IDX,01/07/2025,11:58:28,7902.37,0,0,0,0,0,0
COMDTY.BSE_IDX,01/07/2025,11:58:36,7902.91,0,0,0,0,0,0
COMDTY.BSE_IDX,01/07/2025,11:58:44,7903,0,0,0,0,0,0
COMDTY.BSE_IDX,01/07/2025,11:58:52,7903.13,0,0,0,0,0,0
COMDTY.BSE_IDX,01/07/2025,11:59:00,7902.58,0,0,0,0,0,0
COMDTY.BSE_IDX,01/07/2025,11:59:08,7902.97,0,0,0,0,0,0
COMDTY.BSE_IDX,01/07/2025,11:59:16,7902.94,0,0,0,0,0,0
COMDTY.BSE_IDX,01/07/2025,11:59:24,7903.27,0,0,0,0,0,0
COMDTY.BSE_IDX,01/07/2025,11:59:32,7903.91,0,0,0,0,0,0
COMDTY.BSE_IDX,01/07/2025,11:59:40,7905.09,0,0,0,0,0,0
COMDTY.BSE_IDX,01/07/2025,11:59:48,7904.78,0,0,0,0,0,0
COMDTY.BSE_IDX,01/07/2025,11:59:56,7905.14,0,0,0,0,0,0
COMDTY.BSE_IDX,01/07/2025,12:00:05,7905.4,0,0,0,0,0,0
COMDTY.BSE_IDX,01/07/2025,12:00:12,7905.56,0,0,0,0,0,0
COMDTY.BSE_IDX,01/07/2025,12:00:20,7904.67,0,0,0,0,0,0
COMDTY.BSE_IDX,01/07/2025,12:00:28,7904.82,0,0,0,0,0,0
COMDTY.BSE_IDX,01/07/2025,12:00:37,7904.35,0,0,0,0,0,0
COMDTY.BSE_IDX,01/07/2025,12:00:44,7904.49,0,0,0,0,0,0
COMDTY.BSE_IDX,01/07/2025,12:00:52,7904.39,0,0,0,0,0,0
COMDTY.BSE_IDX,01/07/2025,12:01:00,7905.54,0,0,0,0,0,0
COMDTY.BSE_IDX,01/07/2025,12:01:08,7905.45,0,0,0,0,0,0
COMDTY.BSE_IDX,01/07/2025,12:01:16,7905.18,0,0,0,0,0,0
COMDTY.BSE_IDX,01/07/2025,12:01:24,7905.13,0,0,0,0,0,0
COMDTY.BSE_IDX,01/07/2025,12:01:32,7905.25,0,0,0,0,0,0
COMDTY.BSE_IDX,01/07/2025,12:01:40,7905.05,0,0,0,0,0,0
COMDTY.BSE_IDX,01/07/2025,12:01:48,7904.77,0,0,0,0,0,0
COMDTY.BSE_IDX,01/07/2025,12:01:57,7905.29,0,0,0,0,0,0
COMDTY.BSE_IDX,01/07/2025,12:02:04,7905.28,0,0,0,0,0,0
COMDTY.BSE_IDX,01/07/2025,12:02:12,7904.4,0,0,0,0,0,0
COMDTY.BSE_IDX,01/07/2025,12:02:20,7904.24,0,0,0,0,0,0
COMDTY.BSE_IDX,01/07/2025,12:02:28,7904.57,0,0,0,0,0,0
COMDTY.BSE_IDX,01/07/2025,12:02:36,7904.37,0,0,0,0,0,0
COMDTY.BSE_IDX,01/07/2025,12:02:44,7904.9,0,0,0,0,0,0
COMDTY.BSE_IDX,01/07/2025,12:02:52,7904.87,0,0,0,0,0,0
COMDTY.BSE_IDX,01/07/2025,12:03:00,7904.62,0,0,0,0,0,0
COMDTY.BSE_IDX,01/07/2025,12:03:08,7904.66,0,0,0,0,0,0
COMDTY.BSE_IDX,01/07/2025,12:03:17,7904.86,0,0,0,0,0,0
COMDTY.BSE_IDX,01/07/2025,12:03:24,7904.93,0,0,0,0,0,0
COMDTY.BSE_IDX,01/07/2025,12:03:32,7904.32,0,0,0,0,0,0
COMDTY.BSE_IDX,01/07/2025,12:03:40,7904.75,0,0,0,0,0,0
COMDTY.BSE_IDX,01/07/2025,12:03:48,7904.6,0,0,0,0,0,0
COMDTY.BSE_IDX,01/07/2025,12:03:56,7904.77,0,0,0,0,0,0
COMDTY.BSE_IDX,01/07/2025,12:04:04,7904.86,0,0,0,0,0,0
COMDTY.BSE_IDX,01/07/2025,12:04:12,7904.69,0,0,0,0,0,0
COMDTY.BSE_IDX,01/07/2025,12:04:20,7904.84,0,0,0,0,0,0
COMDTY.BSE_IDX,01/07/2025,12:04:28,7904.47,0,0,0,0,0,0
COMDTY.BSE_IDX,01/07/2025,12:04:36,7904.63,0,0,0,0,0,0
COMDTY.BSE_IDX,01/07/2025,12:04:44,7904.67,0,0,0,0,0,0
COMDTY.BSE_IDX,01/07/2025,12:04:52,7905.09,0,0,0,0,0,0
COMDTY.BSE_IDX,01/07/2025,12:05:01,7904.33,0,0,0,0,0,0
COMDTY.BSE_IDX,01/07/2025,12:05:08,7904.43,0,0,0,0,0,0
COMDTY.BSE_IDX,01/07/2025,12:05:16,7905.37,0,0,0,0,0,0
COMDTY.BSE_IDX,01/07/2025,12:05:24,7905.37,0,0,0,0,0,0
COMDTY.BSE_IDX,01/07/2025,12:05:32,7905.02,0,0,0,0,0,0
COMDTY.BSE_IDX,01/07/2025,12:05:40,7905.26,0,0,0,0,0,0
COMDTY.BSE_IDX,01/07/2025,12:05:48,7905.35,0,0,0,0,0,0
COMDTY.BSE_IDX,01/07/2025,12:05:56,7905.9,0,0,0,0,0,0
COMDTY.BSE_IDX,01/07/2025,12:06:04,7905.73,0,0,0,0,0,0
COMDTY.BSE_IDX,01/07/2025,12:06:12,7905.05,0,0,0,0,0,0
COMDTY.BSE_IDX,01/07/2025,12:06:20,7905.22,0,0,0,0,0,0
COMDTY.BSE_IDX,01/07/2025,12:06:28,7905.63,0,0,0,0,0,0
COMDTY.BSE_IDX,01/07/2025,12:06:36,7905.6,0,0,0,0,0,0
COMDTY.BSE_IDX,01/07/2025,12:06:44,7905.95,0,0,0,0,0,0
COMDTY.BSE_IDX,01/07/2025,12:06:53,7905.8,0,0,0,0,0,0
COMDTY.BSE_IDX,01/07/2025,12:07:00,7905.78,0,0,0,0,0,0
COMDTY.BSE_IDX,01/07/2025,12:07:08,7905.54,0,0,0,0,0,0
COMDTY.BSE_IDX,01/07/2025,12:07:16,7905.94,0,0,0,0,0,0
COMDTY.BSE_IDX,01/07/2025,12:07:24,7906,0,0,0,0,0,0
COMDTY.BSE_IDX,01/07/2025,12:07:32,7905.88,0,0,0,0,0,0
COMDTY.BSE_IDX,01/07/2025,12:07:40,7906.03,0,0,0,0,0,0
COMDTY.BSE_IDX,01/07/2025,12:07:48,7907.68,0,0,0,0,0,0
COMDTY.BSE_IDX,01/07/2025,12:07:56,7907.42,0,0,0,0,0,0
COMDTY.BSE_IDX,01/07/2025,12:08:04,7907.84,0,0,0,0,0,0
COMDTY.BSE_IDX,01/07/2025,12:08:12,7907.65,0,0,0,0,0,0
COMDTY.BSE_IDX,01/07/2025,12:08:20,7907.8,0,0,0,0,0,0
COMDTY.BSE_IDX,01/07/2025,12:08:28,7907.3,0,0,0,0,0,0
COMDTY.BSE_IDX,01/07/2025,12:08:36,7907.52,0,0,0,0,0,0
COMDTY.BSE_IDX,01/07/2025,12:08:44,7908.4,0,0,0,0,0,0
COMDTY.BSE_IDX,01/07/2025,12:08:52,7908.35,0,0,0,0,0,0
COMDTY.BSE_IDX,01/07/2025,12:09:00,7908.13,0,0,0,0,0,0
COMDTY.BSE_IDX,01/07/2025,12:09:08,7909.1,0,0,0,0,0,0
COMDTY.BSE_IDX,01/07/2025,12:09:16,7909.5,0,0,0,0,0,0
COMDTY.BSE_IDX,01/07/2025,12:09:25,7909.29,0,0,0,0,0,0
COMDTY.BSE_IDX,01/07/2025,12:09:32,7910.13,0,0,0,0,0,0
COMDTY.BSE_IDX,01/07/2025,12:09:40,7909.93,0,0,0,0,0,0
COMDTY.BSE_IDX,01/07/2025,12:09:48,7909.96,0,0,0,0,0,0
COMDTY.BSE_IDX,01/07/2025,12:09:57,7909.8,0,0,0,0,0,0
COMDTY.BSE_IDX,01/07/2025,12:10:05,7909.7,0,0,0,0,0,0
COMDTY.BSE_IDX,01/07/2025,12:10:13,7910.53,0,0,0,0,0,0
COMDTY.BSE_IDX,01/07/2025,12:10:22,7911.1,0,0,0,0,0,0
COMDTY.BSE_IDX,01/07/2025,12:10:28,7911.18,0,0,0,0,0,0
COMDTY.BSE_IDX,01/07/2025,12:10:36,7911.51,0,0,0,0,0,0
COMDTY.BSE_IDX,01/07/2025,12:10:45,7910.84,0,0,0,0,0,0
COMDTY.BSE_IDX,01/07/2025,12:10:52,7911.15,0,0,0,0,0,0
COMDTY.BSE_IDX,01/07/2025,12:11:00,7911.4,0,0,0,0,0,0
COMDTY.BSE_IDX,01/07/2025,12:11:08,7911.23,0,0,0,0,0,0
COMDTY.BSE_IDX,01/07/2025,12:11:17,7911.11,0,0,0,0,0,0
COMDTY.BSE_IDX,01/07/2025,12:11:24,7911.5,0,0,0,0,0,0
COMDTY.BSE_IDX,01/07/2025,12:11:32,7911.94,0,0,0,0,0,0
COMDTY.BSE_IDX,01/07/2025,12:11:40,7912.46,0,0,0,0,0,0
COMDTY.BSE_IDX,01/07/2025,12:11:49,7913.66,0,0,0,0,0,0
COMDTY.BSE_IDX,01/07/2025,12:11:57,7914.49,0,0,0,0,0,0
COMDTY.BSE_IDX,01/07/2025,12:12:05,7914.65,0,0,0,0,0,0
COMDTY.BSE_IDX,01/07/2025,12:12:13,7915.04,0,0,0,0,0,0
COMDTY.BSE_IDX,01/07/2025,12:12:21,7915.43,0,0,0,0,0,0
COMDTY.BSE_IDX,01/07/2025,12:12:29,7915.81,0,0,0,0,0,0
COMDTY.BSE_IDX,01/07/2025,12:12:37,7916.07,0,0,0,0,0,0
COMDTY.BSE_IDX,01/07/2025,12:12:45,7916.27,0,0,0,0,0,0
COMDTY.BSE_IDX,01/07/2025,12:12:53,7916.5,0,0,0,0,0,0
COMDTY.BSE_IDX,01/07/2025,12:13:01,7916.46,0,0,0,0,0,0
COMDTY.BSE_IDX,01/07/2025,12:13:09,7916.4,0,0,0,0,0,0
COMDTY.BSE_IDX,01/07/2025,12:13:17,7916.24,0,0,0,0,0,0
COMDTY.BSE_IDX,01/07/2025,12:13:25,7917.21,0,0,0,0,0,0
COMDTY.BSE_IDX,01/07/2025,12:13:33,7917.57,0,0,0,0,0,0
COMDTY.BSE_IDX,01/07/2025,12:13:41,7918.53,0,0,0,0,0,0
COMDTY.BSE_IDX,01/07/2025,12:13:49,7918.84,0,0,0,0,0,0
COMDTY.BSE_IDX,01/07/2025,12:13:57,7918.93,0,0,0,0,0,0
COMDTY.BSE_IDX,01/07/2025,12:14:05,7919.49,0,0,0,0,0,0
COMDTY.BSE_IDX,01/07/2025,12:14:13,7920.98,0,0,0,0,0,0
COMDTY.BSE_IDX,01/07/2025,12:14:21,7921.6,0,0,0,0,0,0
COMDTY.BSE_IDX,01/07/2025,12:14:29,7921.71,0,0,0,0,0,0
COMDTY.BSE_IDX,01/07/2025,12:14:37,7921.99,0,0,0,0,0,0
COMDTY.BSE_IDX,01/07/2025,12:14:46,7922.59,0,0,0,0,0,0
COMDTY.BSE_IDX,01/07/2025,12:14:54,7922.95,0,0,0,0,0,0
COMDTY.BSE_IDX,01/07/2025,12:15:01,7923.43,0,0,0,0,0,0
COMDTY.BSE_IDX,01/07/2025,12:15:09,7923.55,0,0,0,0,0,0
COMDTY.BSE_IDX,01/07/2025,12:15:17,7924.75,0,0,0,0,0,0
COMDTY.BSE_IDX,01/07/2025,12:15:25,7924.42,0,0,0,0,0,0
COMDTY.BSE_IDX,01/07/2025,12:15:33,7923.86,0,0,0,0,0,0
COMDTY.BSE_IDX,01/07/2025,12:15:41,7924.32,0,0,0,0,0,0
COMDTY.BSE_IDX,01/07/2025,12:15:49,7924.05,0,0,0,0,0,0
COMDTY.BSE_IDX,01/07/2025,12:15:57,7926.8,0,0,0,0,0,0
COMDTY.BSE_IDX,01/07/2025,12:16:05,7927.5,0,0,0,0,0,0
COMDTY.BSE_IDX,01/07/2025,12:16:13,7928.5,0,0,0,0,0,0
COMDTY.BSE_IDX,01/07/2025,12:16:21,7929.37,0,0,0,0,0,0
COMDTY.BSE_IDX,01/07/2025,12:16:29,7930.17,0,0,0,0,0,0
COMDTY.BSE_IDX,01/07/2025,12:16:37,7929.63,0,0,0,0,0,0
COMDTY.BSE_IDX,01/07/2025,12:16:45,7928.4,0,0,0,0,0,0
COMDTY.BSE_IDX,01/07/2025,12:16:53,7929.34,0,0,0,0,0,0
COMDTY.BSE_IDX,01/07/2025,12:17:01,7929.9,0,0,0,0,0,0
COMDTY.BSE_IDX,01/07/2025,12:17:09,7931.41,0,0,0,0,0,0
COMDTY.BSE_IDX,01/07/2025,12:17:17,7934.22,0,0,0,0,0,0
COMDTY.BSE_IDX,01/07/2025,12:17:25,7933.97,0,0,0,0,0,0
COMDTY.BSE_IDX,01/07/2025,12:17:33,7934.71,0,0,0,0,0,0
COMDTY.BSE_IDX,01/07/2025,12:17:41,7934.65,0,0,0,0,0,0
COMDTY.BSE_IDX,01/07/2025,12:17:49,7933.93,0,0,0,0,0,0
COMDTY.BSE_IDX,01/07/2025,12:17:57,7934.32,0,0,0,0,0,0
COMDTY.BSE_IDX,01/07/2025,12:18:05,7935.82,0,0,0,0,0,0
COMDTY.BSE_IDX,01/07/2025,12:18:13,7935.94,0,0,0,0,0,0
COMDTY.BSE_IDX,01/07/2025,12:18:21,7937.21,0,0,0,0,0,0
COMDTY.BSE_IDX,01/07/2025,12:18:29,7938.14,0,0,0,0,0,0
COMDTY.BSE_IDX,01/07/2025,12:18:37,7937.71,0,0,0,0,0,0
COMDTY.BSE_IDX,01/07/2025,12:18:45,7939.78,0,0,0,0,0,0
COMDTY.BSE_IDX,01/07/2025,12:18:53,7940.79,0,0,0,0,0,0
COMDTY.BSE_IDX,01/07/2025,12:19:01,7941.5,0,0,0,0,0,0
COMDTY.BSE_IDX,01/07/2025,12:19:09,7941.76,0,0,0,0,0,0
COMDTY.BSE_IDX,01/07/2025,12:19:17,7941.31,0,0,0,0,0,0
COMDTY.BSE_IDX,01/07/2025,12:19:25,7942.78,0,0,0,0,0,0
COMDTY.BSE_IDX,01/07/2025,12:19:33,7942.77,0,0,0,0,0,0
COMDTY.BSE_IDX,01/07/2025,12:19:41,7942.29,0,0,0,0,0,0
COMDTY.BSE_IDX,01/07/2025,12:19:49,7942.24,0,0,0,0,0,0
COMDTY.BSE_IDX,01/07/2025,12:19:57,7942.42,0,0,0,0,0,0
COMDTY.BSE_IDX,01/07/2025,12:20:05,7942.59,0,0,0,0,0,0
COMDTY.BSE_IDX,01/07/2025,12:20:13,7942.46,0,0,0,0,0,0
COMDTY.BSE_IDX,01/07/2025,12:20:21,7941.05,0,0,0,0,0,0
COMDTY.BSE_IDX,01/07/2025,12:20:29,7940.17,0,0,0,0,0,0
COMDTY.BSE_IDX,01/07/2025,12:20:37,7939.18,0,0,0,0,0,0
COMDTY.BSE_IDX,01/07/2025,12:20:45,7939.71,0,0,0,0,0,0
COMDTY.BSE_IDX,01/07/2025,12:20:53,7940.18,0,0,0,0,0,0
COMDTY.BSE_IDX,01/07/2025,12:21:01,7939,0,0,0,0,0,0
COMDTY.BSE_IDX,01/07/2025,12:21:09,7939,0,0,0,0,0,0
COMDTY.BSE_IDX,01/07/2025,12:21:17,7938.29,0,0,0,0,0,0
COMDTY.BSE_IDX,01/07/2025,12:21:25,7938.34,0,0,0,0,0,0
COMDTY.BSE_IDX,01/07/2025,12:21:33,7938.55,0,0,0,0,0,0
COMDTY.BSE_IDX,01/07/2025,12:21:41,7938.8,0,0,0,0,0,0
COMDTY.BSE_IDX,01/07/2025,12:21:49,7939.16,0,0,0,0,0,0
COMDTY.BSE_IDX,01/07/2025,12:21:57,7938.5,0,0,0,0,0,0
COMDTY.BSE_IDX,01/07/2025,12:22:05,7938.34,0,0,0,0,0,0
COMDTY.BSE_IDX,01/07/2025,12:22:13,7938.5,0,0,0,0,0,0
COMDTY.BSE_IDX,01/07/2025,12:22:21,7938.65,0,0,0,0,0,0
COMDTY.BSE_IDX,01/07/2025,12:22:29,7938.48,0,0,0,0,0,0
COMDTY.BSE_IDX,01/07/2025,12:22:37,7938.62,0,0,0,0,0,0
COMDTY.BSE_IDX,01/07/2025,12:22:45,7938.41,0,0,0,0,0,0
COMDTY.BSE_IDX,01/07/2025,12:22:53,7938.54,0,0,0,0,0,0
COMDTY.BSE_IDX,01/07/2025,12:23:02,7938.51,0,0,0,0,0,0
COMDTY.BSE_IDX,01/07/2025,12:23:09,7938.22,0,0,0,0,0,0
COMDTY.BSE_IDX,01/07/2025,12:23:17,7938.31,0,0,0,0,0,0
COMDTY.BSE_IDX,01/07/2025,12:23:25,7939.03,0,0,0,0,0,0
COMDTY.BSE_IDX,01/07/2025,12:23:33,7939,0,0,0,0,0,0
COMDTY.BSE_IDX,01/07/2025,12:23:41,7938.93,0,0,0,0,0,0
COMDTY.BSE_IDX,01/07/2025,12:23:49,7938.31,0,0,0,0,0,0
COMDTY.BSE_IDX,01/07/2025,12:23:57,7937.75,0,0,0,0,0,0
COMDTY.BSE_IDX,01/07/2025,12:24:05,7940.49,0,0,0,0,0,0
COMDTY.BSE_IDX,01/07/2025,12:24:13,7940.02,0,0,0,0,0,0
COMDTY.BSE_IDX,01/07/2025,12:24:21,7940.62,0,0,0,0,0,0
COMDTY.BSE_IDX,01/07/2025,12:24:29,7940.36,0,0,0,0,0,0
COMDTY.BSE_IDX,01/07/2025,12:24:37,7940.13,0,0,0,0,0,0
COMDTY.BSE_IDX,01/07/2025,12:24:45,7939.35,0,0,0,0,0,0
COMDTY.BSE_IDX,01/07/2025,12:24:53,7939.11,0,0,0,0,0,0
COMDTY.BSE_IDX,01/07/2025,12:25:01,7939.62,0,0,0,0,0,0
COMDTY.BSE_IDX,01/07/2025,12:25:09,7939.56,0,0,0,0,0,0
COMDTY.BSE_IDX,01/07/2025,12:25:17,7939.72,0,0,0,0,0,0
COMDTY.BSE_IDX,01/07/2025,12:25:25,7939.9,0,0,0,0,0,0
COMDTY.BSE_IDX,01/07/2025,12:25:33,7939.12,0,0,0,0,0,0
COMDTY.BSE_IDX,01/07/2025,12:25:41,7939.05,0,0,0,0,0,0
COMDTY.BSE_IDX,01/07/2025,12:25:49,7939.27,0,0,0,0,0,0
COMDTY.BSE_IDX,01/07/2025,12:25:57,7939.22,0,0,0,0,0,0
COMDTY.BSE_IDX,01/07/2025,12:26:05,7939.07,0,0,0,0,0,0
COMDTY.BSE_IDX,01/07/2025,12:26:13,7939.56,0,0,0,0,0,0
COMDTY.BSE_IDX,01/07/2025,12:26:21,7939.61,0,0,0,0,0,0
COMDTY.BSE_IDX,01/07/2025,12:26:31,7938.69,0,0,0,0,0,0
COMDTY.BSE_IDX,01/07/2025,12:26:37,7938.49,0,0,0,0,0,0
COMDTY.BSE_IDX,01/07/2025,12:26:45,7938.94,0,0,0,0,0,0
COMDTY.BSE_IDX,01/07/2025,12:26:53,7938.88,0,0,0,0,0,0
COMDTY.BSE_IDX,01/07/2025,12:27:01,7938.02,0,0,0,0,0,0
COMDTY.BSE_IDX,01/07/2025,12:27:09,7937.85,0,0,0,0,0,0
COMDTY.BSE_IDX,01/07/2025,12:27:17,7937.22,0,0,0,0,0,0
COMDTY.BSE_IDX,01/07/2025,12:27:25,7937.23,0,0,0,0,0,0
COMDTY.BSE_IDX,01/07/2025,12:27:33,7936.81,0,0,0,0,0,0
COMDTY.BSE_IDX,01/07/2025,12:27:41,7936.76,0,0,0,0,0,0
COMDTY.BSE_IDX,01/07/2025,12:27:49,7936.79,0,0,0,0,0,0
COMDTY.BSE_IDX,01/07/2025,12:27:57,7936.77,0,0,0,0,0,0
COMDTY.BSE_IDX,01/07/2025,12:28:05,7936.76,0,0,0,0,0,0
COMDTY.BSE_IDX,01/07/2025,12:28:13,7936.77,0,0,0,0,0,0
COMDTY.BSE_IDX,01/07/2025,12:28:21,7936.38,0,0,0,0,0,0
COMDTY.BSE_IDX,01/07/2025,12:28:29,7936.45,0,0,0,0,0,0
COMDTY.BSE_IDX,01/07/2025,12:28:37,7935.73,0,0,0,0,0,0
COMDTY.BSE_IDX,01/07/2025,12:28:45,7935.11,0,0,0,0,0,0
COMDTY.BSE_IDX,01/07/2025,12:28:53,7934.49,0,0,0,0,0,0
COMDTY.BSE_IDX,01/07/2025,12:29:01,7933.92,0,0,0,0,0,0
COMDTY.BSE_IDX,01/07/2025,12:29:10,7933.49,0,0,0,0,0,0
COMDTY.BSE_IDX,01/07/2025,12:29:18,7933.74,0,0,0,0,0,0
COMDTY.BSE_IDX,01/07/2025,12:29:25,7933.19,0,0,0,0,0,0
COMDTY.BSE_IDX,01/07/2025,12:29:33,7933.05,0,0,0,0,0,0
COMDTY.BSE_IDX,01/07/2025,12:29:41,7933.11,0,0,0,0,0,0
COMDTY.BSE_IDX,01/07/2025,12:29:49,7932.81,0,0,0,0,0,0
COMDTY.BSE_IDX,01/07/2025,12:29:57,7932.54,0,0,0,0,0,0
COMDTY.BSE_IDX,01/07/2025,12:30:05,7933.43,0,0,0,0,0,0
COMDTY.BSE_IDX,01/07/2025,12:30:13,7932.51,0,0,0,0,0,0
COMDTY.BSE_IDX,01/07/2025,12:30:22,7933.39,0,0,0,0,0,0
COMDTY.BSE_IDX,01/07/2025,12:30:29,7933.36,0,0,0,0,0,0
COMDTY.BSE_IDX,01/07/2025,12:30:37,7932.92,0,0,0,0,0,0
COMDTY.BSE_IDX,01/07/2025,12:30:45,7933.47,0,0,0,0,0,0
COMDTY.BSE_IDX,01/07/2025,12:30:53,7933.34,0,0,0,0,0,0
COMDTY.BSE_IDX,01/07/2025,12:31:01,7933.78,0,0,0,0,0,0
COMDTY.BSE_IDX,01/07/2025,12:31:09,7931.78,0,0,0,0,0,0
COMDTY.BSE_IDX,01/07/2025,12:31:17,7931.6,0,0,0,0,0,0
COMDTY.BSE_IDX,01/07/2025,12:31:25,7931.31,0,0,0,0,0,0
COMDTY.BSE_IDX,01/07/2025,12:31:34,7930.15,0,0,0,0,0,0
COMDTY.BSE_IDX,01/07/2025,12:31:41,7929.52,0,0,0,0,0,0
COMDTY.BSE_IDX,01/07/2025,12:31:49,7929.32,0,0,0,0,0,0
COMDTY.BSE_IDX,01/07/2025,12:31:57,7929.39,0,0,0,0,0,0
COMDTY.BSE_IDX,01/07/2025,12:32:05,7929.35,0,0,0,0,0,0
COMDTY.BSE_IDX,01/07/2025,12:32:13,7930.34,0,0,0,0,0,0
COMDTY.BSE_IDX,01/07/2025,12:32:21,7930.41,0,0,0,0,0,0
COMDTY.BSE_IDX,01/07/2025,12:32:29,7930.57,0,0,0,0,0,0
COMDTY.BSE_IDX,01/07/2025,12:32:37,7930.62,0,0,0,0,0,0
COMDTY.BSE_IDX,01/07/2025,12:32:45,7930.37,0,0,0,0,0,0
COMDTY.BSE_IDX,01/07/2025,12:32:53,7930.98,0,0,0,0,0,0
COMDTY.BSE_IDX,01/07/2025,12:33:01,7930.68,0,0,0,0,0,0
COMDTY.BSE_IDX,01/07/2025,12:33:09,7930.8,0,0,0,0,0,0
COMDTY.BSE_IDX,01/07/2025,12:33:17,7929.43,0,0,0,0,0,0
COMDTY.BSE_IDX,01/07/2025,12:33:26,7930.01,0,0,0,0,0,0
COMDTY.BSE_IDX,01/07/2025,12:33:33,7930.24,0,0,0,0,0,0
COMDTY.BSE_IDX,01/07/2025,12:33:41,7930.56,0,0,0,0,0,0
COMDTY.BSE_IDX,01/07/2025,12:33:49,7930.84,0,0,0,0,0,0
COMDTY.BSE_IDX,01/07/2025,12:33:57,7931.08,0,0,0,0,0,0
COMDTY.BSE_IDX,01/07/2025,12:34:05,7930.91,0,0,0,0,0,0
COMDTY.BSE_IDX,01/07/2025,12:34:13,7931.52,0,0,0,0,0,0
COMDTY.BSE_IDX,01/07/2025,12:34:21,7931.87,0,0,0,0,0,0
COMDTY.BSE_IDX,01/07/2025,12:34:29,7932.38,0,0,0,0,0,0
COMDTY.BSE_IDX,01/07/2025,12:34:37,7932.48,0,0,0,0,0,0
COMDTY.BSE_IDX,01/07/2025,12:34:45,7932.35,0,0,0,0,0,0
COMDTY.BSE_IDX,01/07/2025,12:34:53,7932.68,0,0,0,0,0,0
COMDTY.BSE_IDX,01/07/2025,12:35:01,7932.76,0,0,0,0,0,0
COMDTY.BSE_IDX,01/07/2025,12:35:09,7933.38,0,0,0,0,0,0
COMDTY.BSE_IDX,01/07/2025,12:35:17,7933.73,0,0,0,0,0,0
COMDTY.BSE_IDX,01/07/2025,12:35:25,7934.34,0,0,0,0,0,0
COMDTY.BSE_IDX,01/07/2025,12:35:33,7934.36,0,0,0,0,0,0
COMDTY.BSE_IDX,01/07/2025,12:35:41,7934.18,0,0,0,0,0,0
COMDTY.BSE_IDX,01/07/2025,12:35:49,7934.73,0,0,0,0,0,0
COMDTY.BSE_IDX,01/07/2025,12:35:57,7935.4,0,0,0,0,0,0
COMDTY.BSE_IDX,01/07/2025,12:36:05,7935.97,0,0,0,0,0,0
COMDTY.BSE_IDX,01/07/2025,12:36:13,7935.66,0,0,0,0,0,0
COMDTY.BSE_IDX,01/07/2025,12:36:21,7936.21,0,0,0,0,0,0
COMDTY.BSE_IDX,01/07/2025,12:36:29,7936.48,0,0,0,0,0,0
COMDTY.BSE_IDX,01/07/2025,12:36:37,7936.09,0,0,0,0,0,0
COMDTY.BSE_IDX,01/07/2025,12:36:45,7937.15,0,0,0,0,0,0
COMDTY.BSE_IDX,01/07/2025,12:36:53,7936.99,0,0,0,0,0,0
COMDTY.BSE_IDX,01/07/2025,12:37:01,7936.72,0,0,0,0,0,0
COMDTY.BSE_IDX,01/07/2025,12:37:09,7937.21,0,0,0,0,0,0
COMDTY.BSE_IDX,01/07/2025,12:37:17,7936.76,0,0,0,0,0,0
COMDTY.BSE_IDX,01/07/2025,12:37:25,7936.32,0,0,0,0,0,0
COMDTY.BSE_IDX,01/07/2025,12:37:33,7935.68,0,0,0,0,0,0
COMDTY.BSE_IDX,01/07/2025,12:37:41,7934.59,0,0,0,0,0,0
COMDTY.BSE_IDX,01/07/2025,12:37:49,7934.62,0,0,0,0,0,0
COMDTY.BSE_IDX,01/07/2025,12:37:57,7933.78,0,0,0,0,0,0
COMDTY.BSE_IDX,01/07/2025,12:38:05,7933.7,0,0,0,0,0,0
COMDTY.BSE_IDX,01/07/2025,12:38:13,7934.06,0,0,0,0,0,0
COMDTY.BSE_IDX,01/07/2025,12:38:22,7934.3,0,0,0,0,0,0
COMDTY.BSE_IDX,01/07/2025,12:38:29,7934.27,0,0,0,0,0,0
COMDTY.BSE_IDX,01/07/2025,12:38:39,7933.92,0,0,0,0,0,0
COMDTY.BSE_IDX,01/07/2025,12:38:45,7933.87,0,0,0,0,0,0
COMDTY.BSE_IDX,01/07/2025,12:38:53,7934.11,0,0,0,0,0,0
COMDTY.BSE_IDX,01/07/2025,12:39:01,7934.78,0,0,0,0,0,0
COMDTY.BSE_IDX,01/07/2025,12:39:10,7934.74,0,0,0,0,0,0
COMDTY.BSE_IDX,01/07/2025,12:39:17,7934.75,0,0,0,0,0,0
COMDTY.BSE_IDX,01/07/2025,12:39:25,7934.55,0,0,0,0,0,0
COMDTY.BSE_IDX,01/07/2025,12:39:34,7934.71,0,0,0,0,0,0
COMDTY.BSE_IDX,01/07/2025,12:39:42,7934.6,0,0,0,0,0,0
COMDTY.BSE_IDX,01/07/2025,12:39:49,7934.26,0,0,0,0,0,0
COMDTY.BSE_IDX,01/07/2025,12:39:57,7934.11,0,0,0,0,0,0
COMDTY.BSE_IDX,01/07/2025,12:40:05,7934.28,0,0,0,0,0,0
COMDTY.BSE_IDX,01/07/2025,12:40:21,7934.37,0,0,0,0,0,0
COMDTY.BSE_IDX,01/07/2025,12:40:29,7934.5,0,0,0,0,0,0
COMDTY.BSE_IDX,01/07/2025,12:40:37,7934.61,0,0,0,0,0,0
COMDTY.BSE_IDX,01/07/2025,12:40:45,7934.68,0,0,0,0,0,0
COMDTY.BSE_IDX,01/07/2025,12:40:54,7934.37,0,0,0,0,0,0
COMDTY.BSE_IDX,01/07/2025,12:41:01,7934.56,0,0,0,0,0,0
COMDTY.BSE_IDX,01/07/2025,12:41:09,7935.1,0,0,0,0,0,0
COMDTY.BSE_IDX,01/07/2025,12:41:17,7935.19,0,0,0,0,0,0
COMDTY.BSE_IDX,01/07/2025,12:41:25,7934.55,0,0,0,0,0,0
COMDTY.BSE_IDX,01/07/2025,12:41:33,7934.13,0,0,0,0,0,0
COMDTY.BSE_IDX,01/07/2025,12:41:41,7933.54,0,0,0,0,0,0
COMDTY.BSE_IDX,01/07/2025,12:41:49,7933.71,0,0,0,0,0,0
COMDTY.BSE_IDX,01/07/2025,12:41:57,7934.34,0,0,0,0,0,0
COMDTY.BSE_IDX,01/07/2025,12:42:05,7934.34,0,0,0,0,0,0
COMDTY.BSE_IDX,01/07/2025,12:42:13,7935.11,0,0,0,0,0,0
COMDTY.BSE_IDX,01/07/2025,12:42:21,7934.85,0,0,0,0,0,0
COMDTY.BSE_IDX,01/07/2025,12:42:29,7935.01,0,0,0,0,0,0
COMDTY.BSE_IDX,01/07/2025,12:42:37,7934.6,0,0,0,0,0,0
COMDTY.BSE_IDX,01/07/2025,12:42:45,7934.64,0,0,0,0,0,0
COMDTY.BSE_IDX,01/07/2025,12:42:53,7934.77,0,0,0,0,0,0
COMDTY.BSE_IDX,01/07/2025,12:43:01,7935.39,0,0,0,0,0,0
COMDTY.BSE_IDX,01/07/2025,12:43:10,7935.02,0,0,0,0,0,0
COMDTY.BSE_IDX,01/07/2025,12:43:17,7935.15,0,0,0,0,0,0
COMDTY.BSE_IDX,01/07/2025,12:43:26,7935.35,0,0,0,0,0,0
COMDTY.BSE_IDX,01/07/2025,12:43:33,7935.16,0,0,0,0,0,0
COMDTY.BSE_IDX,01/07/2025,12:43:41,7934.38,0,0,0,0,0,0
COMDTY.BSE_IDX,01/07/2025,12:43:49,7934.01,0,0,0,0,0,0
COMDTY.BSE_IDX,01/07/2025,12:43:58,7933.83,0,0,0,0,0,0
COMDTY.BSE_IDX,01/07/2025,12:44:05,7933.79,0,0,0,0,0,0
COMDTY.BSE_IDX,01/07/2025,12:44:14,7933.5,0,0,0,0,0,0
COMDTY.BSE_IDX,01/07/2025,12:44:21,7932.82,0,0,0,0,0,0
COMDTY.BSE_IDX,01/07/2025,12:44:29,7932.32,0,0,0,0,0,0
COMDTY.BSE_IDX,01/07/2025,12:44:38,7932.62,0,0,0,0,0,0
COMDTY.BSE_IDX,01/07/2025,12:44:45,7931.96,0,0,0,0,0,0
COMDTY.BSE_IDX,01/07/2025,12:44:53,7931.45,0,0,0,0,0,0
COMDTY.BSE_IDX,01/07/2025,12:45:01,7931.52,0,0,0,0,0,0
COMDTY.BSE_IDX,01/07/2025,12:45:11,7931.43,0,0,0,0,0,0
COMDTY.BSE_IDX,01/07/2025,12:45:17,7931.4,0,0,0,0,0,0
COMDTY.BSE_IDX,01/07/2025,12:45:25,7931.97,0,0,0,0,0,0
COMDTY.BSE_IDX,01/07/2025,12:45:34,7931.68,0,0,0,0,0,0
COMDTY.BSE_IDX,01/07/2025,12:45:42,7932.11,0,0,0,0,0,0
COMDTY.BSE_IDX,01/07/2025,12:45:50,7931.95,0,0,0,0,0,0
COMDTY.BSE_IDX,01/07/2025,12:45:58,7931.78,0,0,0,0,0,0
COMDTY.BSE_IDX,01/07/2025,12:46:06,7931.47,0,0,0,0,0,0
COMDTY.BSE_IDX,01/07/2025,12:46:14,7931.08,0,0,0,0,0,0
COMDTY.BSE_IDX,01/07/2025,12:46:22,7930.44,0,0,0,0,0,0
COMDTY.BSE_IDX,01/07/2025,12:46:30,7931,0,0,0,0,0,0
COMDTY.BSE_IDX,01/07/2025,12:46:38,7930.75,0,0,0,0,0,0
COMDTY.BSE_IDX,01/07/2025,12:46:46,7930.37,0,0,0,0,0,0
COMDTY.BSE_IDX,01/07/2025,12:46:54,7929.94,0,0,0,0,0,0
COMDTY.BSE_IDX,01/07/2025,12:47:02,7929.96,0,0,0,0,0,0
COMDTY.BSE_IDX,01/07/2025,12:47:10,7930.11,0,0,0,0,0,0
COMDTY.BSE_IDX,01/07/2025,12:47:18,7930.38,0,0,0,0,0,0
COMDTY.BSE_IDX,01/07/2025,12:47:26,7930.58,0,0,0,0,0,0
COMDTY.BSE_IDX,01/07/2025,12:47:34,7930.68,0,0,0,0,0,0
COMDTY.BSE_IDX,01/07/2025,12:47:42,7930.43,0,0,0,0,0,0
COMDTY.BSE_IDX,01/07/2025,12:47:50,7930.71,0,0,0,0,0,0
COMDTY.BSE_IDX,01/07/2025,12:47:58,7929.95,0,0,0,0,0,0
COMDTY.BSE_IDX,01/07/2025,12:48:06,7930.13,0,0,0,0,0,0
COMDTY.BSE_IDX,01/07/2025,12:48:14,7930.47,0,0,0,0,0,0
COMDTY.BSE_IDX,01/07/2025,12:48:22,7930.36,0,0,0,0,0,0
COMDTY.BSE_IDX,01/07/2025,12:48:30,7930.33,0,0,0,0,0,0
COMDTY.BSE_IDX,01/07/2025,12:48:38,7930.75,0,0,0,0,0,0
COMDTY.BSE_IDX,01/07/2025,12:48:46,7930.72,0,0,0,0,0,0
COMDTY.BSE_IDX,01/07/2025,12:48:54,7930.27,0,0,0,0,0,0
COMDTY.BSE_IDX,01/07/2025,12:49:02,7930.3,0,0,0,0,0,0
COMDTY.BSE_IDX,01/07/2025,12:49:10,7930.32,0,0,0,0,0,0
COMDTY.BSE_IDX,01/07/2025,12:49:18,7930.44,0,0,0,0,0,0
COMDTY.BSE_IDX,01/07/2025,12:49:26,7930.82,0,0,0,0,0,0
COMDTY.BSE_IDX,01/07/2025,12:49:34,7930.79,0,0,0,0,0,0
COMDTY.BSE_IDX,01/07/2025,12:49:42,7930.47,0,0,0,0,0,0
COMDTY.BSE_IDX,01/07/2025,12:49:50,7930.56,0,0,0,0,0,0
COMDTY.BSE_IDX,01/07/2025,12:49:58,7930.56,0,0,0,0,0,0
COMDTY.BSE_IDX,01/07/2025,12:50:06,7930.48,0,0,0,0,0,0
COMDTY.BSE_IDX,01/07/2025,12:50:14,7930.49,0,0,0,0,0,0
COMDTY.BSE_IDX,01/07/2025,12:50:22,7930.26,0,0,0,0,0,0
COMDTY.BSE_IDX,01/07/2025,12:50:30,7930.75,0,0,0,0,0,0
COMDTY.BSE_IDX,01/07/2025,12:50:38,7930.8,0,0,0,0,0,0
COMDTY.BSE_IDX,01/07/2025,12:50:47,7931.24,0,0,0,0,0,0
COMDTY.BSE_IDX,01/07/2025,12:50:54,7930.89,0,0,0,0,0,0
COMDTY.BSE_IDX,01/07/2025,12:51:02,7930.83,0,0,0,0,0,0
COMDTY.BSE_IDX,01/07/2025,12:51:10,7930.73,0,0,0,0,0,0
COMDTY.BSE_IDX,01/07/2025,12:51:19,7930.2,0,0,0,0,0,0
COMDTY.BSE_IDX,01/07/2025,12:51:26,7930.49,0,0,0,0,0,0
COMDTY.BSE_IDX,01/07/2025,12:51:34,7930.92,0,0,0,0,0,0
COMDTY.BSE_IDX,01/07/2025,12:51:42,7930.93,0,0,0,0,0,0
COMDTY.BSE_IDX,01/07/2025,12:51:50,7930.89,0,0,0,0,0,0
COMDTY.BSE_IDX,01/07/2025,12:51:58,7930.9,0,0,0,0,0,0
COMDTY.BSE_IDX,01/07/2025,12:52:06,7930.6,0,0,0,0,0,0
COMDTY.BSE_IDX,01/07/2025,12:52:14,7930.71,0,0,0,0,0,0
COMDTY.BSE_IDX,01/07/2025,12:52:22,7930.23,0,0,0,0,0,0
COMDTY.BSE_IDX,01/07/2025,12:52:30,7930.47,0,0,0,0,0,0
COMDTY.BSE_IDX,01/07/2025,12:52:38,7930.56,0,0,0,0,0,0
COMDTY.BSE_IDX,01/07/2025,12:52:46,7929.61,0,0,0,0,0,0
COMDTY.BSE_IDX,01/07/2025,12:52:54,7929.47,0,0,0,0,0,0
COMDTY.BSE_IDX,01/07/2025,12:53:02,7930.17,0,0,0,0,0,0
COMDTY.BSE_IDX,01/07/2025,12:53:10,7929.36,0,0,0,0,0,0
COMDTY.BSE_IDX,01/07/2025,12:53:18,7929.5,0,0,0,0,0,0
COMDTY.BSE_IDX,01/07/2025,12:53:26,7929.39,0,0,0,0,0,0
COMDTY.BSE_IDX,01/07/2025,12:53:34,7929.33,0,0,0,0,0,0
COMDTY.BSE_IDX,01/07/2025,12:53:42,7928.99,0,0,0,0,0,0
COMDTY.BSE_IDX,01/07/2025,12:53:50,7928.3,0,0,0,0,0,0
COMDTY.BSE_IDX,01/07/2025,12:53:58,7928.08,0,0,0,0,0,0
COMDTY.BSE_IDX,01/07/2025,12:54:06,7928.06,0,0,0,0,0,0
COMDTY.BSE_IDX,01/07/2025,12:54:14,7928.04,0,0,0,0,0,0
COMDTY.BSE_IDX,01/07/2025,12:54:22,7927.72,0,0,0,0,0,0
COMDTY.BSE_IDX,01/07/2025,12:54:30,7927.53,0,0,0,0,0,0
COMDTY.BSE_IDX,01/07/2025,12:54:38,7927.41,0,0,0,0,0,0
COMDTY.BSE_IDX,01/07/2025,12:54:46,7927.43,0,0,0,0,0,0
COMDTY.BSE_IDX,01/07/2025,12:54:54,7927.39,0,0,0,0,0,0
COMDTY.BSE_IDX,01/07/2025,12:55:02,7927.1,0,0,0,0,0,0
COMDTY.BSE_IDX,01/07/2025,12:55:10,7927.1,0,0,0,0,0,0
COMDTY.BSE_IDX,01/07/2025,12:55:18,7927.06,0,0,0,0,0,0
COMDTY.BSE_IDX,01/07/2025,12:55:26,7927.64,0,0,0,0,0,0
COMDTY.BSE_IDX,01/07/2025,12:55:34,7927.52,0,0,0,0,0,0
COMDTY.BSE_IDX,01/07/2025,12:55:42,7928.13,0,0,0,0,0,0
COMDTY.BSE_IDX,01/07/2025,12:55:50,7928.16,0,0,0,0,0,0
COMDTY.BSE_IDX,01/07/2025,12:55:58,7928.41,0,0,0,0,0,0
COMDTY.BSE_IDX,01/07/2025,12:56:06,7928.18,0,0,0,0,0,0
COMDTY.BSE_IDX,01/07/2025,12:56:15,7928.41,0,0,0,0,0,0
COMDTY.BSE_IDX,01/07/2025,12:56:22,7928.75,0,0,0,0,0,0
COMDTY.BSE_IDX,01/07/2025,12:56:30,7926.94,0,0,0,0,0,0
COMDTY.BSE_IDX,01/07/2025,12:56:38,7926.06,0,0,0,0,0,0
COMDTY.BSE_IDX,01/07/2025,12:56:46,7927.23,0,0,0,0,0,0
COMDTY.BSE_IDX,01/07/2025,12:56:54,7926.76,0,0,0,0,0,0
COMDTY.BSE_IDX,01/07/2025,12:57:02,7926.68,0,0,0,0,0,0
COMDTY.BSE_IDX,01/07/2025,12:57:10,7926.85,0,0,0,0,0,0
COMDTY.BSE_IDX,01/07/2025,12:57:18,7926.4,0,0,0,0,0,0
COMDTY.BSE_IDX,01/07/2025,12:57:26,7926.41,0,0,0,0,0,0
COMDTY.BSE_IDX,01/07/2025,12:57:34,7926.02,0,0,0,0,0,0
COMDTY.BSE_IDX,01/07/2025,12:57:42,7925.29,0,0,0,0,0,0
COMDTY.BSE_IDX,01/07/2025,12:57:51,7925.3,0,0,0,0,0,0
COMDTY.BSE_IDX,01/07/2025,12:57:58,7925.38,0,0,0,0,0,0
COMDTY.BSE_IDX,01/07/2025,12:58:06,7925.43,0,0,0,0,0,0
COMDTY.BSE_IDX,01/07/2025,12:58:14,7925.3,0,0,0,0,0,0
COMDTY.BSE_IDX,01/07/2025,12:58:22,7924.86,0,0,0,0,0,0
COMDTY.BSE_IDX,01/07/2025,12:58:30,7924.76,0,0,0,0,0,0
COMDTY.BSE_IDX,01/07/2025,12:58:38,7924.51,0,0,0,0,0,0
