Ticker,Date,Time,LTP,BuyPrice,BuyQty,SellPrice,SellQty,LTQ,OpenInterest
CONDIS.BSE_IDX,01/07/2025,09:00:07,9656.77,0,0,0,0,0,0
CONDIS.BSE_IDX,01/07/2025,09:00:15,9637.63,0,0,0,0,0,0
CONDIS.BSE_IDX,01/07/2025,09:00:23,9625.93,0,0,0,0,0,0
CONDIS.BSE_IDX,01/07/2025,09:00:31,9632.16,0,0,0,0,0,0
CONDIS.BSE_IDX,01/07/2025,09:00:39,9634.03,0,0,0,0,0,0
CONDIS.BSE_IDX,01/07/2025,09:00:47,9626.43,0,0,0,0,0,0
CONDIS.BSE_IDX,01/07/2025,09:00:55,9628.4,0,0,0,0,0,0
CONDIS.BSE_IDX,01/07/2025,09:01:03,9628.55,0,0,0,0,0,0
CONDIS.BSE_IDX,01/07/2025,09:01:11,9636.2,0,0,0,0,0,0
CONDIS.BSE_IDX,01/07/2025,09:01:19,9640.26,0,0,0,0,0,0
CONDIS.BSE_IDX,01/07/2025,09:01:27,9639.56,0,0,0,0,0,0
CONDIS.BSE_IDX,01/07/2025,09:01:35,9632.04,0,0,0,0,0,0
CONDIS.BSE_IDX,01/07/2025,09:01:43,9647.56,0,0,0,0,0,0
CONDIS.BSE_IDX,01/07/2025,09:01:51,9649.54,0,0,0,0,0,0
CONDIS.BSE_IDX,01/07/2025,09:01:59,9650.66,0,0,0,0,0,0
CONDIS.BSE_IDX,01/07/2025,09:02:07,9650.96,0,0,0,0,0,0
CONDIS.BSE_IDX,01/07/2025,09:02:15,9650.02,0,0,0,0,0,0
CONDIS.BSE_IDX,01/07/2025,09:02:23,9644.4,0,0,0,0,0,0
CONDIS.BSE_IDX,01/07/2025,09:02:31,9643.62,0,0,0,0,0,0
CONDIS.BSE_IDX,01/07/2025,09:02:39,9649.21,0,0,0,0,0,0
CONDIS.BSE_IDX,01/07/2025,09:02:47,9644.5,0,0,0,0,0,0
CONDIS.BSE_IDX,01/07/2025,09:02:55,9644.25,0,0,0,0,0,0
CONDIS.BSE_IDX,01/07/2025,09:03:03,9645.09,0,0,0,0,0,0
CONDIS.BSE_IDX,01/07/2025,09:03:11,9647.21,0,0,0,0,0,0
CONDIS.BSE_IDX,01/07/2025,09:03:19,9647.91,0,0,0,0,0,0
CONDIS.BSE_IDX,01/07/2025,09:03:27,9648.89,0,0,0,0,0,0
CONDIS.BSE_IDX,01/07/2025,09:03:35,9648.97,0,0,0,0,0,0
CONDIS.BSE_IDX,01/07/2025,09:03:43,9647.82,0,0,0,0,0,0
CONDIS.BSE_IDX,01/07/2025,09:03:51,9649.29,0,0,0,0,0,0
CONDIS.BSE_IDX,01/07/2025,09:03:59,9651.49,0,0,0,0,0,0
CONDIS.BSE_IDX,01/07/2025,09:04:07,9651.14,0,0,0,0,0,0
CONDIS.BSE_IDX,01/07/2025,09:04:15,9650.66,0,0,0,0,0,0
CONDIS.BSE_IDX,01/07/2025,09:04:23,9650.35,0,0,0,0,0,0
CONDIS.BSE_IDX,01/07/2025,09:04:31,9650.92,0,0,0,0,0,0
CONDIS.BSE_IDX,01/07/2025,09:04:39,9650.88,0,0,0,0,0,0
CONDIS.BSE_IDX,01/07/2025,09:04:47,9651.68,0,0,0,0,0,0
CONDIS.BSE_IDX,01/07/2025,09:04:55,9646.5,0,0,0,0,0,0
CONDIS.BSE_IDX,01/07/2025,09:05:03,9646.99,0,0,0,0,0,0
CONDIS.BSE_IDX,01/07/2025,09:05:11,9647.88,0,0,0,0,0,0
CONDIS.BSE_IDX,01/07/2025,09:05:19,9654.33,0,0,0,0,0,0
CONDIS.BSE_IDX,01/07/2025,09:05:27,9655.84,0,0,0,0,0,0
CONDIS.BSE_IDX,01/07/2025,09:05:35,9652.51,0,0,0,0,0,0
CONDIS.BSE_IDX,01/07/2025,09:05:43,9658.44,0,0,0,0,0,0
CONDIS.BSE_IDX,01/07/2025,09:05:51,9661.57,0,0,0,0,0,0
CONDIS.BSE_IDX,01/07/2025,09:05:59,9663.16,0,0,0,0,0,0
CONDIS.BSE_IDX,01/07/2025,09:06:07,9662.1,0,0,0,0,0,0
CONDIS.BSE_IDX,01/07/2025,09:06:15,9659.95,0,0,0,0,0,0
CONDIS.BSE_IDX,01/07/2025,09:06:23,9659.94,0,0,0,0,0,0
CONDIS.BSE_IDX,01/07/2025,09:06:31,9659.52,0,0,0,0,0,0
CONDIS.BSE_IDX,01/07/2025,09:06:39,9663.2,0,0,0,0,0,0
CONDIS.BSE_IDX,01/07/2025,09:06:47,9662.67,0,0,0,0,0,0
CONDIS.BSE_IDX,01/07/2025,09:06:55,9661.55,0,0,0,0,0,0
CONDIS.BSE_IDX,01/07/2025,09:07:04,9664.46,0,0,0,0,0,0
CONDIS.BSE_IDX,01/07/2025,09:07:11,9664.46,0,0,0,0,0,0
CONDIS.BSE_IDX,01/07/2025,09:07:19,9664.46,0,0,0,0,0,0
CONDIS.BSE_IDX,01/07/2025,09:07:27,9664.46,0,0,0,0,0,0
CONDIS.BSE_IDX,01/07/2025,09:07:35,9664.46,0,0,0,0,0,0
CONDIS.BSE_IDX,01/07/2025,09:07:43,9664.46,0,0,0,0,0,0
CONDIS.BSE_IDX,01/07/2025,09:07:51,9664.46,0,0,0,0,0,0
CONDIS.BSE_IDX,01/07/2025,09:07:59,9664.46,0,0,0,0,0,0
CONDIS.BSE_IDX,01/07/2025,09:08:07,9664.46,0,0,0,0,0,0
CONDIS.BSE_IDX,01/07/2025,09:08:15,9664.46,0,0,0,0,0,0
CONDIS.BSE_IDX,01/07/2025,09:08:23,9664.46,0,0,0,0,0,0
CONDIS.BSE_IDX,01/07/2025,09:08:31,9664.46,0,0,0,0,0,0
CONDIS.BSE_IDX,01/07/2025,09:08:39,9664.46,0,0,0,0,0,0
CONDIS.BSE_IDX,01/07/2025,09:08:47,9664.46,0,0,0,0,0,0
CONDIS.BSE_IDX,01/07/2025,09:08:55,9664.46,0,0,0,0,0,0
CONDIS.BSE_IDX,01/07/2025,09:09:03,9664.04,0,0,0,0,0,0
CONDIS.BSE_IDX,01/07/2025,09:09:11,9664.04,0,0,0,0,0,0
CONDIS.BSE_IDX,01/07/2025,09:09:19,9664.04,0,0,0,0,0,0
CONDIS.BSE_IDX,01/07/2025,09:09:27,9664.04,0,0,0,0,0,0
CONDIS.BSE_IDX,01/07/2025,09:09:35,9664.04,0,0,0,0,0,0
CONDIS.BSE_IDX,01/07/2025,09:09:43,9664.04,0,0,0,0,0,0
CONDIS.BSE_IDX,01/07/2025,09:09:51,9664.04,0,0,0,0,0,0
CONDIS.BSE_IDX,01/07/2025,09:09:59,9664.04,0,0,0,0,0,0
CONDIS.BSE_IDX,01/07/2025,09:10:07,9664.04,0,0,0,0,0,0
CONDIS.BSE_IDX,01/07/2025,09:10:15,9664.04,0,0,0,0,0,0
CONDIS.BSE_IDX,01/07/2025,09:10:23,9664.04,0,0,0,0,0,0
CONDIS.BSE_IDX,01/07/2025,09:10:31,9664.04,0,0,0,0,0,0
CONDIS.BSE_IDX,01/07/2025,09:10:39,9664.04,0,0,0,0,0,0
CONDIS.BSE_IDX,01/07/2025,09:10:47,9664.04,0,0,0,0,0,0
CONDIS.BSE_IDX,01/07/2025,09:10:55,9664.04,0,0,0,0,0,0
CONDIS.BSE_IDX,01/07/2025,09:11:03,9664.04,0,0,0,0,0,0
CONDIS.BSE_IDX,01/07/2025,09:11:11,9664.04,0,0,0,0,0,0
CONDIS.BSE_IDX,01/07/2025,09:11:19,9664.04,0,0,0,0,0,0
CONDIS.BSE_IDX,01/07/2025,09:11:27,9664.04,0,0,0,0,0,0
CONDIS.BSE_IDX,01/07/2025,09:11:35,9664.04,0,0,0,0,0,0
CONDIS.BSE_IDX,01/07/2025,09:11:43,9664.04,0,0,0,0,0,0
CONDIS.BSE_IDX,01/07/2025,09:11:51,9664.04,0,0,0,0,0,0
CONDIS.BSE_IDX,01/07/2025,09:11:59,9664.04,0,0,0,0,0,0
CONDIS.BSE_IDX,01/07/2025,09:12:07,9664.04,0,0,0,0,0,0
CONDIS.BSE_IDX,01/07/2025,09:12:16,9664.04,0,0,0,0,0,0
CONDIS.BSE_IDX,01/07/2025,09:12:23,9664.04,0,0,0,0,0,0
CONDIS.BSE_IDX,01/07/2025,09:12:31,9664.04,0,0,0,0,0,0
CONDIS.BSE_IDX,01/07/2025,09:12:39,9664.04,0,0,0,0,0,0
CONDIS.BSE_IDX,01/07/2025,09:12:47,9664.04,0,0,0,0,0,0
CONDIS.BSE_IDX,01/07/2025,09:12:55,9664.04,0,0,0,0,0,0
CONDIS.BSE_IDX,01/07/2025,09:13:03,9664.04,0,0,0,0,0,0
CONDIS.BSE_IDX,01/07/2025,09:13:11,9664.04,0,0,0,0,0,0
CONDIS.BSE_IDX,01/07/2025,09:13:19,9664.04,0,0,0,0,0,0
CONDIS.BSE_IDX,01/07/2025,09:13:27,9664.04,0,0,0,0,0,0
CONDIS.BSE_IDX,01/07/2025,09:13:35,9664.04,0,0,0,0,0,0
CONDIS.BSE_IDX,01/07/2025,09:13:43,9664.04,0,0,0,0,0,0
CONDIS.BSE_IDX,01/07/2025,09:13:51,9664.04,0,0,0,0,0,0
CONDIS.BSE_IDX,01/07/2025,09:13:59,9664.04,0,0,0,0,0,0
CONDIS.BSE_IDX,01/07/2025,09:14:07,9664.04,0,0,0,0,0,0
CONDIS.BSE_IDX,01/07/2025,09:14:15,9664.04,0,0,0,0,0,0
CONDIS.BSE_IDX,01/07/2025,09:14:23,9664.04,0,0,0,0,0,0
CONDIS.BSE_IDX,01/07/2025,09:14:31,9664.04,0,0,0,0,0,0
CONDIS.BSE_IDX,01/07/2025,09:14:39,9664.04,0,0,0,0,0,0
CONDIS.BSE_IDX,01/07/2025,09:14:47,9664.04,0,0,0,0,0,0
CONDIS.BSE_IDX,01/07/2025,09:14:55,9664.04,0,0,0,0,0,0
CONDIS.BSE_IDX,01/07/2025,09:15:04,9662.31,0,0,0,0,0,0
CONDIS.BSE_IDX,01/07/2025,09:15:11,9660.58,0,0,0,0,0,0
CONDIS.BSE_IDX,01/07/2025,09:15:19,9658.47,0,0,0,0,0,0
CONDIS.BSE_IDX,01/07/2025,09:15:27,9654.77,0,0,0,0,0,0
CONDIS.BSE_IDX,01/07/2025,09:15:35,9654.68,0,0,0,0,0,0
CONDIS.BSE_IDX,01/07/2025,09:15:43,9653.35,0,0,0,0,0,0
CONDIS.BSE_IDX,01/07/2025,09:15:51,9649.81,0,0,0,0,0,0
CONDIS.BSE_IDX,01/07/2025,09:15:59,9647.6,0,0,0,0,0,0
CONDIS.BSE_IDX,01/07/2025,09:16:07,9647.37,0,0,0,0,0,0
CONDIS.BSE_IDX,01/07/2025,09:16:15,9646.04,0,0,0,0,0,0
CONDIS.BSE_IDX,01/07/2025,09:16:24,9649.21,0,0,0,0,0,0
CONDIS.BSE_IDX,01/07/2025,09:16:31,9650.01,0,0,0,0,0,0
CONDIS.BSE_IDX,01/07/2025,09:16:39,9651.83,0,0,0,0,0,0
CONDIS.BSE_IDX,01/07/2025,09:16:48,9649.65,0,0,0,0,0,0
CONDIS.BSE_IDX,01/07/2025,09:16:55,9649.71,0,0,0,0,0,0
CONDIS.BSE_IDX,01/07/2025,09:17:03,9648.35,0,0,0,0,0,0
CONDIS.BSE_IDX,01/07/2025,09:17:12,9647.08,0,0,0,0,0,0
CONDIS.BSE_IDX,01/07/2025,09:17:19,9648.07,0,0,0,0,0,0
CONDIS.BSE_IDX,01/07/2025,09:17:27,9646.89,0,0,0,0,0,0
CONDIS.BSE_IDX,01/07/2025,09:17:35,9646.51,0,0,0,0,0,0
CONDIS.BSE_IDX,01/07/2025,09:17:44,9648.71,0,0,0,0,0,0
CONDIS.BSE_IDX,01/07/2025,09:17:51,9649.67,0,0,0,0,0,0
CONDIS.BSE_IDX,01/07/2025,09:17:59,9651.3,0,0,0,0,0,0
CONDIS.BSE_IDX,01/07/2025,09:18:07,9651.25,0,0,0,0,0,0
CONDIS.BSE_IDX,01/07/2025,09:18:15,9650.86,0,0,0,0,0,0
CONDIS.BSE_IDX,01/07/2025,09:18:23,9650.49,0,0,0,0,0,0
CONDIS.BSE_IDX,01/07/2025,09:18:31,9649.27,0,0,0,0,0,0
CONDIS.BSE_IDX,01/07/2025,09:18:39,9650.1,0,0,0,0,0,0
CONDIS.BSE_IDX,01/07/2025,09:18:47,9650.95,0,0,0,0,0,0
CONDIS.BSE_IDX,01/07/2025,09:18:56,9653.32,0,0,0,0,0,0
CONDIS.BSE_IDX,01/07/2025,09:19:03,9652.56,0,0,0,0,0,0
CONDIS.BSE_IDX,01/07/2025,09:19:11,9652.42,0,0,0,0,0,0
CONDIS.BSE_IDX,01/07/2025,09:19:19,9652.11,0,0,0,0,0,0
CONDIS.BSE_IDX,01/07/2025,09:19:28,9649.14,0,0,0,0,0,0
CONDIS.BSE_IDX,01/07/2025,09:19:35,9649.6,0,0,0,0,0,0
CONDIS.BSE_IDX,01/07/2025,09:19:43,9648.53,0,0,0,0,0,0
CONDIS.BSE_IDX,01/07/2025,09:19:52,9648.95,0,0,0,0,0,0
CONDIS.BSE_IDX,01/07/2025,09:19:59,9648.86,0,0,0,0,0,0
CONDIS.BSE_IDX,01/07/2025,09:20:07,9649.55,0,0,0,0,0,0
CONDIS.BSE_IDX,01/07/2025,09:20:15,9651.62,0,0,0,0,0,0
CONDIS.BSE_IDX,01/07/2025,09:20:24,9650.02,0,0,0,0,0,0
CONDIS.BSE_IDX,01/07/2025,09:20:31,9651.59,0,0,0,0,0,0
CONDIS.BSE_IDX,01/07/2025,09:20:39,9649.6,0,0,0,0,0,0
CONDIS.BSE_IDX,01/07/2025,09:20:47,9650.05,0,0,0,0,0,0
CONDIS.BSE_IDX,01/07/2025,09:20:55,9647.57,0,0,0,0,0,0
CONDIS.BSE_IDX,01/07/2025,09:21:03,9647.65,0,0,0,0,0,0
CONDIS.BSE_IDX,01/07/2025,09:21:11,9649.92,0,0,0,0,0,0
CONDIS.BSE_IDX,01/07/2025,09:21:19,9651.66,0,0,0,0,0,0
CONDIS.BSE_IDX,01/07/2025,09:21:27,9652.3,0,0,0,0,0,0
CONDIS.BSE_IDX,01/07/2025,09:21:36,9653.99,0,0,0,0,0,0
CONDIS.BSE_IDX,01/07/2025,09:21:43,9655.77,0,0,0,0,0,0
CONDIS.BSE_IDX,01/07/2025,09:21:51,9656.06,0,0,0,0,0,0
CONDIS.BSE_IDX,01/07/2025,09:21:59,9657.49,0,0,0,0,0,0
CONDIS.BSE_IDX,01/07/2025,09:22:07,9656.73,0,0,0,0,0,0
CONDIS.BSE_IDX,01/07/2025,09:22:15,9656.78,0,0,0,0,0,0
CONDIS.BSE_IDX,01/07/2025,09:22:23,9658.19,0,0,0,0,0,0
CONDIS.BSE_IDX,01/07/2025,09:22:31,9659.76,0,0,0,0,0,0
CONDIS.BSE_IDX,01/07/2025,09:22:39,9659.98,0,0,0,0,0,0
CONDIS.BSE_IDX,01/07/2025,09:22:47,9660.54,0,0,0,0,0,0
CONDIS.BSE_IDX,01/07/2025,09:22:55,9660.49,0,0,0,0,0,0
CONDIS.BSE_IDX,01/07/2025,09:23:03,9660.25,0,0,0,0,0,0
CONDIS.BSE_IDX,01/07/2025,09:23:11,9658.8,0,0,0,0,0,0
CONDIS.BSE_IDX,01/07/2025,09:23:19,9658.81,0,0,0,0,0,0
CONDIS.BSE_IDX,01/07/2025,09:23:27,9657.64,0,0,0,0,0,0
CONDIS.BSE_IDX,01/07/2025,09:23:35,9657.22,0,0,0,0,0,0
CONDIS.BSE_IDX,01/07/2025,09:23:44,9656.82,0,0,0,0,0,0
CONDIS.BSE_IDX,01/07/2025,09:23:51,9657.2,0,0,0,0,0,0
CONDIS.BSE_IDX,01/07/2025,09:23:59,9657.39,0,0,0,0,0,0
CONDIS.BSE_IDX,01/07/2025,09:24:08,9658.44,0,0,0,0,0,0
CONDIS.BSE_IDX,01/07/2025,09:24:15,9657.97,0,0,0,0,0,0
CONDIS.BSE_IDX,01/07/2025,09:24:23,9657.26,0,0,0,0,0,0
CONDIS.BSE_IDX,01/07/2025,09:24:32,9656.47,0,0,0,0,0,0
CONDIS.BSE_IDX,01/07/2025,09:24:39,9656.5,0,0,0,0,0,0
CONDIS.BSE_IDX,01/07/2025,09:24:48,9657.28,0,0,0,0,0,0
CONDIS.BSE_IDX,01/07/2025,09:24:57,9657.09,0,0,0,0,0,0
CONDIS.BSE_IDX,01/07/2025,09:25:03,9657.76,0,0,0,0,0,0
CONDIS.BSE_IDX,01/07/2025,09:25:12,9657.21,0,0,0,0,0,0
CONDIS.BSE_IDX,01/07/2025,09:25:19,9658.09,0,0,0,0,0,0
CONDIS.BSE_IDX,01/07/2025,09:25:29,9656.97,0,0,0,0,0,0
CONDIS.BSE_IDX,01/07/2025,09:25:35,9657.92,0,0,0,0,0,0
CONDIS.BSE_IDX,01/07/2025,09:25:43,9657.36,0,0,0,0,0,0
CONDIS.BSE_IDX,01/07/2025,09:25:51,9657.67,0,0,0,0,0,0
CONDIS.BSE_IDX,01/07/2025,09:25:59,9657.78,0,0,0,0,0,0
CONDIS.BSE_IDX,01/07/2025,09:26:08,9657.83,0,0,0,0,0,0
CONDIS.BSE_IDX,01/07/2025,09:26:15,9657.14,0,0,0,0,0,0
CONDIS.BSE_IDX,01/07/2025,09:26:24,9657.54,0,0,0,0,0,0
CONDIS.BSE_IDX,01/07/2025,09:26:31,9658.7,0,0,0,0,0,0
CONDIS.BSE_IDX,01/07/2025,09:26:39,9660.01,0,0,0,0,0,0
CONDIS.BSE_IDX,01/07/2025,09:26:48,9661.41,0,0,0,0,0,0
CONDIS.BSE_IDX,01/07/2025,09:26:55,9662.97,0,0,0,0,0,0
CONDIS.BSE_IDX,01/07/2025,09:27:04,9663.29,0,0,0,0,0,0
CONDIS.BSE_IDX,01/07/2025,09:27:12,9662.96,0,0,0,0,0,0
CONDIS.BSE_IDX,01/07/2025,09:27:19,9662.62,0,0,0,0,0,0
CONDIS.BSE_IDX,01/07/2025,09:27:28,9662.92,0,0,0,0,0,0
CONDIS.BSE_IDX,01/07/2025,09:27:36,9661.29,0,0,0,0,0,0
CONDIS.BSE_IDX,01/07/2025,09:27:44,9660.07,0,0,0,0,0,0
CONDIS.BSE_IDX,01/07/2025,09:27:51,9659.83,0,0,0,0,0,0
CONDIS.BSE_IDX,01/07/2025,09:28:00,9662.36,0,0,0,0,0,0
CONDIS.BSE_IDX,01/07/2025,09:28:08,9661.7,0,0,0,0,0,0
CONDIS.BSE_IDX,01/07/2025,09:28:16,9660.45,0,0,0,0,0,0
CONDIS.BSE_IDX,01/07/2025,09:28:24,9658.17,0,0,0,0,0,0
CONDIS.BSE_IDX,01/07/2025,09:28:32,9656.66,0,0,0,0,0,0
CONDIS.BSE_IDX,01/07/2025,09:28:40,9655.75,0,0,0,0,0,0
CONDIS.BSE_IDX,01/07/2025,09:28:48,9655.36,0,0,0,0,0,0
CONDIS.BSE_IDX,01/07/2025,09:28:56,9656.32,0,0,0,0,0,0
CONDIS.BSE_IDX,01/07/2025,09:29:04,9655.59,0,0,0,0,0,0
CONDIS.BSE_IDX,01/07/2025,09:29:12,9655.5,0,0,0,0,0,0
CONDIS.BSE_IDX,01/07/2025,09:29:20,9653.26,0,0,0,0,0,0
CONDIS.BSE_IDX,01/07/2025,09:29:28,9653.03,0,0,0,0,0,0
CONDIS.BSE_IDX,01/07/2025,09:29:36,9652.83,0,0,0,0,0,0
CONDIS.BSE_IDX,01/07/2025,09:29:44,9654.24,0,0,0,0,0,0
CONDIS.BSE_IDX,01/07/2025,09:29:52,9653.9,0,0,0,0,0,0
CONDIS.BSE_IDX,01/07/2025,09:30:00,9654.48,0,0,0,0,0,0
CONDIS.BSE_IDX,01/07/2025,09:30:08,9656.88,0,0,0,0,0,0
CONDIS.BSE_IDX,01/07/2025,09:30:16,9657.34,0,0,0,0,0,0
CONDIS.BSE_IDX,01/07/2025,09:30:24,9658.58,0,0,0,0,0,0
CONDIS.BSE_IDX,01/07/2025,09:30:32,9659.06,0,0,0,0,0,0
CONDIS.BSE_IDX,01/07/2025,09:30:40,9658.66,0,0,0,0,0,0
CONDIS.BSE_IDX,01/07/2025,09:30:48,9659.5,0,0,0,0,0,0
CONDIS.BSE_IDX,01/07/2025,09:30:56,9657.58,0,0,0,0,0,0
CONDIS.BSE_IDX,01/07/2025,09:31:04,9657.31,0,0,0,0,0,0
CONDIS.BSE_IDX,01/07/2025,09:31:12,9656.38,0,0,0,0,0,0
CONDIS.BSE_IDX,01/07/2025,09:31:20,9655.81,0,0,0,0,0,0
CONDIS.BSE_IDX,01/07/2025,09:31:28,9654.85,0,0,0,0,0,0
CONDIS.BSE_IDX,01/07/2025,09:31:36,9654.15,0,0,0,0,0,0
CONDIS.BSE_IDX,01/07/2025,09:31:44,9653.76,0,0,0,0,0,0
CONDIS.BSE_IDX,01/07/2025,09:31:52,9654.21,0,0,0,0,0,0
CONDIS.BSE_IDX,01/07/2025,09:32:00,9653.85,0,0,0,0,0,0
CONDIS.BSE_IDX,01/07/2025,09:32:08,9653.06,0,0,0,0,0,0
CONDIS.BSE_IDX,01/07/2025,09:32:16,9652.21,0,0,0,0,0,0
CONDIS.BSE_IDX,01/07/2025,09:32:24,9652.81,0,0,0,0,0,0
CONDIS.BSE_IDX,01/07/2025,09:32:32,9653.26,0,0,0,0,0,0
CONDIS.BSE_IDX,01/07/2025,09:32:40,9652.94,0,0,0,0,0,0
CONDIS.BSE_IDX,01/07/2025,09:32:48,9654.74,0,0,0,0,0,0
CONDIS.BSE_IDX,01/07/2025,09:32:56,9654.87,0,0,0,0,0,0
CONDIS.BSE_IDX,01/07/2025,09:33:04,9657.81,0,0,0,0,0,0
CONDIS.BSE_IDX,01/07/2025,09:33:12,9659.9,0,0,0,0,0,0
CONDIS.BSE_IDX,01/07/2025,09:33:20,9659.56,0,0,0,0,0,0
CONDIS.BSE_IDX,01/07/2025,09:33:28,9660.72,0,0,0,0,0,0
CONDIS.BSE_IDX,01/07/2025,09:33:36,9660.1,0,0,0,0,0,0
CONDIS.BSE_IDX,01/07/2025,09:33:44,9660,0,0,0,0,0,0
CONDIS.BSE_IDX,01/07/2025,09:33:52,9660.61,0,0,0,0,0,0
CONDIS.BSE_IDX,01/07/2025,09:34:00,9660.01,0,0,0,0,0,0
CONDIS.BSE_IDX,01/07/2025,09:34:08,9659.43,0,0,0,0,0,0
CONDIS.BSE_IDX,01/07/2025,09:34:16,9658.48,0,0,0,0,0,0
CONDIS.BSE_IDX,01/07/2025,09:34:24,9658.54,0,0,0,0,0,0
CONDIS.BSE_IDX,01/07/2025,09:34:32,9658.43,0,0,0,0,0,0
CONDIS.BSE_IDX,01/07/2025,09:34:40,9658.83,0,0,0,0,0,0
CONDIS.BSE_IDX,01/07/2025,09:34:48,9659.08,0,0,0,0,0,0
CONDIS.BSE_IDX,01/07/2025,09:34:56,9659.62,0,0,0,0,0,0
CONDIS.BSE_IDX,01/07/2025,09:35:05,9659.45,0,0,0,0,0,0
CONDIS.BSE_IDX,01/07/2025,09:35:12,9659.7,0,0,0,0,0,0
CONDIS.BSE_IDX,01/07/2025,09:35:20,9660.04,0,0,0,0,0,0
CONDIS.BSE_IDX,01/07/2025,09:35:28,9660.17,0,0,0,0,0,0
CONDIS.BSE_IDX,01/07/2025,09:35:36,9660.1,0,0,0,0,0,0
CONDIS.BSE_IDX,01/07/2025,09:35:44,9660.61,0,0,0,0,0,0
CONDIS.BSE_IDX,01/07/2025,09:35:52,9660.97,0,0,0,0,0,0
CONDIS.BSE_IDX,01/07/2025,09:36:00,9661.39,0,0,0,0,0,0
CONDIS.BSE_IDX,01/07/2025,09:36:08,9660.71,0,0,0,0,0,0
CONDIS.BSE_IDX,01/07/2025,09:36:16,9661.01,0,0,0,0,0,0
CONDIS.BSE_IDX,01/07/2025,09:36:24,9660.03,0,0,0,0,0,0
CONDIS.BSE_IDX,01/07/2025,09:36:33,9659.86,0,0,0,0,0,0
CONDIS.BSE_IDX,01/07/2025,09:36:40,9660.73,0,0,0,0,0,0
CONDIS.BSE_IDX,01/07/2025,09:36:48,9660.46,0,0,0,0,0,0
CONDIS.BSE_IDX,01/07/2025,09:36:56,9660.59,0,0,0,0,0,0
CONDIS.BSE_IDX,01/07/2025,09:37:04,9662.22,0,0,0,0,0,0
CONDIS.BSE_IDX,01/07/2025,09:37:12,9661.49,0,0,0,0,0,0
CONDIS.BSE_IDX,01/07/2025,09:37:20,9661.1,0,0,0,0,0,0
CONDIS.BSE_IDX,01/07/2025,09:37:28,9660.86,0,0,0,0,0,0
CONDIS.BSE_IDX,01/07/2025,09:37:36,9660.86,0,0,0,0,0,0
CONDIS.BSE_IDX,01/07/2025,09:37:44,9660.04,0,0,0,0,0,0
CONDIS.BSE_IDX,01/07/2025,09:37:52,9659.73,0,0,0,0,0,0
CONDIS.BSE_IDX,01/07/2025,09:38:00,9659.68,0,0,0,0,0,0
CONDIS.BSE_IDX,01/07/2025,09:38:08,9660.18,0,0,0,0,0,0
CONDIS.BSE_IDX,01/07/2025,09:38:16,9658.38,0,0,0,0,0,0
CONDIS.BSE_IDX,01/07/2025,09:38:24,9657.87,0,0,0,0,0,0
CONDIS.BSE_IDX,01/07/2025,09:38:32,9657.83,0,0,0,0,0,0
CONDIS.BSE_IDX,01/07/2025,09:38:40,9656.48,0,0,0,0,0,0
CONDIS.BSE_IDX,01/07/2025,09:38:48,9656.61,0,0,0,0,0,0
CONDIS.BSE_IDX,01/07/2025,09:38:56,9657.18,0,0,0,0,0,0
CONDIS.BSE_IDX,01/07/2025,09:39:04,9655.97,0,0,0,0,0,0
CONDIS.BSE_IDX,01/07/2025,09:39:12,9656.01,0,0,0,0,0,0
CONDIS.BSE_IDX,01/07/2025,09:39:20,9655.67,0,0,0,0,0,0
CONDIS.BSE_IDX,01/07/2025,09:39:28,9654.92,0,0,0,0,0,0
CONDIS.BSE_IDX,01/07/2025,09:39:36,9655.49,0,0,0,0,0,0
CONDIS.BSE_IDX,01/07/2025,09:39:44,9655.99,0,0,0,0,0,0
CONDIS.BSE_IDX,01/07/2025,09:39:52,9656.71,0,0,0,0,0,0
CONDIS.BSE_IDX,01/07/2025,09:40:00,9656.74,0,0,0,0,0,0
CONDIS.BSE_IDX,01/07/2025,09:40:08,9657.07,0,0,0,0,0,0
CONDIS.BSE_IDX,01/07/2025,09:40:16,9656.49,0,0,0,0,0,0
CONDIS.BSE_IDX,01/07/2025,09:40:24,9656.17,0,0,0,0,0,0
CONDIS.BSE_IDX,01/07/2025,09:40:32,9654.71,0,0,0,0,0,0
CONDIS.BSE_IDX,01/07/2025,09:40:40,9654.84,0,0,0,0,0,0
CONDIS.BSE_IDX,01/07/2025,09:40:48,9653.75,0,0,0,0,0,0
CONDIS.BSE_IDX,01/07/2025,09:40:56,9654.09,0,0,0,0,0,0
CONDIS.BSE_IDX,01/07/2025,09:41:04,9653.78,0,0,0,0,0,0
CONDIS.BSE_IDX,01/07/2025,09:41:12,9653.87,0,0,0,0,0,0
CONDIS.BSE_IDX,01/07/2025,09:41:20,9655.01,0,0,0,0,0,0
CONDIS.BSE_IDX,01/07/2025,09:41:28,9654.98,0,0,0,0,0,0
CONDIS.BSE_IDX,01/07/2025,09:41:36,9655.98,0,0,0,0,0,0
CONDIS.BSE_IDX,01/07/2025,09:41:44,9656.01,0,0,0,0,0,0
CONDIS.BSE_IDX,01/07/2025,09:41:52,9654.77,0,0,0,0,0,0
CONDIS.BSE_IDX,01/07/2025,09:42:00,9656.03,0,0,0,0,0,0
CONDIS.BSE_IDX,01/07/2025,09:42:08,9657.34,0,0,0,0,0,0
CONDIS.BSE_IDX,01/07/2025,09:42:16,9657.33,0,0,0,0,0,0
CONDIS.BSE_IDX,01/07/2025,09:42:24,9657.39,0,0,0,0,0,0
CONDIS.BSE_IDX,01/07/2025,09:42:32,9658.54,0,0,0,0,0,0
CONDIS.BSE_IDX,01/07/2025,09:42:40,9660.05,0,0,0,0,0,0
CONDIS.BSE_IDX,01/07/2025,09:42:48,9659.8,0,0,0,0,0,0
CONDIS.BSE_IDX,01/07/2025,09:42:56,9660.32,0,0,0,0,0,0
CONDIS.BSE_IDX,01/07/2025,09:43:04,9660.07,0,0,0,0,0,0
CONDIS.BSE_IDX,01/07/2025,09:43:12,9660.51,0,0,0,0,0,0
CONDIS.BSE_IDX,01/07/2025,09:43:20,9660.89,0,0,0,0,0,0
CONDIS.BSE_IDX,01/07/2025,09:43:28,9660.57,0,0,0,0,0,0
CONDIS.BSE_IDX,01/07/2025,09:43:36,9660.63,0,0,0,0,0,0
CONDIS.BSE_IDX,01/07/2025,09:43:44,9661.4,0,0,0,0,0,0
CONDIS.BSE_IDX,01/07/2025,09:43:53,9662.24,0,0,0,0,0,0
CONDIS.BSE_IDX,01/07/2025,09:44:00,9662.25,0,0,0,0,0,0
CONDIS.BSE_IDX,01/07/2025,09:44:08,9661.63,0,0,0,0,0,0
CONDIS.BSE_IDX,01/07/2025,09:44:16,9661.82,0,0,0,0,0,0
CONDIS.BSE_IDX,01/07/2025,09:44:24,9661.3,0,0,0,0,0,0
CONDIS.BSE_IDX,01/07/2025,09:44:32,9661.67,0,0,0,0,0,0
CONDIS.BSE_IDX,01/07/2025,09:44:40,9661.24,0,0,0,0,0,0
CONDIS.BSE_IDX,01/07/2025,09:44:48,9661.16,0,0,0,0,0,0
CONDIS.BSE_IDX,01/07/2025,09:44:56,9659.21,0,0,0,0,0,0
CONDIS.BSE_IDX,01/07/2025,09:45:05,9659.83,0,0,0,0,0,0
CONDIS.BSE_IDX,01/07/2025,09:45:12,9658.38,0,0,0,0,0,0
CONDIS.BSE_IDX,01/07/2025,09:45:20,9657.83,0,0,0,0,0,0
CONDIS.BSE_IDX,01/07/2025,09:45:28,9656.96,0,0,0,0,0,0
CONDIS.BSE_IDX,01/07/2025,09:45:36,9655.41,0,0,0,0,0,0
CONDIS.BSE_IDX,01/07/2025,09:45:44,9654.01,0,0,0,0,0,0
CONDIS.BSE_IDX,01/07/2025,09:45:52,9652.73,0,0,0,0,0,0
CONDIS.BSE_IDX,01/07/2025,09:46:01,9653.03,0,0,0,0,0,0
CONDIS.BSE_IDX,01/07/2025,09:46:08,9651.42,0,0,0,0,0,0
CONDIS.BSE_IDX,01/07/2025,09:46:16,9651.04,0,0,0,0,0,0
CONDIS.BSE_IDX,01/07/2025,09:46:24,9651.5,0,0,0,0,0,0
CONDIS.BSE_IDX,01/07/2025,09:46:32,9651.16,0,0,0,0,0,0
CONDIS.BSE_IDX,01/07/2025,09:46:40,9651.51,0,0,0,0,0,0
CONDIS.BSE_IDX,01/07/2025,09:46:48,9650.77,0,0,0,0,0,0
CONDIS.BSE_IDX,01/07/2025,09:46:56,9651.9,0,0,0,0,0,0
CONDIS.BSE_IDX,01/07/2025,09:47:04,9651.49,0,0,0,0,0,0
CONDIS.BSE_IDX,01/07/2025,09:47:12,9652.32,0,0,0,0,0,0
CONDIS.BSE_IDX,01/07/2025,09:47:20,9652.19,0,0,0,0,0,0
CONDIS.BSE_IDX,01/07/2025,09:47:28,9652.56,0,0,0,0,0,0
CONDIS.BSE_IDX,01/07/2025,09:47:36,9653.03,0,0,0,0,0,0
CONDIS.BSE_IDX,01/07/2025,09:47:44,9653.26,0,0,0,0,0,0
CONDIS.BSE_IDX,01/07/2025,09:47:52,9654.61,0,0,0,0,0,0
CONDIS.BSE_IDX,01/07/2025,09:48:00,9654.64,0,0,0,0,0,0
CONDIS.BSE_IDX,01/07/2025,09:48:08,9655.18,0,0,0,0,0,0
CONDIS.BSE_IDX,01/07/2025,09:48:16,9656.03,0,0,0,0,0,0
CONDIS.BSE_IDX,01/07/2025,09:48:24,9656.69,0,0,0,0,0,0
CONDIS.BSE_IDX,01/07/2025,09:48:32,9658.02,0,0,0,0,0,0
CONDIS.BSE_IDX,01/07/2025,09:48:40,9658.82,0,0,0,0,0,0
CONDIS.BSE_IDX,01/07/2025,09:48:48,9658.47,0,0,0,0,0,0
CONDIS.BSE_IDX,01/07/2025,09:48:56,9658.75,0,0,0,0,0,0
CONDIS.BSE_IDX,01/07/2025,09:49:04,9659.36,0,0,0,0,0,0
CONDIS.BSE_IDX,01/07/2025,09:49:12,9659.07,0,0,0,0,0,0
CONDIS.BSE_IDX,01/07/2025,09:49:20,9658.61,0,0,0,0,0,0
CONDIS.BSE_IDX,01/07/2025,09:49:28,9658.92,0,0,0,0,0,0
CONDIS.BSE_IDX,01/07/2025,09:49:36,9659.55,0,0,0,0,0,0
CONDIS.BSE_IDX,01/07/2025,09:49:44,9660.46,0,0,0,0,0,0
CONDIS.BSE_IDX,01/07/2025,09:49:52,9660.5,0,0,0,0,0,0
CONDIS.BSE_IDX,01/07/2025,09:50:00,9659.73,0,0,0,0,0,0
CONDIS.BSE_IDX,01/07/2025,09:50:08,9659.12,0,0,0,0,0,0
CONDIS.BSE_IDX,01/07/2025,09:50:16,9659.86,0,0,0,0,0,0
CONDIS.BSE_IDX,01/07/2025,09:50:24,9660.05,0,0,0,0,0,0
CONDIS.BSE_IDX,01/07/2025,09:50:32,9659.8,0,0,0,0,0,0
CONDIS.BSE_IDX,01/07/2025,09:50:40,9658.85,0,0,0,0,0,0
CONDIS.BSE_IDX,01/07/2025,09:50:48,9658.18,0,0,0,0,0,0
CONDIS.BSE_IDX,01/07/2025,09:50:57,9658.93,0,0,0,0,0,0
CONDIS.BSE_IDX,01/07/2025,09:51:04,9656.51,0,0,0,0,0,0
CONDIS.BSE_IDX,01/07/2025,09:51:12,9657.33,0,0,0,0,0,0
CONDIS.BSE_IDX,01/07/2025,09:51:20,9657.77,0,0,0,0,0,0
CONDIS.BSE_IDX,01/07/2025,09:51:28,9657.46,0,0,0,0,0,0
CONDIS.BSE_IDX,01/07/2025,09:51:37,9656.56,0,0,0,0,0,0
CONDIS.BSE_IDX,01/07/2025,09:51:44,9657.26,0,0,0,0,0,0
CONDIS.BSE_IDX,01/07/2025,09:51:52,9657.66,0,0,0,0,0,0
CONDIS.BSE_IDX,01/07/2025,09:52:01,9657.39,0,0,0,0,0,0
CONDIS.BSE_IDX,01/07/2025,09:52:08,9655.71,0,0,0,0,0,0
CONDIS.BSE_IDX,01/07/2025,09:52:17,9654.67,0,0,0,0,0,0
CONDIS.BSE_IDX,01/07/2025,09:52:24,9654.46,0,0,0,0,0,0
CONDIS.BSE_IDX,01/07/2025,09:52:32,9654.98,0,0,0,0,0,0
CONDIS.BSE_IDX,01/07/2025,09:52:40,9654.25,0,0,0,0,0,0
CONDIS.BSE_IDX,01/07/2025,09:52:48,9654.65,0,0,0,0,0,0
CONDIS.BSE_IDX,01/07/2025,09:52:57,9654.15,0,0,0,0,0,0
CONDIS.BSE_IDX,01/07/2025,09:53:04,9654.12,0,0,0,0,0,0
CONDIS.BSE_IDX,01/07/2025,09:53:13,9654.07,0,0,0,0,0,0
CONDIS.BSE_IDX,01/07/2025,09:53:20,9654.81,0,0,0,0,0,0
CONDIS.BSE_IDX,01/07/2025,09:53:28,9655.41,0,0,0,0,0,0
CONDIS.BSE_IDX,01/07/2025,09:53:36,9655.46,0,0,0,0,0,0
CONDIS.BSE_IDX,01/07/2025,09:53:44,9655.76,0,0,0,0,0,0
CONDIS.BSE_IDX,01/07/2025,09:53:52,9655.04,0,0,0,0,0,0
CONDIS.BSE_IDX,01/07/2025,09:54:00,9654.13,0,0,0,0,0,0
CONDIS.BSE_IDX,01/07/2025,09:54:08,9653.03,0,0,0,0,0,0
CONDIS.BSE_IDX,01/07/2025,09:54:16,9654.08,0,0,0,0,0,0
CONDIS.BSE_IDX,01/07/2025,09:54:24,9653.13,0,0,0,0,0,0
CONDIS.BSE_IDX,01/07/2025,09:54:32,9652.64,0,0,0,0,0,0
CONDIS.BSE_IDX,01/07/2025,09:54:40,9652.21,0,0,0,0,0,0
CONDIS.BSE_IDX,01/07/2025,09:54:48,9652.83,0,0,0,0,0,0
CONDIS.BSE_IDX,01/07/2025,09:54:56,9653.47,0,0,0,0,0,0
CONDIS.BSE_IDX,01/07/2025,09:55:04,9652.63,0,0,0,0,0,0
CONDIS.BSE_IDX,01/07/2025,09:55:12,9653.55,0,0,0,0,0,0
CONDIS.BSE_IDX,01/07/2025,09:55:20,9653.15,0,0,0,0,0,0
CONDIS.BSE_IDX,01/07/2025,09:55:28,9653.81,0,0,0,0,0,0
CONDIS.BSE_IDX,01/07/2025,09:55:36,9653.09,0,0,0,0,0,0
CONDIS.BSE_IDX,01/07/2025,09:55:44,9652.93,0,0,0,0,0,0
CONDIS.BSE_IDX,01/07/2025,09:55:52,9652.58,0,0,0,0,0,0
CONDIS.BSE_IDX,01/07/2025,09:56:00,9651.96,0,0,0,0,0,0
CONDIS.BSE_IDX,01/07/2025,09:56:08,9652.24,0,0,0,0,0,0
CONDIS.BSE_IDX,01/07/2025,09:56:16,9651.87,0,0,0,0,0,0
CONDIS.BSE_IDX,01/07/2025,09:56:25,9651.1,0,0,0,0,0,0
CONDIS.BSE_IDX,01/07/2025,09:56:32,9651.48,0,0,0,0,0,0
CONDIS.BSE_IDX,01/07/2025,09:56:41,9651.25,0,0,0,0,0,0
CONDIS.BSE_IDX,01/07/2025,09:56:48,9651.08,0,0,0,0,0,0
CONDIS.BSE_IDX,01/07/2025,09:56:57,9651.54,0,0,0,0,0,0
CONDIS.BSE_IDX,01/07/2025,09:57:04,9651.37,0,0,0,0,0,0
CONDIS.BSE_IDX,01/07/2025,09:57:12,9652.43,0,0,0,0,0,0
CONDIS.BSE_IDX,01/07/2025,09:57:20,9653.02,0,0,0,0,0,0
CONDIS.BSE_IDX,01/07/2025,09:57:28,9654.18,0,0,0,0,0,0
CONDIS.BSE_IDX,01/07/2025,09:57:36,9654.53,0,0,0,0,0,0
CONDIS.BSE_IDX,01/07/2025,09:57:44,9655.33,0,0,0,0,0,0
CONDIS.BSE_IDX,01/07/2025,09:57:52,9655.95,0,0,0,0,0,0
CONDIS.BSE_IDX,01/07/2025,09:58:00,9656.02,0,0,0,0,0,0
CONDIS.BSE_IDX,01/07/2025,09:58:08,9656.12,0,0,0,0,0,0
CONDIS.BSE_IDX,01/07/2025,09:58:16,9656.5,0,0,0,0,0,0
CONDIS.BSE_IDX,01/07/2025,09:58:24,9656.62,0,0,0,0,0,0
CONDIS.BSE_IDX,01/07/2025,09:58:32,9656.93,0,0,0,0,0,0
CONDIS.BSE_IDX,01/07/2025,09:58:40,9657.46,0,0,0,0,0,0
CONDIS.BSE_IDX,01/07/2025,09:58:48,9657.28,0,0,0,0,0,0
CONDIS.BSE_IDX,01/07/2025,09:58:56,9657.1,0,0,0,0,0,0
CONDIS.BSE_IDX,01/07/2025,09:59:05,9658.94,0,0,0,0,0,0
CONDIS.BSE_IDX,01/07/2025,09:59:12,9658.88,0,0,0,0,0,0
CONDIS.BSE_IDX,01/07/2025,09:59:20,9659.8,0,0,0,0,0,0
CONDIS.BSE_IDX,01/07/2025,09:59:28,9659.63,0,0,0,0,0,0
CONDIS.BSE_IDX,01/07/2025,09:59:36,9660.58,0,0,0,0,0,0
CONDIS.BSE_IDX,01/07/2025,09:59:45,9660.85,0,0,0,0,0,0
CONDIS.BSE_IDX,01/07/2025,09:59:52,9659.92,0,0,0,0,0,0
CONDIS.BSE_IDX,01/07/2025,10:00:00,9660.8,0,0,0,0,0,0
CONDIS.BSE_IDX,01/07/2025,10:00:08,9661.39,0,0,0,0,0,0
CONDIS.BSE_IDX,01/07/2025,10:00:16,9662.97,0,0,0,0,0,0
CONDIS.BSE_IDX,01/07/2025,10:00:24,9663.31,0,0,0,0,0,0
CONDIS.BSE_IDX,01/07/2025,10:00:32,9662.59,0,0,0,0,0,0
CONDIS.BSE_IDX,01/07/2025,10:00:40,9663.01,0,0,0,0,0,0
CONDIS.BSE_IDX,01/07/2025,10:00:48,9662.96,0,0,0,0,0,0
CONDIS.BSE_IDX,01/07/2025,10:00:56,9662.77,0,0,0,0,0,0
CONDIS.BSE_IDX,01/07/2025,10:01:04,9661.88,0,0,0,0,0,0
CONDIS.BSE_IDX,01/07/2025,10:01:12,9660.87,0,0,0,0,0,0
CONDIS.BSE_IDX,01/07/2025,10:01:21,9660.38,0,0,0,0,0,0
CONDIS.BSE_IDX,01/07/2025,10:01:28,9659.69,0,0,0,0,0,0
CONDIS.BSE_IDX,01/07/2025,10:01:36,9659.71,0,0,0,0,0,0
CONDIS.BSE_IDX,01/07/2025,10:01:44,9660.4,0,0,0,0,0,0
CONDIS.BSE_IDX,01/07/2025,10:01:52,9659.87,0,0,0,0,0,0
CONDIS.BSE_IDX,01/07/2025,10:02:00,9659.13,0,0,0,0,0,0
CONDIS.BSE_IDX,01/07/2025,10:02:08,9659.86,0,0,0,0,0,0
CONDIS.BSE_IDX,01/07/2025,10:02:17,9659.87,0,0,0,0,0,0
CONDIS.BSE_IDX,01/07/2025,10:02:24,9660.11,0,0,0,0,0,0
CONDIS.BSE_IDX,01/07/2025,10:02:32,9659.55,0,0,0,0,0,0
CONDIS.BSE_IDX,01/07/2025,10:02:41,9658.91,0,0,0,0,0,0
CONDIS.BSE_IDX,01/07/2025,10:02:49,9660.05,0,0,0,0,0,0
CONDIS.BSE_IDX,01/07/2025,10:02:56,9658.6,0,0,0,0,0,0
CONDIS.BSE_IDX,01/07/2025,10:03:04,9657.3,0,0,0,0,0,0
CONDIS.BSE_IDX,01/07/2025,10:03:13,9655.91,0,0,0,0,0,0
CONDIS.BSE_IDX,01/07/2025,10:03:20,9654.33,0,0,0,0,0,0
CONDIS.BSE_IDX,01/07/2025,10:03:29,9653.76,0,0,0,0,0,0
CONDIS.BSE_IDX,01/07/2025,10:03:37,9653.04,0,0,0,0,0,0
CONDIS.BSE_IDX,01/07/2025,10:03:45,9654.36,0,0,0,0,0,0
CONDIS.BSE_IDX,01/07/2025,10:03:53,9653.68,0,0,0,0,0,0
CONDIS.BSE_IDX,01/07/2025,10:04:01,9654.19,0,0,0,0,0,0
CONDIS.BSE_IDX,01/07/2025,10:04:09,9653.83,0,0,0,0,0,0
CONDIS.BSE_IDX,01/07/2025,10:04:17,9653.43,0,0,0,0,0,0
CONDIS.BSE_IDX,01/07/2025,10:04:25,9653.27,0,0,0,0,0,0
CONDIS.BSE_IDX,01/07/2025,10:04:33,9653.68,0,0,0,0,0,0
CONDIS.BSE_IDX,01/07/2025,10:04:41,9653.47,0,0,0,0,0,0
CONDIS.BSE_IDX,01/07/2025,10:04:50,9654.22,0,0,0,0,0,0
CONDIS.BSE_IDX,01/07/2025,10:04:57,9654.03,0,0,0,0,0,0
CONDIS.BSE_IDX,01/07/2025,10:05:05,9653.56,0,0,0,0,0,0
CONDIS.BSE_IDX,01/07/2025,10:05:14,9654.11,0,0,0,0,0,0
CONDIS.BSE_IDX,01/07/2025,10:05:21,9654.3,0,0,0,0,0,0
CONDIS.BSE_IDX,01/07/2025,10:05:29,9653.2,0,0,0,0,0,0
CONDIS.BSE_IDX,01/07/2025,10:05:37,9654.17,0,0,0,0,0,0
CONDIS.BSE_IDX,01/07/2025,10:05:45,9655.2,0,0,0,0,0,0
CONDIS.BSE_IDX,01/07/2025,10:05:53,9656.02,0,0,0,0,0,0
CONDIS.BSE_IDX,01/07/2025,10:06:01,9655.19,0,0,0,0,0,0
CONDIS.BSE_IDX,01/07/2025,10:06:09,9655.51,0,0,0,0,0,0
CONDIS.BSE_IDX,01/07/2025,10:06:17,9656.31,0,0,0,0,0,0
CONDIS.BSE_IDX,01/07/2025,10:06:25,9655.91,0,0,0,0,0,0
CONDIS.BSE_IDX,01/07/2025,10:06:33,9655.71,0,0,0,0,0,0
CONDIS.BSE_IDX,01/07/2025,10:06:41,9655.91,0,0,0,0,0,0
CONDIS.BSE_IDX,01/07/2025,10:06:49,9656.27,0,0,0,0,0,0
CONDIS.BSE_IDX,01/07/2025,10:06:57,9656.66,0,0,0,0,0,0
CONDIS.BSE_IDX,01/07/2025,10:07:05,9657.76,0,0,0,0,0,0
CONDIS.BSE_IDX,01/07/2025,10:07:13,9657.68,0,0,0,0,0,0
CONDIS.BSE_IDX,01/07/2025,10:07:21,9657.92,0,0,0,0,0,0
CONDIS.BSE_IDX,01/07/2025,10:07:29,9657.86,0,0,0,0,0,0
CONDIS.BSE_IDX,01/07/2025,10:07:37,9657.92,0,0,0,0,0,0
CONDIS.BSE_IDX,01/07/2025,10:07:45,9658.42,0,0,0,0,0,0
CONDIS.BSE_IDX,01/07/2025,10:07:53,9658.19,0,0,0,0,0,0
CONDIS.BSE_IDX,01/07/2025,10:08:01,9658.24,0,0,0,0,0,0
CONDIS.BSE_IDX,01/07/2025,10:08:09,9658.84,0,0,0,0,0,0
CONDIS.BSE_IDX,01/07/2025,10:08:17,9659.06,0,0,0,0,0,0
CONDIS.BSE_IDX,01/07/2025,10:08:25,9659.62,0,0,0,0,0,0
CONDIS.BSE_IDX,01/07/2025,10:08:33,9659.26,0,0,0,0,0,0
CONDIS.BSE_IDX,01/07/2025,10:08:41,9658.52,0,0,0,0,0,0
CONDIS.BSE_IDX,01/07/2025,10:08:49,9658.13,0,0,0,0,0,0
CONDIS.BSE_IDX,01/07/2025,10:08:57,9657.95,0,0,0,0,0,0
CONDIS.BSE_IDX,01/07/2025,10:09:05,9657.17,0,0,0,0,0,0
CONDIS.BSE_IDX,01/07/2025,10:09:13,9657.32,0,0,0,0,0,0
CONDIS.BSE_IDX,01/07/2025,10:09:21,9655.56,0,0,0,0,0,0
CONDIS.BSE_IDX,01/07/2025,10:09:29,9655.63,0,0,0,0,0,0
CONDIS.BSE_IDX,01/07/2025,10:09:37,9654.97,0,0,0,0,0,0
CONDIS.BSE_IDX,01/07/2025,10:09:45,9655.09,0,0,0,0,0,0
CONDIS.BSE_IDX,01/07/2025,10:09:53,9655,0,0,0,0,0,0
CONDIS.BSE_IDX,01/07/2025,10:10:01,9654.58,0,0,0,0,0,0
CONDIS.BSE_IDX,01/07/2025,10:10:09,9654.2,0,0,0,0,0,0
CONDIS.BSE_IDX,01/07/2025,10:10:17,9653.82,0,0,0,0,0,0
CONDIS.BSE_IDX,01/07/2025,10:10:25,9653.98,0,0,0,0,0,0
CONDIS.BSE_IDX,01/07/2025,10:10:33,9654.15,0,0,0,0,0,0
CONDIS.BSE_IDX,01/07/2025,10:10:41,9653.85,0,0,0,0,0,0
CONDIS.BSE_IDX,01/07/2025,10:10:49,9653.79,0,0,0,0,0,0
CONDIS.BSE_IDX,01/07/2025,10:10:57,9653.64,0,0,0,0,0,0
CONDIS.BSE_IDX,01/07/2025,10:11:05,9653.62,0,0,0,0,0,0
CONDIS.BSE_IDX,01/07/2025,10:11:13,9653.5,0,0,0,0,0,0
CONDIS.BSE_IDX,01/07/2025,10:11:22,9652.1,0,0,0,0,0,0
CONDIS.BSE_IDX,01/07/2025,10:11:29,9652.16,0,0,0,0,0,0
CONDIS.BSE_IDX,01/07/2025,10:11:37,9651.46,0,0,0,0,0,0
CONDIS.BSE_IDX,01/07/2025,10:11:45,9650.95,0,0,0,0,0,0
CONDIS.BSE_IDX,01/07/2025,10:11:53,9651.37,0,0,0,0,0,0
CONDIS.BSE_IDX,01/07/2025,10:12:01,9651.72,0,0,0,0,0,0
CONDIS.BSE_IDX,01/07/2025,10:12:09,9650.86,0,0,0,0,0,0
CONDIS.BSE_IDX,01/07/2025,10:12:17,9649.41,0,0,0,0,0,0
CONDIS.BSE_IDX,01/07/2025,10:12:25,9648.95,0,0,0,0,0,0
CONDIS.BSE_IDX,01/07/2025,10:12:33,9649.6,0,0,0,0,0,0
CONDIS.BSE_IDX,01/07/2025,10:12:41,9648.87,0,0,0,0,0,0
CONDIS.BSE_IDX,01/07/2025,10:12:49,9648.66,0,0,0,0,0,0
CONDIS.BSE_IDX,01/07/2025,10:12:57,9647.6,0,0,0,0,0,0
CONDIS.BSE_IDX,01/07/2025,10:13:05,9647.76,0,0,0,0,0,0
CONDIS.BSE_IDX,01/07/2025,10:13:13,9647.82,0,0,0,0,0,0
CONDIS.BSE_IDX,01/07/2025,10:13:21,9648.27,0,0,0,0,0,0
CONDIS.BSE_IDX,01/07/2025,10:13:29,9648.28,0,0,0,0,0,0
CONDIS.BSE_IDX,01/07/2025,10:13:37,9647.78,0,0,0,0,0,0
CONDIS.BSE_IDX,01/07/2025,10:13:45,9646.85,0,0,0,0,0,0
CONDIS.BSE_IDX,01/07/2025,10:13:53,9646.68,0,0,0,0,0,0
CONDIS.BSE_IDX,01/07/2025,10:14:01,9646.07,0,0,0,0,0,0
CONDIS.BSE_IDX,01/07/2025,10:14:09,9645.79,0,0,0,0,0,0
CONDIS.BSE_IDX,01/07/2025,10:14:17,9645.49,0,0,0,0,0,0
CONDIS.BSE_IDX,01/07/2025,10:14:25,9645.52,0,0,0,0,0,0
CONDIS.BSE_IDX,01/07/2025,10:14:33,9645.21,0,0,0,0,0,0
CONDIS.BSE_IDX,01/07/2025,10:14:41,9645.3,0,0,0,0,0,0
CONDIS.BSE_IDX,01/07/2025,10:14:49,9643.94,0,0,0,0,0,0
CONDIS.BSE_IDX,01/07/2025,10:14:57,9643.47,0,0,0,0,0,0
CONDIS.BSE_IDX,01/07/2025,10:15:05,9642.49,0,0,0,0,0,0
CONDIS.BSE_IDX,01/07/2025,10:15:13,9642.15,0,0,0,0,0,0
CONDIS.BSE_IDX,01/07/2025,10:15:21,9642.7,0,0,0,0,0,0
CONDIS.BSE_IDX,01/07/2025,10:15:29,9642.49,0,0,0,0,0,0
CONDIS.BSE_IDX,01/07/2025,10:15:37,9642.18,0,0,0,0,0,0
CONDIS.BSE_IDX,01/07/2025,10:15:45,9640.87,0,0,0,0,0,0
CONDIS.BSE_IDX,01/07/2025,10:15:53,9639.71,0,0,0,0,0,0
CONDIS.BSE_IDX,01/07/2025,10:16:01,9639.77,0,0,0,0,0,0
CONDIS.BSE_IDX,01/07/2025,10:16:09,9640.15,0,0,0,0,0,0
CONDIS.BSE_IDX,01/07/2025,10:16:17,9640.53,0,0,0,0,0,0
CONDIS.BSE_IDX,01/07/2025,10:16:25,9640.71,0,0,0,0,0,0
CONDIS.BSE_IDX,01/07/2025,10:16:33,9640.89,0,0,0,0,0,0
CONDIS.BSE_IDX,01/07/2025,10:16:41,9641.7,0,0,0,0,0,0
CONDIS.BSE_IDX,01/07/2025,10:16:49,9641.46,0,0,0,0,0,0
CONDIS.BSE_IDX,01/07/2025,10:16:57,9641.74,0,0,0,0,0,0
CONDIS.BSE_IDX,01/07/2025,10:17:05,9641.44,0,0,0,0,0,0
CONDIS.BSE_IDX,01/07/2025,10:17:13,9641.23,0,0,0,0,0,0
CONDIS.BSE_IDX,01/07/2025,10:17:21,9641.31,0,0,0,0,0,0
CONDIS.BSE_IDX,01/07/2025,10:17:29,9641.96,0,0,0,0,0,0
CONDIS.BSE_IDX,01/07/2025,10:17:37,9641.62,0,0,0,0,0,0
CONDIS.BSE_IDX,01/07/2025,10:17:45,9642.15,0,0,0,0,0,0
CONDIS.BSE_IDX,01/07/2025,10:17:53,9643.56,0,0,0,0,0,0
CONDIS.BSE_IDX,01/07/2025,10:18:01,9644.38,0,0,0,0,0,0
CONDIS.BSE_IDX,01/07/2025,10:18:09,9645.69,0,0,0,0,0,0
CONDIS.BSE_IDX,01/07/2025,10:18:17,9646.64,0,0,0,0,0,0
CONDIS.BSE_IDX,01/07/2025,10:18:25,9646.28,0,0,0,0,0,0
CONDIS.BSE_IDX,01/07/2025,10:18:33,9646.39,0,0,0,0,0,0
CONDIS.BSE_IDX,01/07/2025,10:18:41,9645.52,0,0,0,0,0,0
CONDIS.BSE_IDX,01/07/2025,10:18:49,9646.22,0,0,0,0,0,0
CONDIS.BSE_IDX,01/07/2025,10:18:57,9645.63,0,0,0,0,0,0
CONDIS.BSE_IDX,01/07/2025,10:19:05,9642.93,0,0,0,0,0,0
CONDIS.BSE_IDX,01/07/2025,10:19:13,9643.58,0,0,0,0,0,0
CONDIS.BSE_IDX,01/07/2025,10:19:21,9643.22,0,0,0,0,0,0
CONDIS.BSE_IDX,01/07/2025,10:19:29,9643.39,0,0,0,0,0,0
CONDIS.BSE_IDX,01/07/2025,10:19:37,9643.05,0,0,0,0,0,0
CONDIS.BSE_IDX,01/07/2025,10:19:45,9642.43,0,0,0,0,0,0
CONDIS.BSE_IDX,01/07/2025,10:19:53,9641.86,0,0,0,0,0,0
CONDIS.BSE_IDX,01/07/2025,10:20:01,9641.96,0,0,0,0,0,0
CONDIS.BSE_IDX,01/07/2025,10:20:09,9641.06,0,0,0,0,0,0
CONDIS.BSE_IDX,01/07/2025,10:20:17,9640.99,0,0,0,0,0,0
CONDIS.BSE_IDX,01/07/2025,10:20:25,9640.69,0,0,0,0,0,0
CONDIS.BSE_IDX,01/07/2025,10:20:33,9640.7,0,0,0,0,0,0
CONDIS.BSE_IDX,01/07/2025,10:20:41,9640.83,0,0,0,0,0,0
CONDIS.BSE_IDX,01/07/2025,10:20:49,9641.14,0,0,0,0,0,0
CONDIS.BSE_IDX,01/07/2025,10:20:57,9640.4,0,0,0,0,0,0
CONDIS.BSE_IDX,01/07/2025,10:21:05,9639.45,0,0,0,0,0,0
CONDIS.BSE_IDX,01/07/2025,10:21:13,9637.09,0,0,0,0,0,0
CONDIS.BSE_IDX,01/07/2025,10:21:21,9635.78,0,0,0,0,0,0
CONDIS.BSE_IDX,01/07/2025,10:21:29,9635.07,0,0,0,0,0,0
CONDIS.BSE_IDX,01/07/2025,10:21:37,9634.78,0,0,0,0,0,0
CONDIS.BSE_IDX,01/07/2025,10:21:45,9633.83,0,0,0,0,0,0
CONDIS.BSE_IDX,01/07/2025,10:21:53,9633.16,0,0,0,0,0,0
CONDIS.BSE_IDX,01/07/2025,10:22:01,9633.51,0,0,0,0,0,0
CONDIS.BSE_IDX,01/07/2025,10:22:09,9632.55,0,0,0,0,0,0
CONDIS.BSE_IDX,01/07/2025,10:22:17,9631.94,0,0,0,0,0,0
CONDIS.BSE_IDX,01/07/2025,10:22:25,9632.01,0,0,0,0,0,0
CONDIS.BSE_IDX,01/07/2025,10:22:33,9632.91,0,0,0,0,0,0
CONDIS.BSE_IDX,01/07/2025,10:22:41,9632.92,0,0,0,0,0,0
CONDIS.BSE_IDX,01/07/2025,10:22:49,9633.05,0,0,0,0,0,0
CONDIS.BSE_IDX,01/07/2025,10:22:57,9633.46,0,0,0,0,0,0
CONDIS.BSE_IDX,01/07/2025,10:23:05,9633.35,0,0,0,0,0,0
CONDIS.BSE_IDX,01/07/2025,10:23:13,9634.08,0,0,0,0,0,0
CONDIS.BSE_IDX,01/07/2025,10:23:21,9633.55,0,0,0,0,0,0
CONDIS.BSE_IDX,01/07/2025,10:23:29,9633.75,0,0,0,0,0,0
CONDIS.BSE_IDX,01/07/2025,10:23:37,9633.85,0,0,0,0,0,0
CONDIS.BSE_IDX,01/07/2025,10:23:45,9634.16,0,0,0,0,0,0
CONDIS.BSE_IDX,01/07/2025,10:23:53,9633.72,0,0,0,0,0,0
CONDIS.BSE_IDX,01/07/2025,10:24:01,9633.63,0,0,0,0,0,0
CONDIS.BSE_IDX,01/07/2025,10:24:09,9633.44,0,0,0,0,0,0
CONDIS.BSE_IDX,01/07/2025,10:24:17,9633.4,0,0,0,0,0,0
CONDIS.BSE_IDX,01/07/2025,10:24:25,9633.53,0,0,0,0,0,0
CONDIS.BSE_IDX,01/07/2025,10:24:33,9632.3,0,0,0,0,0,0
CONDIS.BSE_IDX,01/07/2025,10:24:41,9631,0,0,0,0,0,0
CONDIS.BSE_IDX,01/07/2025,10:24:49,9631.62,0,0,0,0,0,0
CONDIS.BSE_IDX,01/07/2025,10:24:57,9631.93,0,0,0,0,0,0
CONDIS.BSE_IDX,01/07/2025,10:25:05,9632.19,0,0,0,0,0,0
CONDIS.BSE_IDX,01/07/2025,10:25:13,9631.91,0,0,0,0,0,0
CONDIS.BSE_IDX,01/07/2025,10:25:21,9631.98,0,0,0,0,0,0
CONDIS.BSE_IDX,01/07/2025,10:25:29,9631.26,0,0,0,0,0,0
CONDIS.BSE_IDX,01/07/2025,10:25:37,9630.98,0,0,0,0,0,0
CONDIS.BSE_IDX,01/07/2025,10:25:45,9630.07,0,0,0,0,0,0
CONDIS.BSE_IDX,01/07/2025,10:25:53,9629.95,0,0,0,0,0,0
CONDIS.BSE_IDX,01/07/2025,10:26:01,9629.51,0,0,0,0,0,0
CONDIS.BSE_IDX,01/07/2025,10:26:09,9629.52,0,0,0,0,0,0
CONDIS.BSE_IDX,01/07/2025,10:26:17,9629.99,0,0,0,0,0,0
CONDIS.BSE_IDX,01/07/2025,10:26:25,9629.65,0,0,0,0,0,0
CONDIS.BSE_IDX,01/07/2025,10:26:33,9630.31,0,0,0,0,0,0
CONDIS.BSE_IDX,01/07/2025,10:26:41,9630.22,0,0,0,0,0,0
CONDIS.BSE_IDX,01/07/2025,10:26:49,9630.1,0,0,0,0,0,0
CONDIS.BSE_IDX,01/07/2025,10:26:57,9630.24,0,0,0,0,0,0
CONDIS.BSE_IDX,01/07/2025,10:27:05,9630.8,0,0,0,0,0,0
CONDIS.BSE_IDX,01/07/2025,10:27:13,9631,0,0,0,0,0,0
CONDIS.BSE_IDX,01/07/2025,10:27:21,9630.94,0,0,0,0,0,0
CONDIS.BSE_IDX,01/07/2025,10:27:29,9631.77,0,0,0,0,0,0
CONDIS.BSE_IDX,01/07/2025,10:27:37,9631.63,0,0,0,0,0,0
CONDIS.BSE_IDX,01/07/2025,10:27:45,9630.75,0,0,0,0,0,0
CONDIS.BSE_IDX,01/07/2025,10:27:53,9631.46,0,0,0,0,0,0
CONDIS.BSE_IDX,01/07/2025,10:28:01,9631.28,0,0,0,0,0,0
CONDIS.BSE_IDX,01/07/2025,10:28:09,9632.07,0,0,0,0,0,0
CONDIS.BSE_IDX,01/07/2025,10:28:17,9631.46,0,0,0,0,0,0
CONDIS.BSE_IDX,01/07/2025,10:28:25,9630.11,0,0,0,0,0,0
CONDIS.BSE_IDX,01/07/2025,10:28:33,9630.9,0,0,0,0,0,0
CONDIS.BSE_IDX,01/07/2025,10:28:41,9630.65,0,0,0,0,0,0
CONDIS.BSE_IDX,01/07/2025,10:28:49,9630.88,0,0,0,0,0,0
CONDIS.BSE_IDX,01/07/2025,10:28:57,9630.83,0,0,0,0,0,0
CONDIS.BSE_IDX,01/07/2025,10:29:05,9631.09,0,0,0,0,0,0
CONDIS.BSE_IDX,01/07/2025,10:29:13,9631.64,0,0,0,0,0,0
CONDIS.BSE_IDX,01/07/2025,10:29:21,9631.32,0,0,0,0,0,0
CONDIS.BSE_IDX,01/07/2025,10:29:29,9631.39,0,0,0,0,0,0
CONDIS.BSE_IDX,01/07/2025,10:29:37,9630.5,0,0,0,0,0,0
CONDIS.BSE_IDX,01/07/2025,10:29:46,9629.7,0,0,0,0,0,0
CONDIS.BSE_IDX,01/07/2025,10:29:54,9629.45,0,0,0,0,0,0
CONDIS.BSE_IDX,01/07/2025,10:30:01,9630.25,0,0,0,0,0,0
CONDIS.BSE_IDX,01/07/2025,10:30:09,9630.07,0,0,0,0,0,0
CONDIS.BSE_IDX,01/07/2025,10:30:17,9630.68,0,0,0,0,0,0
CONDIS.BSE_IDX,01/07/2025,10:30:25,9631.42,0,0,0,0,0,0
CONDIS.BSE_IDX,01/07/2025,10:30:33,9632.59,0,0,0,0,0,0
CONDIS.BSE_IDX,01/07/2025,10:30:41,9632.37,0,0,0,0,0,0
CONDIS.BSE_IDX,01/07/2025,10:30:49,9632.61,0,0,0,0,0,0
CONDIS.BSE_IDX,01/07/2025,10:30:57,9632.28,0,0,0,0,0,0
CONDIS.BSE_IDX,01/07/2025,10:31:05,9632.92,0,0,0,0,0,0
CONDIS.BSE_IDX,01/07/2025,10:31:13,9633.73,0,0,0,0,0,0
CONDIS.BSE_IDX,01/07/2025,10:31:21,9633.66,0,0,0,0,0,0
CONDIS.BSE_IDX,01/07/2025,10:31:29,9633.16,0,0,0,0,0,0
CONDIS.BSE_IDX,01/07/2025,10:31:37,9632.81,0,0,0,0,0,0
CONDIS.BSE_IDX,01/07/2025,10:31:45,9631.94,0,0,0,0,0,0
CONDIS.BSE_IDX,01/07/2025,10:31:53,9631.66,0,0,0,0,0,0
CONDIS.BSE_IDX,01/07/2025,10:32:01,9631.63,0,0,0,0,0,0
CONDIS.BSE_IDX,01/07/2025,10:32:09,9632.69,0,0,0,0,0,0
CONDIS.BSE_IDX,01/07/2025,10:32:17,9632.03,0,0,0,0,0,0
CONDIS.BSE_IDX,01/07/2025,10:32:25,9632.53,0,0,0,0,0,0
CONDIS.BSE_IDX,01/07/2025,10:32:33,9631.92,0,0,0,0,0,0
CONDIS.BSE_IDX,01/07/2025,10:32:41,9632.22,0,0,0,0,0,0
CONDIS.BSE_IDX,01/07/2025,10:32:49,9633.1,0,0,0,0,0,0
CONDIS.BSE_IDX,01/07/2025,10:32:57,9633.52,0,0,0,0,0,0
CONDIS.BSE_IDX,01/07/2025,10:33:05,9634.24,0,0,0,0,0,0
CONDIS.BSE_IDX,01/07/2025,10:33:13,9634.79,0,0,0,0,0,0
CONDIS.BSE_IDX,01/07/2025,10:33:21,9634.84,0,0,0,0,0,0
CONDIS.BSE_IDX,01/07/2025,10:33:29,9634.66,0,0,0,0,0,0
CONDIS.BSE_IDX,01/07/2025,10:33:37,9635.18,0,0,0,0,0,0
CONDIS.BSE_IDX,01/07/2025,10:33:45,9635.96,0,0,0,0,0,0
CONDIS.BSE_IDX,01/07/2025,10:33:53,9635.82,0,0,0,0,0,0
CONDIS.BSE_IDX,01/07/2025,10:34:01,9636.1,0,0,0,0,0,0
CONDIS.BSE_IDX,01/07/2025,10:34:09,9635.87,0,0,0,0,0,0
CONDIS.BSE_IDX,01/07/2025,10:34:17,9636.58,0,0,0,0,0,0
CONDIS.BSE_IDX,01/07/2025,10:34:25,9637.04,0,0,0,0,0,0
CONDIS.BSE_IDX,01/07/2025,10:34:33,9637.54,0,0,0,0,0,0
CONDIS.BSE_IDX,01/07/2025,10:34:41,9637.64,0,0,0,0,0,0
CONDIS.BSE_IDX,01/07/2025,10:34:49,9637.58,0,0,0,0,0,0
CONDIS.BSE_IDX,01/07/2025,10:34:58,9636.4,0,0,0,0,0,0
CONDIS.BSE_IDX,01/07/2025,10:35:06,9636.85,0,0,0,0,0,0
CONDIS.BSE_IDX,01/07/2025,10:35:14,9636.8,0,0,0,0,0,0
CONDIS.BSE_IDX,01/07/2025,10:35:21,9636.7,0,0,0,0,0,0
CONDIS.BSE_IDX,01/07/2025,10:35:29,9635.9,0,0,0,0,0,0
CONDIS.BSE_IDX,01/07/2025,10:35:37,9635.73,0,0,0,0,0,0
CONDIS.BSE_IDX,01/07/2025,10:35:45,9634.74,0,0,0,0,0,0
CONDIS.BSE_IDX,01/07/2025,10:35:54,9634.31,0,0,0,0,0,0
CONDIS.BSE_IDX,01/07/2025,10:36:02,9634.38,0,0,0,0,0,0
CONDIS.BSE_IDX,01/07/2025,10:36:10,9634.51,0,0,0,0,0,0
CONDIS.BSE_IDX,01/07/2025,10:36:17,9634.47,0,0,0,0,0,0
CONDIS.BSE_IDX,01/07/2025,10:36:25,9633.99,0,0,0,0,0,0
CONDIS.BSE_IDX,01/07/2025,10:36:34,9633.71,0,0,0,0,0,0
CONDIS.BSE_IDX,01/07/2025,10:36:42,9634.12,0,0,0,0,0,0
CONDIS.BSE_IDX,01/07/2025,10:36:49,9633.6,0,0,0,0,0,0
CONDIS.BSE_IDX,01/07/2025,10:36:58,9633.37,0,0,0,0,0,0
CONDIS.BSE_IDX,01/07/2025,10:37:05,9633.59,0,0,0,0,0,0
CONDIS.BSE_IDX,01/07/2025,10:37:14,9632.97,0,0,0,0,0,0
CONDIS.BSE_IDX,01/07/2025,10:37:21,9633.16,0,0,0,0,0,0
CONDIS.BSE_IDX,01/07/2025,10:37:30,9633.1,0,0,0,0,0,0
CONDIS.BSE_IDX,01/07/2025,10:37:38,9632.14,0,0,0,0,0,0
CONDIS.BSE_IDX,01/07/2025,10:37:46,9631.7,0,0,0,0,0,0
CONDIS.BSE_IDX,01/07/2025,10:37:54,9630.91,0,0,0,0,0,0
CONDIS.BSE_IDX,01/07/2025,10:38:02,9631.33,0,0,0,0,0,0
CONDIS.BSE_IDX,01/07/2025,10:38:10,9631.29,0,0,0,0,0,0
CONDIS.BSE_IDX,01/07/2025,10:38:18,9631.96,0,0,0,0,0,0
CONDIS.BSE_IDX,01/07/2025,10:38:26,9631.26,0,0,0,0,0,0
CONDIS.BSE_IDX,01/07/2025,10:38:34,9631.06,0,0,0,0,0,0
CONDIS.BSE_IDX,01/07/2025,10:38:42,9631.47,0,0,0,0,0,0
CONDIS.BSE_IDX,01/07/2025,10:38:50,9632.18,0,0,0,0,0,0
CONDIS.BSE_IDX,01/07/2025,10:38:58,9632.34,0,0,0,0,0,0
CONDIS.BSE_IDX,01/07/2025,10:39:06,9632.32,0,0,0,0,0,0
CONDIS.BSE_IDX,01/07/2025,10:39:14,9633.25,0,0,0,0,0,0
CONDIS.BSE_IDX,01/07/2025,10:39:22,9633.81,0,0,0,0,0,0
CONDIS.BSE_IDX,01/07/2025,10:39:30,9633.48,0,0,0,0,0,0
CONDIS.BSE_IDX,01/07/2025,10:39:38,9633.46,0,0,0,0,0,0
CONDIS.BSE_IDX,01/07/2025,10:39:46,9634.46,0,0,0,0,0,0
CONDIS.BSE_IDX,01/07/2025,10:39:54,9634.27,0,0,0,0,0,0
CONDIS.BSE_IDX,01/07/2025,10:40:02,9634.65,0,0,0,0,0,0
CONDIS.BSE_IDX,01/07/2025,10:40:10,9633.57,0,0,0,0,0,0
CONDIS.BSE_IDX,01/07/2025,10:40:18,9633.51,0,0,0,0,0,0
CONDIS.BSE_IDX,01/07/2025,10:40:26,9632.54,0,0,0,0,0,0
CONDIS.BSE_IDX,01/07/2025,10:40:34,9632.16,0,0,0,0,0,0
CONDIS.BSE_IDX,01/07/2025,10:40:42,9631.9,0,0,0,0,0,0
CONDIS.BSE_IDX,01/07/2025,10:40:50,9632.11,0,0,0,0,0,0
CONDIS.BSE_IDX,01/07/2025,10:40:58,9632.72,0,0,0,0,0,0
CONDIS.BSE_IDX,01/07/2025,10:41:06,9632.41,0,0,0,0,0,0
CONDIS.BSE_IDX,01/07/2025,10:41:14,9632.32,0,0,0,0,0,0
CONDIS.BSE_IDX,01/07/2025,10:41:22,9632.84,0,0,0,0,0,0
CONDIS.BSE_IDX,01/07/2025,10:41:30,9632.88,0,0,0,0,0,0
CONDIS.BSE_IDX,01/07/2025,10:41:38,9633.12,0,0,0,0,0,0
CONDIS.BSE_IDX,01/07/2025,10:41:46,9632.54,0,0,0,0,0,0
CONDIS.BSE_IDX,01/07/2025,10:41:54,9632.2,0,0,0,0,0,0
CONDIS.BSE_IDX,01/07/2025,10:42:02,9632.94,0,0,0,0,0,0
CONDIS.BSE_IDX,01/07/2025,10:42:10,9632.28,0,0,0,0,0,0
CONDIS.BSE_IDX,01/07/2025,10:42:18,9633.05,0,0,0,0,0,0
CONDIS.BSE_IDX,01/07/2025,10:42:26,9632.47,0,0,0,0,0,0
CONDIS.BSE_IDX,01/07/2025,10:42:34,9631.81,0,0,0,0,0,0
CONDIS.BSE_IDX,01/07/2025,10:42:42,9631.07,0,0,0,0,0,0
CONDIS.BSE_IDX,01/07/2025,10:42:50,9631.12,0,0,0,0,0,0
CONDIS.BSE_IDX,01/07/2025,10:42:58,9631.1,0,0,0,0,0,0
CONDIS.BSE_IDX,01/07/2025,10:43:06,9631.58,0,0,0,0,0,0
CONDIS.BSE_IDX,01/07/2025,10:43:14,9631.76,0,0,0,0,0,0
CONDIS.BSE_IDX,01/07/2025,10:43:22,9631.12,0,0,0,0,0,0
CONDIS.BSE_IDX,01/07/2025,10:43:30,9631.42,0,0,0,0,0,0
CONDIS.BSE_IDX,01/07/2025,10:43:38,9631.21,0,0,0,0,0,0
CONDIS.BSE_IDX,01/07/2025,10:43:46,9631.03,0,0,0,0,0,0
CONDIS.BSE_IDX,01/07/2025,10:43:54,9631.03,0,0,0,0,0,0
CONDIS.BSE_IDX,01/07/2025,10:44:02,9631.13,0,0,0,0,0,0
CONDIS.BSE_IDX,01/07/2025,10:44:10,9630.44,0,0,0,0,0,0
CONDIS.BSE_IDX,01/07/2025,10:44:18,9630.95,0,0,0,0,0,0
CONDIS.BSE_IDX,01/07/2025,10:44:26,9630.33,0,0,0,0,0,0
CONDIS.BSE_IDX,01/07/2025,10:44:34,9629.93,0,0,0,0,0,0
CONDIS.BSE_IDX,01/07/2025,10:44:42,9629.38,0,0,0,0,0,0
CONDIS.BSE_IDX,01/07/2025,10:44:50,9629.4,0,0,0,0,0,0
CONDIS.BSE_IDX,01/07/2025,10:44:58,9628.8,0,0,0,0,0,0
CONDIS.BSE_IDX,01/07/2025,10:45:07,9628.34,0,0,0,0,0,0
CONDIS.BSE_IDX,01/07/2025,10:45:14,9627.76,0,0,0,0,0,0
CONDIS.BSE_IDX,01/07/2025,10:45:22,9627.53,0,0,0,0,0,0
CONDIS.BSE_IDX,01/07/2025,10:45:30,9627.1,0,0,0,0,0,0
CONDIS.BSE_IDX,01/07/2025,10:45:38,9627.05,0,0,0,0,0,0
CONDIS.BSE_IDX,01/07/2025,10:45:46,9627.61,0,0,0,0,0,0
CONDIS.BSE_IDX,01/07/2025,10:45:54,9625.62,0,0,0,0,0,0
CONDIS.BSE_IDX,01/07/2025,10:46:02,9624.33,0,0,0,0,0,0
CONDIS.BSE_IDX,01/07/2025,10:46:10,9624.22,0,0,0,0,0,0
CONDIS.BSE_IDX,01/07/2025,10:46:18,9622.91,0,0,0,0,0,0
CONDIS.BSE_IDX,01/07/2025,10:46:26,9622.26,0,0,0,0,0,0
CONDIS.BSE_IDX,01/07/2025,10:46:34,9621.79,0,0,0,0,0,0
CONDIS.BSE_IDX,01/07/2025,10:46:42,9621.83,0,0,0,0,0,0
CONDIS.BSE_IDX,01/07/2025,10:46:50,9622.97,0,0,0,0,0,0
CONDIS.BSE_IDX,01/07/2025,10:46:58,9622.8,0,0,0,0,0,0
CONDIS.BSE_IDX,01/07/2025,10:47:06,9622.27,0,0,0,0,0,0
CONDIS.BSE_IDX,01/07/2025,10:47:14,9622.47,0,0,0,0,0,0
CONDIS.BSE_IDX,01/07/2025,10:47:22,9622.8,0,0,0,0,0,0
CONDIS.BSE_IDX,01/07/2025,10:47:30,9622.44,0,0,0,0,0,0
CONDIS.BSE_IDX,01/07/2025,10:47:38,9622.74,0,0,0,0,0,0
CONDIS.BSE_IDX,01/07/2025,10:47:46,9623.06,0,0,0,0,0,0
CONDIS.BSE_IDX,01/07/2025,10:47:54,9623.88,0,0,0,0,0,0
CONDIS.BSE_IDX,01/07/2025,10:48:02,9623.6,0,0,0,0,0,0
CONDIS.BSE_IDX,01/07/2025,10:48:10,9623.92,0,0,0,0,0,0
CONDIS.BSE_IDX,01/07/2025,10:48:18,9624.44,0,0,0,0,0,0
CONDIS.BSE_IDX,01/07/2025,10:48:26,9624.68,0,0,0,0,0,0
CONDIS.BSE_IDX,01/07/2025,10:48:34,9624.18,0,0,0,0,0,0
CONDIS.BSE_IDX,01/07/2025,10:48:42,9623.68,0,0,0,0,0,0
CONDIS.BSE_IDX,01/07/2025,10:48:50,9623.93,0,0,0,0,0,0
CONDIS.BSE_IDX,01/07/2025,10:48:58,9623.85,0,0,0,0,0,0
CONDIS.BSE_IDX,01/07/2025,10:49:06,9623.9,0,0,0,0,0,0
CONDIS.BSE_IDX,01/07/2025,10:49:14,9622.92,0,0,0,0,0,0
CONDIS.BSE_IDX,01/07/2025,10:49:22,9622.5,0,0,0,0,0,0
CONDIS.BSE_IDX,01/07/2025,10:49:30,9621.47,0,0,0,0,0,0
CONDIS.BSE_IDX,01/07/2025,10:49:38,9621.25,0,0,0,0,0,0
CONDIS.BSE_IDX,01/07/2025,10:49:46,9621.72,0,0,0,0,0,0
CONDIS.BSE_IDX,01/07/2025,10:49:54,9620.97,0,0,0,0,0,0
CONDIS.BSE_IDX,01/07/2025,10:50:02,9621.1,0,0,0,0,0,0
CONDIS.BSE_IDX,01/07/2025,10:50:10,9621.09,0,0,0,0,0,0
CONDIS.BSE_IDX,01/07/2025,10:50:18,9620.7,0,0,0,0,0,0
CONDIS.BSE_IDX,01/07/2025,10:50:26,9620.69,0,0,0,0,0,0
CONDIS.BSE_IDX,01/07/2025,10:50:34,9620.24,0,0,0,0,0,0
CONDIS.BSE_IDX,01/07/2025,10:50:42,9619.7,0,0,0,0,0,0
CONDIS.BSE_IDX,01/07/2025,10:50:50,9619.63,0,0,0,0,0,0
CONDIS.BSE_IDX,01/07/2025,10:50:58,9619.2,0,0,0,0,0,0
CONDIS.BSE_IDX,01/07/2025,10:51:06,9619.83,0,0,0,0,0,0
CONDIS.BSE_IDX,01/07/2025,10:51:14,9620.12,0,0,0,0,0,0
CONDIS.BSE_IDX,01/07/2025,10:51:22,9620.71,0,0,0,0,0,0
CONDIS.BSE_IDX,01/07/2025,10:51:30,9621.04,0,0,0,0,0,0
CONDIS.BSE_IDX,01/07/2025,10:51:38,9619.94,0,0,0,0,0,0
CONDIS.BSE_IDX,01/07/2025,10:51:46,9620.21,0,0,0,0,0,0
CONDIS.BSE_IDX,01/07/2025,10:51:54,9620.01,0,0,0,0,0,0
CONDIS.BSE_IDX,01/07/2025,10:52:02,9619.88,0,0,0,0,0,0
CONDIS.BSE_IDX,01/07/2025,10:52:10,9619.63,0,0,0,0,0,0
CONDIS.BSE_IDX,01/07/2025,10:52:18,9618.32,0,0,0,0,0,0
CONDIS.BSE_IDX,01/07/2025,10:52:26,9616.49,0,0,0,0,0,0
CONDIS.BSE_IDX,01/07/2025,10:52:34,9616.09,0,0,0,0,0,0
CONDIS.BSE_IDX,01/07/2025,10:52:43,9615.22,0,0,0,0,0,0
CONDIS.BSE_IDX,01/07/2025,10:52:50,9613.81,0,0,0,0,0,0
CONDIS.BSE_IDX,01/07/2025,10:52:58,9612.67,0,0,0,0,0,0
CONDIS.BSE_IDX,01/07/2025,10:53:06,9612.66,0,0,0,0,0,0
CONDIS.BSE_IDX,01/07/2025,10:53:14,9612.23,0,0,0,0,0,0
CONDIS.BSE_IDX,01/07/2025,10:53:22,9612.48,0,0,0,0,0,0
CONDIS.BSE_IDX,01/07/2025,10:53:30,9612.67,0,0,0,0,0,0
CONDIS.BSE_IDX,01/07/2025,10:53:38,9612.83,0,0,0,0,0,0
CONDIS.BSE_IDX,01/07/2025,10:53:46,9613.7,0,0,0,0,0,0
CONDIS.BSE_IDX,01/07/2025,10:53:54,9613.33,0,0,0,0,0,0
CONDIS.BSE_IDX,01/07/2025,10:54:02,9614.32,0,0,0,0,0,0
CONDIS.BSE_IDX,01/07/2025,10:54:10,9614.46,0,0,0,0,0,0
CONDIS.BSE_IDX,01/07/2025,10:54:18,9613.56,0,0,0,0,0,0
CONDIS.BSE_IDX,01/07/2025,10:54:26,9613.45,0,0,0,0,0,0
CONDIS.BSE_IDX,01/07/2025,10:54:34,9613.11,0,0,0,0,0,0
CONDIS.BSE_IDX,01/07/2025,10:54:42,9613.42,0,0,0,0,0,0
CONDIS.BSE_IDX,01/07/2025,10:54:51,9613.56,0,0,0,0,0,0
CONDIS.BSE_IDX,01/07/2025,10:54:58,9613.68,0,0,0,0,0,0
CONDIS.BSE_IDX,01/07/2025,10:55:06,9612.58,0,0,0,0,0,0
CONDIS.BSE_IDX,01/07/2025,10:55:14,9612.05,0,0,0,0,0,0
CONDIS.BSE_IDX,01/07/2025,10:55:22,9611.41,0,0,0,0,0,0
CONDIS.BSE_IDX,01/07/2025,10:55:30,9611.75,0,0,0,0,0,0
CONDIS.BSE_IDX,01/07/2025,10:55:38,9611.2,0,0,0,0,0,0
CONDIS.BSE_IDX,01/07/2025,10:55:46,9611.26,0,0,0,0,0,0
CONDIS.BSE_IDX,01/07/2025,10:55:54,9610.45,0,0,0,0,0,0
CONDIS.BSE_IDX,01/07/2025,10:56:02,9610.29,0,0,0,0,0,0
CONDIS.BSE_IDX,01/07/2025,10:56:10,9610.39,0,0,0,0,0,0
CONDIS.BSE_IDX,01/07/2025,10:56:18,9610.68,0,0,0,0,0,0
CONDIS.BSE_IDX,01/07/2025,10:56:26,9609.85,0,0,0,0,0,0
CONDIS.BSE_IDX,01/07/2025,10:56:34,9610,0,0,0,0,0,0
CONDIS.BSE_IDX,01/07/2025,10:56:42,9609.63,0,0,0,0,0,0
CONDIS.BSE_IDX,01/07/2025,10:56:50,9610.02,0,0,0,0,0,0
CONDIS.BSE_IDX,01/07/2025,10:56:58,9609.81,0,0,0,0,0,0
CONDIS.BSE_IDX,01/07/2025,10:57:06,9609.37,0,0,0,0,0,0
CONDIS.BSE_IDX,01/07/2025,10:57:14,9607.88,0,0,0,0,0,0
CONDIS.BSE_IDX,01/07/2025,10:57:22,9607.79,0,0,0,0,0,0
CONDIS.BSE_IDX,01/07/2025,10:57:30,9608.65,0,0,0,0,0,0
CONDIS.BSE_IDX,01/07/2025,10:57:39,9609.14,0,0,0,0,0,0
CONDIS.BSE_IDX,01/07/2025,10:57:46,9608.72,0,0,0,0,0,0
CONDIS.BSE_IDX,01/07/2025,10:57:54,9608.35,0,0,0,0,0,0
CONDIS.BSE_IDX,01/07/2025,10:58:02,9608.35,0,0,0,0,0,0
CONDIS.BSE_IDX,01/07/2025,10:58:10,9608.86,0,0,0,0,0,0
CONDIS.BSE_IDX,01/07/2025,10:58:18,9608.54,0,0,0,0,0,0
CONDIS.BSE_IDX,01/07/2025,10:58:26,9608.58,0,0,0,0,0,0
CONDIS.BSE_IDX,01/07/2025,10:58:34,9608.24,0,0,0,0,0,0
CONDIS.BSE_IDX,01/07/2025,10:58:42,9608.62,0,0,0,0,0,0
CONDIS.BSE_IDX,01/07/2025,10:58:50,9608.57,0,0,0,0,0,0
CONDIS.BSE_IDX,01/07/2025,10:58:58,9608.22,0,0,0,0,0,0
CONDIS.BSE_IDX,01/07/2025,10:59:06,9607.91,0,0,0,0,0,0
CONDIS.BSE_IDX,01/07/2025,10:59:14,9608.04,0,0,0,0,0,0
CONDIS.BSE_IDX,01/07/2025,10:59:22,9607.99,0,0,0,0,0,0
CONDIS.BSE_IDX,01/07/2025,10:59:30,9607.04,0,0,0,0,0,0
CONDIS.BSE_IDX,01/07/2025,10:59:38,9606.77,0,0,0,0,0,0
CONDIS.BSE_IDX,01/07/2025,10:59:47,9606.81,0,0,0,0,0,0
CONDIS.BSE_IDX,01/07/2025,10:59:55,9606.35,0,0,0,0,0,0
CONDIS.BSE_IDX,01/07/2025,11:00:03,9606.35,0,0,0,0,0,0
CONDIS.BSE_IDX,01/07/2025,11:00:11,9606.2,0,0,0,0,0,0
CONDIS.BSE_IDX,01/07/2025,11:00:18,9606.83,0,0,0,0,0,0
CONDIS.BSE_IDX,01/07/2025,11:00:26,9606.39,0,0,0,0,0,0
CONDIS.BSE_IDX,01/07/2025,11:00:34,9606.59,0,0,0,0,0,0
CONDIS.BSE_IDX,01/07/2025,11:00:42,9606.5,0,0,0,0,0,0
CONDIS.BSE_IDX,01/07/2025,11:00:50,9607.47,0,0,0,0,0,0
CONDIS.BSE_IDX,01/07/2025,11:00:58,9607.15,0,0,0,0,0,0
CONDIS.BSE_IDX,01/07/2025,11:01:06,9607.42,0,0,0,0,0,0
CONDIS.BSE_IDX,01/07/2025,11:01:15,9607.46,0,0,0,0,0,0
CONDIS.BSE_IDX,01/07/2025,11:01:22,9608.26,0,0,0,0,0,0
CONDIS.BSE_IDX,01/07/2025,11:01:30,9608.69,0,0,0,0,0,0
CONDIS.BSE_IDX,01/07/2025,11:01:38,9608.8,0,0,0,0,0,0
CONDIS.BSE_IDX,01/07/2025,11:01:46,9608.17,0,0,0,0,0,0
CONDIS.BSE_IDX,01/07/2025,11:01:54,9608.67,0,0,0,0,0,0
CONDIS.BSE_IDX,01/07/2025,11:02:02,9608.37,0,0,0,0,0,0
CONDIS.BSE_IDX,01/07/2025,11:02:10,9608.23,0,0,0,0,0,0
CONDIS.BSE_IDX,01/07/2025,11:02:18,9608.61,0,0,0,0,0,0
CONDIS.BSE_IDX,01/07/2025,11:02:27,9608.67,0,0,0,0,0,0
CONDIS.BSE_IDX,01/07/2025,11:02:34,9607.68,0,0,0,0,0,0
CONDIS.BSE_IDX,01/07/2025,11:02:42,9607.89,0,0,0,0,0,0
CONDIS.BSE_IDX,01/07/2025,11:02:51,9607.82,0,0,0,0,0,0
CONDIS.BSE_IDX,01/07/2025,11:02:58,9606.58,0,0,0,0,0,0
CONDIS.BSE_IDX,01/07/2025,11:03:06,9605.48,0,0,0,0,0,0
CONDIS.BSE_IDX,01/07/2025,11:03:14,9604.69,0,0,0,0,0,0
CONDIS.BSE_IDX,01/07/2025,11:03:22,9604.83,0,0,0,0,0,0
CONDIS.BSE_IDX,01/07/2025,11:03:31,9604.76,0,0,0,0,0,0
CONDIS.BSE_IDX,01/07/2025,11:03:38,9604.65,0,0,0,0,0,0
CONDIS.BSE_IDX,01/07/2025,11:03:46,9605.16,0,0,0,0,0,0
CONDIS.BSE_IDX,01/07/2025,11:03:54,9604.67,0,0,0,0,0,0
CONDIS.BSE_IDX,01/07/2025,11:04:02,9604.74,0,0,0,0,0,0
CONDIS.BSE_IDX,01/07/2025,11:04:10,9604.82,0,0,0,0,0,0
CONDIS.BSE_IDX,01/07/2025,11:04:18,9604.33,0,0,0,0,0,0
CONDIS.BSE_IDX,01/07/2025,11:04:27,9603.86,0,0,0,0,0,0
CONDIS.BSE_IDX,01/07/2025,11:04:34,9603.75,0,0,0,0,0,0
CONDIS.BSE_IDX,01/07/2025,11:04:42,9603.69,0,0,0,0,0,0
CONDIS.BSE_IDX,01/07/2025,11:04:51,9603.85,0,0,0,0,0,0
CONDIS.BSE_IDX,01/07/2025,11:04:58,9603.3,0,0,0,0,0,0
CONDIS.BSE_IDX,01/07/2025,11:05:06,9603.15,0,0,0,0,0,0
CONDIS.BSE_IDX,01/07/2025,11:05:14,9603.81,0,0,0,0,0,0
CONDIS.BSE_IDX,01/07/2025,11:05:22,9604.21,0,0,0,0,0,0
CONDIS.BSE_IDX,01/07/2025,11:05:30,9604.51,0,0,0,0,0,0
CONDIS.BSE_IDX,01/07/2025,11:05:38,9604.69,0,0,0,0,0,0
CONDIS.BSE_IDX,01/07/2025,11:05:46,9604.73,0,0,0,0,0,0
CONDIS.BSE_IDX,01/07/2025,11:05:54,9604.72,0,0,0,0,0,0
CONDIS.BSE_IDX,01/07/2025,11:06:02,9605.26,0,0,0,0,0,0
CONDIS.BSE_IDX,01/07/2025,11:06:11,9605.44,0,0,0,0,0,0
CONDIS.BSE_IDX,01/07/2025,11:06:19,9606.02,0,0,0,0,0,0
CONDIS.BSE_IDX,01/07/2025,11:06:26,9606.88,0,0,0,0,0,0
CONDIS.BSE_IDX,01/07/2025,11:06:34,9607.17,0,0,0,0,0,0
CONDIS.BSE_IDX,01/07/2025,11:06:42,9606.78,0,0,0,0,0,0
CONDIS.BSE_IDX,01/07/2025,11:06:50,9606.49,0,0,0,0,0,0
CONDIS.BSE_IDX,01/07/2025,11:06:58,9606.54,0,0,0,0,0,0
CONDIS.BSE_IDX,01/07/2025,11:07:06,9607.13,0,0,0,0,0,0
CONDIS.BSE_IDX,01/07/2025,11:07:15,9606.95,0,0,0,0,0,0
CONDIS.BSE_IDX,01/07/2025,11:07:22,9606.78,0,0,0,0,0,0
CONDIS.BSE_IDX,01/07/2025,11:07:30,9606.8,0,0,0,0,0,0
CONDIS.BSE_IDX,01/07/2025,11:07:38,9606.93,0,0,0,0,0,0
CONDIS.BSE_IDX,01/07/2025,11:07:46,9607.48,0,0,0,0,0,0
CONDIS.BSE_IDX,01/07/2025,11:07:54,9608.17,0,0,0,0,0,0
CONDIS.BSE_IDX,01/07/2025,11:08:02,9608.73,0,0,0,0,0,0
CONDIS.BSE_IDX,01/07/2025,11:08:11,9609.29,0,0,0,0,0,0
CONDIS.BSE_IDX,01/07/2025,11:08:18,9609.29,0,0,0,0,0,0
CONDIS.BSE_IDX,01/07/2025,11:08:27,9609.33,0,0,0,0,0,0
CONDIS.BSE_IDX,01/07/2025,11:08:35,9609.63,0,0,0,0,0,0
CONDIS.BSE_IDX,01/07/2025,11:08:43,9609.94,0,0,0,0,0,0
CONDIS.BSE_IDX,01/07/2025,11:08:51,9610.37,0,0,0,0,0,0
CONDIS.BSE_IDX,01/07/2025,11:08:58,9610.89,0,0,0,0,0,0
CONDIS.BSE_IDX,01/07/2025,11:09:07,9611.57,0,0,0,0,0,0
CONDIS.BSE_IDX,01/07/2025,11:09:15,9611.38,0,0,0,0,0,0
CONDIS.BSE_IDX,01/07/2025,11:09:23,9611.19,0,0,0,0,0,0
CONDIS.BSE_IDX,01/07/2025,11:09:31,9611.32,0,0,0,0,0,0
CONDIS.BSE_IDX,01/07/2025,11:09:39,9611.39,0,0,0,0,0,0
CONDIS.BSE_IDX,01/07/2025,11:09:46,9611.61,0,0,0,0,0,0
CONDIS.BSE_IDX,01/07/2025,11:09:55,9611.99,0,0,0,0,0,0
CONDIS.BSE_IDX,01/07/2025,11:10:03,9612.06,0,0,0,0,0,0
CONDIS.BSE_IDX,01/07/2025,11:10:11,9611.8,0,0,0,0,0,0
CONDIS.BSE_IDX,01/07/2025,11:10:19,9611.6,0,0,0,0,0,0
CONDIS.BSE_IDX,01/07/2025,11:10:27,9611.72,0,0,0,0,0,0
CONDIS.BSE_IDX,01/07/2025,11:10:35,9611.9,0,0,0,0,0,0
CONDIS.BSE_IDX,01/07/2025,11:10:43,9612.68,0,0,0,0,0,0
CONDIS.BSE_IDX,01/07/2025,11:10:51,9612.69,0,0,0,0,0,0
CONDIS.BSE_IDX,01/07/2025,11:10:59,9612.99,0,0,0,0,0,0
CONDIS.BSE_IDX,01/07/2025,11:11:07,9612.65,0,0,0,0,0,0
CONDIS.BSE_IDX,01/07/2025,11:11:15,9612.45,0,0,0,0,0,0
CONDIS.BSE_IDX,01/07/2025,11:11:23,9612.25,0,0,0,0,0,0
CONDIS.BSE_IDX,01/07/2025,11:11:31,9612.52,0,0,0,0,0,0
CONDIS.BSE_IDX,01/07/2025,11:11:39,9611.93,0,0,0,0,0,0
CONDIS.BSE_IDX,01/07/2025,11:11:47,9611.47,0,0,0,0,0,0
CONDIS.BSE_IDX,01/07/2025,11:11:55,9611.7,0,0,0,0,0,0
CONDIS.BSE_IDX,01/07/2025,11:12:03,9611.9,0,0,0,0,0,0
CONDIS.BSE_IDX,01/07/2025,11:12:11,9612.08,0,0,0,0,0,0
CONDIS.BSE_IDX,01/07/2025,11:12:19,9612.26,0,0,0,0,0,0
CONDIS.BSE_IDX,01/07/2025,11:12:27,9611.65,0,0,0,0,0,0
CONDIS.BSE_IDX,01/07/2025,11:12:35,9611.83,0,0,0,0,0,0
CONDIS.BSE_IDX,01/07/2025,11:12:43,9611.93,0,0,0,0,0,0
CONDIS.BSE_IDX,01/07/2025,11:12:51,9611.58,0,0,0,0,0,0
CONDIS.BSE_IDX,01/07/2025,11:12:59,9611.6,0,0,0,0,0,0
CONDIS.BSE_IDX,01/07/2025,11:13:07,9611.73,0,0,0,0,0,0
CONDIS.BSE_IDX,01/07/2025,11:13:16,9611.74,0,0,0,0,0,0
CONDIS.BSE_IDX,01/07/2025,11:13:23,9611.76,0,0,0,0,0,0
CONDIS.BSE_IDX,01/07/2025,11:13:31,9611.86,0,0,0,0,0,0
CONDIS.BSE_IDX,01/07/2025,11:13:39,9611.21,0,0,0,0,0,0
CONDIS.BSE_IDX,01/07/2025,11:13:47,9611.51,0,0,0,0,0,0
CONDIS.BSE_IDX,01/07/2025,11:13:55,9611.49,0,0,0,0,0,0
CONDIS.BSE_IDX,01/07/2025,11:14:03,9611.47,0,0,0,0,0,0
CONDIS.BSE_IDX,01/07/2025,11:14:11,9611.34,0,0,0,0,0,0
CONDIS.BSE_IDX,01/07/2025,11:14:19,9611.27,0,0,0,0,0,0
CONDIS.BSE_IDX,01/07/2025,11:14:27,9611.46,0,0,0,0,0,0
CONDIS.BSE_IDX,01/07/2025,11:14:35,9611.41,0,0,0,0,0,0
CONDIS.BSE_IDX,01/07/2025,11:14:43,9611.36,0,0,0,0,0,0
CONDIS.BSE_IDX,01/07/2025,11:14:51,9611.62,0,0,0,0,0,0
CONDIS.BSE_IDX,01/07/2025,11:14:59,9612,0,0,0,0,0,0
CONDIS.BSE_IDX,01/07/2025,11:15:07,9611.96,0,0,0,0,0,0
CONDIS.BSE_IDX,01/07/2025,11:15:15,9612.37,0,0,0,0,0,0
CONDIS.BSE_IDX,01/07/2025,11:15:23,9612.22,0,0,0,0,0,0
CONDIS.BSE_IDX,01/07/2025,11:15:31,9611.53,0,0,0,0,0,0
CONDIS.BSE_IDX,01/07/2025,11:15:39,9611.15,0,0,0,0,0,0
CONDIS.BSE_IDX,01/07/2025,11:15:47,9611.51,0,0,0,0,0,0
CONDIS.BSE_IDX,01/07/2025,11:15:56,9612.63,0,0,0,0,0,0
CONDIS.BSE_IDX,01/07/2025,11:16:03,9612.12,0,0,0,0,0,0
CONDIS.BSE_IDX,01/07/2025,11:16:11,9611.5,0,0,0,0,0,0
CONDIS.BSE_IDX,01/07/2025,11:16:19,9611.52,0,0,0,0,0,0
CONDIS.BSE_IDX,01/07/2025,11:16:27,9609,0,0,0,0,0,0
CONDIS.BSE_IDX,01/07/2025,11:16:35,9608.52,0,0,0,0,0,0
CONDIS.BSE_IDX,01/07/2025,11:16:43,9608.34,0,0,0,0,0,0
CONDIS.BSE_IDX,01/07/2025,11:16:51,9608.42,0,0,0,0,0,0
CONDIS.BSE_IDX,01/07/2025,11:16:59,9607.84,0,0,0,0,0,0
CONDIS.BSE_IDX,01/07/2025,11:17:07,9607.66,0,0,0,0,0,0
CONDIS.BSE_IDX,01/07/2025,11:17:15,9608.84,0,0,0,0,0,0
CONDIS.BSE_IDX,01/07/2025,11:17:23,9610.2,0,0,0,0,0,0
CONDIS.BSE_IDX,01/07/2025,11:17:31,9612.23,0,0,0,0,0,0
CONDIS.BSE_IDX,01/07/2025,11:17:39,9613.36,0,0,0,0,0,0
CONDIS.BSE_IDX,01/07/2025,11:17:47,9614.13,0,0,0,0,0,0
CONDIS.BSE_IDX,01/07/2025,11:17:57,9614.48,0,0,0,0,0,0
CONDIS.BSE_IDX,01/07/2025,11:18:03,9612.75,0,0,0,0,0,0
CONDIS.BSE_IDX,01/07/2025,11:18:11,9612.66,0,0,0,0,0,0
CONDIS.BSE_IDX,01/07/2025,11:18:19,9613.24,0,0,0,0,0,0
CONDIS.BSE_IDX,01/07/2025,11:18:27,9612.6,0,0,0,0,0,0
CONDIS.BSE_IDX,01/07/2025,11:18:35,9613.28,0,0,0,0,0,0
CONDIS.BSE_IDX,01/07/2025,11:18:44,9613.67,0,0,0,0,0,0
CONDIS.BSE_IDX,01/07/2025,11:18:51,9613.48,0,0,0,0,0,0
CONDIS.BSE_IDX,01/07/2025,11:18:59,9611.83,0,0,0,0,0,0
CONDIS.BSE_IDX,01/07/2025,11:19:08,9610.79,0,0,0,0,0,0
CONDIS.BSE_IDX,01/07/2025,11:19:15,9609.74,0,0,0,0,0,0
CONDIS.BSE_IDX,01/07/2025,11:19:23,9609.97,0,0,0,0,0,0
CONDIS.BSE_IDX,01/07/2025,11:19:31,9609.37,0,0,0,0,0,0
CONDIS.BSE_IDX,01/07/2025,11:19:39,9608.74,0,0,0,0,0,0
CONDIS.BSE_IDX,01/07/2025,11:19:47,9608.96,0,0,0,0,0,0
CONDIS.BSE_IDX,01/07/2025,11:19:55,9606.52,0,0,0,0,0,0
CONDIS.BSE_IDX,01/07/2025,11:20:03,9607.39,0,0,0,0,0,0
CONDIS.BSE_IDX,01/07/2025,11:20:11,9607.14,0,0,0,0,0,0
CONDIS.BSE_IDX,01/07/2025,11:20:19,9607.03,0,0,0,0,0,0
CONDIS.BSE_IDX,01/07/2025,11:20:27,9607.13,0,0,0,0,0,0
CONDIS.BSE_IDX,01/07/2025,11:20:35,9607.48,0,0,0,0,0,0
CONDIS.BSE_IDX,01/07/2025,11:20:43,9607.75,0,0,0,0,0,0
CONDIS.BSE_IDX,01/07/2025,11:20:51,9607.92,0,0,0,0,0,0
CONDIS.BSE_IDX,01/07/2025,11:20:59,9607.54,0,0,0,0,0,0
CONDIS.BSE_IDX,01/07/2025,11:21:07,9608.05,0,0,0,0,0,0
CONDIS.BSE_IDX,01/07/2025,11:21:15,9607.97,0,0,0,0,0,0
CONDIS.BSE_IDX,01/07/2025,11:21:24,9608.32,0,0,0,0,0,0
CONDIS.BSE_IDX,01/07/2025,11:21:31,9608.62,0,0,0,0,0,0
CONDIS.BSE_IDX,01/07/2025,11:21:39,9608.13,0,0,0,0,0,0
CONDIS.BSE_IDX,01/07/2025,11:21:47,9608.04,0,0,0,0,0,0
CONDIS.BSE_IDX,01/07/2025,11:21:56,9607.85,0,0,0,0,0,0
CONDIS.BSE_IDX,01/07/2025,11:22:03,9608.11,0,0,0,0,0,0
CONDIS.BSE_IDX,01/07/2025,11:22:11,9607.87,0,0,0,0,0,0
CONDIS.BSE_IDX,01/07/2025,11:22:19,9607.83,0,0,0,0,0,0
CONDIS.BSE_IDX,01/07/2025,11:22:28,9607.76,0,0,0,0,0,0
CONDIS.BSE_IDX,01/07/2025,11:22:35,9607.87,0,0,0,0,0,0
CONDIS.BSE_IDX,01/07/2025,11:22:43,9607.58,0,0,0,0,0,0
CONDIS.BSE_IDX,01/07/2025,11:22:51,9607.09,0,0,0,0,0,0
CONDIS.BSE_IDX,01/07/2025,11:22:59,9606.65,0,0,0,0,0,0
CONDIS.BSE_IDX,01/07/2025,11:23:07,9606.31,0,0,0,0,0,0
CONDIS.BSE_IDX,01/07/2025,11:23:15,9607.37,0,0,0,0,0,0
CONDIS.BSE_IDX,01/07/2025,11:23:23,9607.5,0,0,0,0,0,0
CONDIS.BSE_IDX,01/07/2025,11:23:31,9607.38,0,0,0,0,0,0
CONDIS.BSE_IDX,01/07/2025,11:23:39,9607.28,0,0,0,0,0,0
CONDIS.BSE_IDX,01/07/2025,11:23:47,9607.58,0,0,0,0,0,0
CONDIS.BSE_IDX,01/07/2025,11:23:55,9607.6,0,0,0,0,0,0
CONDIS.BSE_IDX,01/07/2025,11:24:04,9607.84,0,0,0,0,0,0
CONDIS.BSE_IDX,01/07/2025,11:24:11,9608.4,0,0,0,0,0,0
CONDIS.BSE_IDX,01/07/2025,11:24:19,9608.19,0,0,0,0,0,0
CONDIS.BSE_IDX,01/07/2025,11:24:27,9608.44,0,0,0,0,0,0
CONDIS.BSE_IDX,01/07/2025,11:24:35,9607.75,0,0,0,0,0,0
CONDIS.BSE_IDX,01/07/2025,11:24:43,9607.52,0,0,0,0,0,0
CONDIS.BSE_IDX,01/07/2025,11:24:52,9607.77,0,0,0,0,0,0
CONDIS.BSE_IDX,01/07/2025,11:25:00,9607.92,0,0,0,0,0,0
CONDIS.BSE_IDX,01/07/2025,11:25:07,9606.53,0,0,0,0,0,0
CONDIS.BSE_IDX,01/07/2025,11:25:15,9605.34,0,0,0,0,0,0
CONDIS.BSE_IDX,01/07/2025,11:25:23,9605.2,0,0,0,0,0,0
CONDIS.BSE_IDX,01/07/2025,11:25:31,9605.25,0,0,0,0,0,0
CONDIS.BSE_IDX,01/07/2025,11:25:41,9605.77,0,0,0,0,0,0
CONDIS.BSE_IDX,01/07/2025,11:25:47,9605.92,0,0,0,0,0,0
CONDIS.BSE_IDX,01/07/2025,11:25:55,9606.75,0,0,0,0,0,0
CONDIS.BSE_IDX,01/07/2025,11:26:03,9606.63,0,0,0,0,0,0
CONDIS.BSE_IDX,01/07/2025,11:26:11,9606.43,0,0,0,0,0,0
CONDIS.BSE_IDX,01/07/2025,11:26:19,9606.76,0,0,0,0,0,0
CONDIS.BSE_IDX,01/07/2025,11:26:27,9606.61,0,0,0,0,0,0
CONDIS.BSE_IDX,01/07/2025,11:26:35,9607.32,0,0,0,0,0,0
CONDIS.BSE_IDX,01/07/2025,11:26:43,9607.56,0,0,0,0,0,0
CONDIS.BSE_IDX,01/07/2025,11:26:51,9607.71,0,0,0,0,0,0
CONDIS.BSE_IDX,01/07/2025,11:26:59,9607.85,0,0,0,0,0,0
CONDIS.BSE_IDX,01/07/2025,11:27:07,9607.62,0,0,0,0,0,0
CONDIS.BSE_IDX,01/07/2025,11:27:15,9607.43,0,0,0,0,0,0
CONDIS.BSE_IDX,01/07/2025,11:27:23,9606.61,0,0,0,0,0,0
CONDIS.BSE_IDX,01/07/2025,11:27:31,9607.85,0,0,0,0,0,0
CONDIS.BSE_IDX,01/07/2025,11:27:39,9608.18,0,0,0,0,0,0
CONDIS.BSE_IDX,01/07/2025,11:27:47,9608.17,0,0,0,0,0,0
CONDIS.BSE_IDX,01/07/2025,11:27:55,9607.95,0,0,0,0,0,0
CONDIS.BSE_IDX,01/07/2025,11:28:03,9608.06,0,0,0,0,0,0
CONDIS.BSE_IDX,01/07/2025,11:28:11,9607.89,0,0,0,0,0,0
CONDIS.BSE_IDX,01/07/2025,11:28:19,9607.57,0,0,0,0,0,0
CONDIS.BSE_IDX,01/07/2025,11:28:27,9607.7,0,0,0,0,0,0
CONDIS.BSE_IDX,01/07/2025,11:28:36,9607.07,0,0,0,0,0,0
CONDIS.BSE_IDX,01/07/2025,11:28:43,9607.4,0,0,0,0,0,0
CONDIS.BSE_IDX,01/07/2025,11:28:51,9608.2,0,0,0,0,0,0
CONDIS.BSE_IDX,01/07/2025,11:28:59,9608.2,0,0,0,0,0,0
CONDIS.BSE_IDX,01/07/2025,11:29:07,9608.32,0,0,0,0,0,0
CONDIS.BSE_IDX,01/07/2025,11:29:16,9608.4,0,0,0,0,0,0
CONDIS.BSE_IDX,01/07/2025,11:29:24,9608.07,0,0,0,0,0,0
CONDIS.BSE_IDX,01/07/2025,11:29:31,9608.97,0,0,0,0,0,0
CONDIS.BSE_IDX,01/07/2025,11:29:39,9608.97,0,0,0,0,0,0
CONDIS.BSE_IDX,01/07/2025,11:29:47,9608.99,0,0,0,0,0,0
CONDIS.BSE_IDX,01/07/2025,11:29:55,9609.17,0,0,0,0,0,0
CONDIS.BSE_IDX,01/07/2025,11:30:03,9608.5,0,0,0,0,0,0
CONDIS.BSE_IDX,01/07/2025,11:30:11,9608.68,0,0,0,0,0,0
CONDIS.BSE_IDX,01/07/2025,11:30:19,9608.59,0,0,0,0,0,0
CONDIS.BSE_IDX,01/07/2025,11:30:27,9609.03,0,0,0,0,0,0
CONDIS.BSE_IDX,01/07/2025,11:30:35,9609.17,0,0,0,0,0,0
CONDIS.BSE_IDX,01/07/2025,11:30:43,9609.65,0,0,0,0,0,0
CONDIS.BSE_IDX,01/07/2025,11:30:51,9608.62,0,0,0,0,0,0
CONDIS.BSE_IDX,01/07/2025,11:30:59,9608.75,0,0,0,0,0,0
CONDIS.BSE_IDX,01/07/2025,11:31:07,9608.69,0,0,0,0,0,0
CONDIS.BSE_IDX,01/07/2025,11:31:15,9608.93,0,0,0,0,0,0
CONDIS.BSE_IDX,01/07/2025,11:31:23,9608.87,0,0,0,0,0,0
CONDIS.BSE_IDX,01/07/2025,11:31:31,9610.04,0,0,0,0,0,0
CONDIS.BSE_IDX,01/07/2025,11:31:39,9610.59,0,0,0,0,0,0
CONDIS.BSE_IDX,01/07/2025,11:31:47,9610.45,0,0,0,0,0,0
CONDIS.BSE_IDX,01/07/2025,11:31:55,9609.95,0,0,0,0,0,0
CONDIS.BSE_IDX,01/07/2025,11:32:04,9609.93,0,0,0,0,0,0
CONDIS.BSE_IDX,01/07/2025,11:32:11,9609.72,0,0,0,0,0,0
CONDIS.BSE_IDX,01/07/2025,11:32:19,9612.3,0,0,0,0,0,0
CONDIS.BSE_IDX,01/07/2025,11:32:27,9612.03,0,0,0,0,0,0
CONDIS.BSE_IDX,01/07/2025,11:32:35,9611.13,0,0,0,0,0,0
CONDIS.BSE_IDX,01/07/2025,11:32:43,9611.2,0,0,0,0,0,0
CONDIS.BSE_IDX,01/07/2025,11:32:51,9610.97,0,0,0,0,0,0
CONDIS.BSE_IDX,01/07/2025,11:32:59,9610.22,0,0,0,0,0,0
CONDIS.BSE_IDX,01/07/2025,11:33:07,9609.69,0,0,0,0,0,0
CONDIS.BSE_IDX,01/07/2025,11:33:15,9609.29,0,0,0,0,0,0
CONDIS.BSE_IDX,01/07/2025,11:33:23,9609.55,0,0,0,0,0,0
CONDIS.BSE_IDX,01/07/2025,11:33:31,9609.68,0,0,0,0,0,0
CONDIS.BSE_IDX,01/07/2025,11:33:39,9611.19,0,0,0,0,0,0
CONDIS.BSE_IDX,01/07/2025,11:33:47,9610.85,0,0,0,0,0,0
CONDIS.BSE_IDX,01/07/2025,11:33:55,9611.13,0,0,0,0,0,0
CONDIS.BSE_IDX,01/07/2025,11:34:03,9610.85,0,0,0,0,0,0
CONDIS.BSE_IDX,01/07/2025,11:34:12,9610.58,0,0,0,0,0,0
CONDIS.BSE_IDX,01/07/2025,11:34:19,9610.5,0,0,0,0,0,0
CONDIS.BSE_IDX,01/07/2025,11:34:27,9610.43,0,0,0,0,0,0
CONDIS.BSE_IDX,01/07/2025,11:34:35,9609.81,0,0,0,0,0,0
CONDIS.BSE_IDX,01/07/2025,11:34:43,9610.06,0,0,0,0,0,0
CONDIS.BSE_IDX,01/07/2025,11:34:51,9610.74,0,0,0,0,0,0
CONDIS.BSE_IDX,01/07/2025,11:34:59,9610.91,0,0,0,0,0,0
CONDIS.BSE_IDX,01/07/2025,11:35:07,9610.66,0,0,0,0,0,0
CONDIS.BSE_IDX,01/07/2025,11:35:16,9609.97,0,0,0,0,0,0
CONDIS.BSE_IDX,01/07/2025,11:35:23,9609.48,0,0,0,0,0,0
CONDIS.BSE_IDX,01/07/2025,11:35:32,9609.49,0,0,0,0,0,0
CONDIS.BSE_IDX,01/07/2025,11:35:39,9609.39,0,0,0,0,0,0
CONDIS.BSE_IDX,01/07/2025,11:35:47,9610.12,0,0,0,0,0,0
CONDIS.BSE_IDX,01/07/2025,11:35:55,9609.87,0,0,0,0,0,0
CONDIS.BSE_IDX,01/07/2025,11:36:04,9610,0,0,0,0,0,0
CONDIS.BSE_IDX,01/07/2025,11:36:11,9610.13,0,0,0,0,0,0
CONDIS.BSE_IDX,01/07/2025,11:36:19,9611.17,0,0,0,0,0,0
CONDIS.BSE_IDX,01/07/2025,11:36:28,9611.31,0,0,0,0,0,0
CONDIS.BSE_IDX,01/07/2025,11:36:35,9611.03,0,0,0,0,0,0
CONDIS.BSE_IDX,01/07/2025,11:36:43,9610.88,0,0,0,0,0,0
CONDIS.BSE_IDX,01/07/2025,11:36:54,9611.15,0,0,0,0,0,0
CONDIS.BSE_IDX,01/07/2025,11:36:59,9611.16,0,0,0,0,0,0
CONDIS.BSE_IDX,01/07/2025,11:37:07,9611.17,0,0,0,0,0,0
CONDIS.BSE_IDX,01/07/2025,11:37:15,9611.22,0,0,0,0,0,0
CONDIS.BSE_IDX,01/07/2025,11:37:23,9611.24,0,0,0,0,0,0
CONDIS.BSE_IDX,01/07/2025,11:37:31,9611.6,0,0,0,0,0,0
CONDIS.BSE_IDX,01/07/2025,11:37:41,9611.75,0,0,0,0,0,0
CONDIS.BSE_IDX,01/07/2025,11:37:47,9612.22,0,0,0,0,0,0
CONDIS.BSE_IDX,01/07/2025,11:37:55,9611.77,0,0,0,0,0,0
CONDIS.BSE_IDX,01/07/2025,11:38:03,9612.07,0,0,0,0,0,0
CONDIS.BSE_IDX,01/07/2025,11:38:11,9611.81,0,0,0,0,0,0
CONDIS.BSE_IDX,01/07/2025,11:38:20,9611.86,0,0,0,0,0,0
CONDIS.BSE_IDX,01/07/2025,11:38:27,9612.04,0,0,0,0,0,0
CONDIS.BSE_IDX,01/07/2025,11:38:35,9612.48,0,0,0,0,0,0
CONDIS.BSE_IDX,01/07/2025,11:38:43,9612.92,0,0,0,0,0,0
CONDIS.BSE_IDX,01/07/2025,11:38:51,9612.76,0,0,0,0,0,0
CONDIS.BSE_IDX,01/07/2025,11:38:59,9612.93,0,0,0,0,0,0
CONDIS.BSE_IDX,01/07/2025,11:39:07,9613.18,0,0,0,0,0,0
CONDIS.BSE_IDX,01/07/2025,11:39:16,9613.5,0,0,0,0,0,0
CONDIS.BSE_IDX,01/07/2025,11:39:23,9614.42,0,0,0,0,0,0
CONDIS.BSE_IDX,01/07/2025,11:39:31,9614.72,0,0,0,0,0,0
CONDIS.BSE_IDX,01/07/2025,11:39:39,9614.96,0,0,0,0,0,0
CONDIS.BSE_IDX,01/07/2025,11:39:47,9614.94,0,0,0,0,0,0
CONDIS.BSE_IDX,01/07/2025,11:39:55,9614.65,0,0,0,0,0,0
CONDIS.BSE_IDX,01/07/2025,11:40:03,9616.46,0,0,0,0,0,0
CONDIS.BSE_IDX,01/07/2025,11:40:11,9617.52,0,0,0,0,0,0
CONDIS.BSE_IDX,01/07/2025,11:40:19,9616.96,0,0,0,0,0,0
CONDIS.BSE_IDX,01/07/2025,11:40:27,9617.01,0,0,0,0,0,0
CONDIS.BSE_IDX,01/07/2025,11:40:35,9617.38,0,0,0,0,0,0
CONDIS.BSE_IDX,01/07/2025,11:40:43,9617.38,0,0,0,0,0,0
CONDIS.BSE_IDX,01/07/2025,11:40:51,9617.89,0,0,0,0,0,0
CONDIS.BSE_IDX,01/07/2025,11:41:00,9617.64,0,0,0,0,0,0
CONDIS.BSE_IDX,01/07/2025,11:41:07,9617.5,0,0,0,0,0,0
CONDIS.BSE_IDX,01/07/2025,11:41:15,9617.38,0,0,0,0,0,0
CONDIS.BSE_IDX,01/07/2025,11:41:24,9617.27,0,0,0,0,0,0
CONDIS.BSE_IDX,01/07/2025,11:41:32,9617.03,0,0,0,0,0,0
CONDIS.BSE_IDX,01/07/2025,11:41:39,9617.75,0,0,0,0,0,0
CONDIS.BSE_IDX,01/07/2025,11:41:48,9618.03,0,0,0,0,0,0
CONDIS.BSE_IDX,01/07/2025,11:41:56,9617.34,0,0,0,0,0,0
CONDIS.BSE_IDX,01/07/2025,11:42:04,9618.18,0,0,0,0,0,0
CONDIS.BSE_IDX,01/07/2025,11:42:12,9617.87,0,0,0,0,0,0
CONDIS.BSE_IDX,01/07/2025,11:42:20,9618.09,0,0,0,0,0,0
CONDIS.BSE_IDX,01/07/2025,11:42:28,9618.64,0,0,0,0,0,0
CONDIS.BSE_IDX,01/07/2025,11:42:36,9618.89,0,0,0,0,0,0
CONDIS.BSE_IDX,01/07/2025,11:42:44,9618.79,0,0,0,0,0,0
CONDIS.BSE_IDX,01/07/2025,11:42:52,9619.41,0,0,0,0,0,0
CONDIS.BSE_IDX,01/07/2025,11:43:00,9619.46,0,0,0,0,0,0
CONDIS.BSE_IDX,01/07/2025,11:43:08,9619.7,0,0,0,0,0,0
CONDIS.BSE_IDX,01/07/2025,11:43:16,9619.4,0,0,0,0,0,0
CONDIS.BSE_IDX,01/07/2025,11:43:24,9618.24,0,0,0,0,0,0
CONDIS.BSE_IDX,01/07/2025,11:43:32,9617.58,0,0,0,0,0,0
CONDIS.BSE_IDX,01/07/2025,11:43:40,9617.14,0,0,0,0,0,0
CONDIS.BSE_IDX,01/07/2025,11:43:48,9617.48,0,0,0,0,0,0
CONDIS.BSE_IDX,01/07/2025,11:43:56,9617.4,0,0,0,0,0,0
CONDIS.BSE_IDX,01/07/2025,11:44:04,9617.55,0,0,0,0,0,0
CONDIS.BSE_IDX,01/07/2025,11:44:12,9617.52,0,0,0,0,0,0
CONDIS.BSE_IDX,01/07/2025,11:44:20,9617.19,0,0,0,0,0,0
CONDIS.BSE_IDX,01/07/2025,11:44:28,9616.88,0,0,0,0,0,0
CONDIS.BSE_IDX,01/07/2025,11:44:36,9616.59,0,0,0,0,0,0
CONDIS.BSE_IDX,01/07/2025,11:44:44,9616.21,0,0,0,0,0,0
CONDIS.BSE_IDX,01/07/2025,11:44:52,9615.65,0,0,0,0,0,0
CONDIS.BSE_IDX,01/07/2025,11:45:00,9614.68,0,0,0,0,0,0
CONDIS.BSE_IDX,01/07/2025,11:45:08,9615.18,0,0,0,0,0,0
CONDIS.BSE_IDX,01/07/2025,11:45:16,9615.48,0,0,0,0,0,0
CONDIS.BSE_IDX,01/07/2025,11:45:24,9615.68,0,0,0,0,0,0
CONDIS.BSE_IDX,01/07/2025,11:45:32,9615.67,0,0,0,0,0,0
CONDIS.BSE_IDX,01/07/2025,11:45:40,9617.24,0,0,0,0,0,0
CONDIS.BSE_IDX,01/07/2025,11:45:48,9617.17,0,0,0,0,0,0
CONDIS.BSE_IDX,01/07/2025,11:45:56,9617.37,0,0,0,0,0,0
CONDIS.BSE_IDX,01/07/2025,11:46:04,9618.24,0,0,0,0,0,0
CONDIS.BSE_IDX,01/07/2025,11:46:12,9618.7,0,0,0,0,0,0
CONDIS.BSE_IDX,01/07/2025,11:46:20,9618.35,0,0,0,0,0,0
CONDIS.BSE_IDX,01/07/2025,11:46:28,9618.49,0,0,0,0,0,0
CONDIS.BSE_IDX,01/07/2025,11:46:36,9618.02,0,0,0,0,0,0
CONDIS.BSE_IDX,01/07/2025,11:46:44,9617.6,0,0,0,0,0,0
CONDIS.BSE_IDX,01/07/2025,11:46:52,9617.48,0,0,0,0,0,0
CONDIS.BSE_IDX,01/07/2025,11:47:00,9617.62,0,0,0,0,0,0
CONDIS.BSE_IDX,01/07/2025,11:47:08,9616.82,0,0,0,0,0,0
CONDIS.BSE_IDX,01/07/2025,11:47:16,9616.76,0,0,0,0,0,0
CONDIS.BSE_IDX,01/07/2025,11:47:24,9616.08,0,0,0,0,0,0
CONDIS.BSE_IDX,01/07/2025,11:47:32,9616.14,0,0,0,0,0,0
CONDIS.BSE_IDX,01/07/2025,11:47:40,9615.01,0,0,0,0,0,0
CONDIS.BSE_IDX,01/07/2025,11:47:48,9615.36,0,0,0,0,0,0
CONDIS.BSE_IDX,01/07/2025,11:47:56,9615.32,0,0,0,0,0,0
CONDIS.BSE_IDX,01/07/2025,11:48:04,9615.63,0,0,0,0,0,0
CONDIS.BSE_IDX,01/07/2025,11:48:12,9616.03,0,0,0,0,0,0
CONDIS.BSE_IDX,01/07/2025,11:48:20,9616.82,0,0,0,0,0,0
CONDIS.BSE_IDX,01/07/2025,11:48:28,9616.96,0,0,0,0,0,0
CONDIS.BSE_IDX,01/07/2025,11:48:36,9617.84,0,0,0,0,0,0
CONDIS.BSE_IDX,01/07/2025,11:48:44,9617.95,0,0,0,0,0,0
CONDIS.BSE_IDX,01/07/2025,11:48:52,9617.97,0,0,0,0,0,0
CONDIS.BSE_IDX,01/07/2025,11:49:01,9618.13,0,0,0,0,0,0
CONDIS.BSE_IDX,01/07/2025,11:49:09,9618.15,0,0,0,0,0,0
CONDIS.BSE_IDX,01/07/2025,11:49:16,9618.29,0,0,0,0,0,0
CONDIS.BSE_IDX,01/07/2025,11:49:24,9617.74,0,0,0,0,0,0
CONDIS.BSE_IDX,01/07/2025,11:49:32,9617.7,0,0,0,0,0,0
CONDIS.BSE_IDX,01/07/2025,11:49:40,9617.73,0,0,0,0,0,0
CONDIS.BSE_IDX,01/07/2025,11:49:49,9617.62,0,0,0,0,0,0
CONDIS.BSE_IDX,01/07/2025,11:49:56,9617.65,0,0,0,0,0,0
CONDIS.BSE_IDX,01/07/2025,11:50:04,9617.22,0,0,0,0,0,0
CONDIS.BSE_IDX,01/07/2025,11:50:12,9616.33,0,0,0,0,0,0
CONDIS.BSE_IDX,01/07/2025,11:50:20,9616.19,0,0,0,0,0,0
CONDIS.BSE_IDX,01/07/2025,11:50:28,9616.28,0,0,0,0,0,0
CONDIS.BSE_IDX,01/07/2025,11:50:36,9615.82,0,0,0,0,0,0
CONDIS.BSE_IDX,01/07/2025,11:50:44,9615.85,0,0,0,0,0,0
CONDIS.BSE_IDX,01/07/2025,11:50:52,9615.66,0,0,0,0,0,0
CONDIS.BSE_IDX,01/07/2025,11:51:00,9615.49,0,0,0,0,0,0
CONDIS.BSE_IDX,01/07/2025,11:51:08,9615.63,0,0,0,0,0,0
CONDIS.BSE_IDX,01/07/2025,11:51:16,9616.13,0,0,0,0,0,0
CONDIS.BSE_IDX,01/07/2025,11:51:24,9615.69,0,0,0,0,0,0
CONDIS.BSE_IDX,01/07/2025,11:51:32,9615.62,0,0,0,0,0,0
CONDIS.BSE_IDX,01/07/2025,11:51:40,9616.04,0,0,0,0,0,0
CONDIS.BSE_IDX,01/07/2025,11:51:48,9615.88,0,0,0,0,0,0
CONDIS.BSE_IDX,01/07/2025,11:51:56,9616.4,0,0,0,0,0,0
CONDIS.BSE_IDX,01/07/2025,11:52:04,9616.57,0,0,0,0,0,0
CONDIS.BSE_IDX,01/07/2025,11:52:12,9616.74,0,0,0,0,0,0
CONDIS.BSE_IDX,01/07/2025,11:52:20,9616.83,0,0,0,0,0,0
CONDIS.BSE_IDX,01/07/2025,11:52:28,9616.94,0,0,0,0,0,0
CONDIS.BSE_IDX,01/07/2025,11:52:36,9616.68,0,0,0,0,0,0
CONDIS.BSE_IDX,01/07/2025,11:52:44,9616.65,0,0,0,0,0,0
CONDIS.BSE_IDX,01/07/2025,11:52:52,9616.35,0,0,0,0,0,0
CONDIS.BSE_IDX,01/07/2025,11:53:00,9615.67,0,0,0,0,0,0
CONDIS.BSE_IDX,01/07/2025,11:53:08,9614.94,0,0,0,0,0,0
CONDIS.BSE_IDX,01/07/2025,11:53:16,9614.71,0,0,0,0,0,0
CONDIS.BSE_IDX,01/07/2025,11:53:24,9614.86,0,0,0,0,0,0
CONDIS.BSE_IDX,01/07/2025,11:53:32,9614.4,0,0,0,0,0,0
CONDIS.BSE_IDX,01/07/2025,11:53:40,9613.9,0,0,0,0,0,0
CONDIS.BSE_IDX,01/07/2025,11:53:48,9612.68,0,0,0,0,0,0
CONDIS.BSE_IDX,01/07/2025,11:53:56,9612.7,0,0,0,0,0,0
CONDIS.BSE_IDX,01/07/2025,11:54:04,9611.79,0,0,0,0,0,0
CONDIS.BSE_IDX,01/07/2025,11:54:12,9610.47,0,0,0,0,0,0
CONDIS.BSE_IDX,01/07/2025,11:54:20,9610.68,0,0,0,0,0,0
CONDIS.BSE_IDX,01/07/2025,11:54:28,9610.84,0,0,0,0,0,0
CONDIS.BSE_IDX,01/07/2025,11:54:36,9610.78,0,0,0,0,0,0
CONDIS.BSE_IDX,01/07/2025,11:54:44,9611.12,0,0,0,0,0,0
CONDIS.BSE_IDX,01/07/2025,11:54:52,9610.92,0,0,0,0,0,0
CONDIS.BSE_IDX,01/07/2025,11:55:00,9611.04,0,0,0,0,0,0
CONDIS.BSE_IDX,01/07/2025,11:55:08,9611.14,0,0,0,0,0,0
CONDIS.BSE_IDX,01/07/2025,11:55:17,9610.67,0,0,0,0,0,0
CONDIS.BSE_IDX,01/07/2025,11:55:24,9610.74,0,0,0,0,0,0
CONDIS.BSE_IDX,01/07/2025,11:55:32,9610.93,0,0,0,0,0,0
CONDIS.BSE_IDX,01/07/2025,11:55:40,9611.39,0,0,0,0,0,0
CONDIS.BSE_IDX,01/07/2025,11:55:48,9611.13,0,0,0,0,0,0
CONDIS.BSE_IDX,01/07/2025,11:55:56,9611.41,0,0,0,0,0,0
CONDIS.BSE_IDX,01/07/2025,11:56:05,9610.5,0,0,0,0,0,0
CONDIS.BSE_IDX,01/07/2025,11:56:12,9609.66,0,0,0,0,0,0
CONDIS.BSE_IDX,01/07/2025,11:56:20,9609.07,0,0,0,0,0,0
CONDIS.BSE_IDX,01/07/2025,11:56:28,9608.59,0,0,0,0,0,0
CONDIS.BSE_IDX,01/07/2025,11:56:36,9607.93,0,0,0,0,0,0
CONDIS.BSE_IDX,01/07/2025,11:56:44,9608.21,0,0,0,0,0,0
CONDIS.BSE_IDX,01/07/2025,11:56:52,9607.61,0,0,0,0,0,0
CONDIS.BSE_IDX,01/07/2025,11:57:00,9607.82,0,0,0,0,0,0
CONDIS.BSE_IDX,01/07/2025,11:57:08,9607.87,0,0,0,0,0,0
CONDIS.BSE_IDX,01/07/2025,11:57:16,9607.23,0,0,0,0,0,0
CONDIS.BSE_IDX,01/07/2025,11:57:24,9607.52,0,0,0,0,0,0
CONDIS.BSE_IDX,01/07/2025,11:57:32,9607.39,0,0,0,0,0,0
CONDIS.BSE_IDX,01/07/2025,11:57:40,9607.68,0,0,0,0,0,0
CONDIS.BSE_IDX,01/07/2025,11:57:48,9606.55,0,0,0,0,0,0
CONDIS.BSE_IDX,01/07/2025,11:57:56,9606.09,0,0,0,0,0,0
CONDIS.BSE_IDX,01/07/2025,11:58:04,9606.17,0,0,0,0,0,0
CONDIS.BSE_IDX,01/07/2025,11:58:12,9606.87,0,0,0,0,0,0
CONDIS.BSE_IDX,01/07/2025,11:58:20,9606.97,0,0,0,0,0,0
CONDIS.BSE_IDX,01/07/2025,11:58:28,9606.53,0,0,0,0,0,0
CONDIS.BSE_IDX,01/07/2025,11:58:36,9606.28,0,0,0,0,0,0
CONDIS.BSE_IDX,01/07/2025,11:58:44,9606.22,0,0,0,0,0,0
CONDIS.BSE_IDX,01/07/2025,11:58:52,9605.45,0,0,0,0,0,0
CONDIS.BSE_IDX,01/07/2025,11:59:00,9605.34,0,0,0,0,0,0
CONDIS.BSE_IDX,01/07/2025,11:59:08,9606.8,0,0,0,0,0,0
CONDIS.BSE_IDX,01/07/2025,11:59:16,9607.01,0,0,0,0,0,0
CONDIS.BSE_IDX,01/07/2025,11:59:24,9607.12,0,0,0,0,0,0
CONDIS.BSE_IDX,01/07/2025,11:59:32,9607.26,0,0,0,0,0,0
CONDIS.BSE_IDX,01/07/2025,11:59:40,9607.62,0,0,0,0,0,0
CONDIS.BSE_IDX,01/07/2025,11:59:48,9607.93,0,0,0,0,0,0
CONDIS.BSE_IDX,01/07/2025,11:59:56,9608.3,0,0,0,0,0,0
CONDIS.BSE_IDX,01/07/2025,12:00:05,9609.05,0,0,0,0,0,0
CONDIS.BSE_IDX,01/07/2025,12:00:12,9609.26,0,0,0,0,0,0
CONDIS.BSE_IDX,01/07/2025,12:00:20,9609.22,0,0,0,0,0,0
CONDIS.BSE_IDX,01/07/2025,12:00:28,9608.45,0,0,0,0,0,0
CONDIS.BSE_IDX,01/07/2025,12:00:37,9607.68,0,0,0,0,0,0
CONDIS.BSE_IDX,01/07/2025,12:00:44,9607.82,0,0,0,0,0,0
CONDIS.BSE_IDX,01/07/2025,12:00:52,9607.8,0,0,0,0,0,0
CONDIS.BSE_IDX,01/07/2025,12:01:00,9607.7,0,0,0,0,0,0
CONDIS.BSE_IDX,01/07/2025,12:01:08,9607.53,0,0,0,0,0,0
CONDIS.BSE_IDX,01/07/2025,12:01:16,9607.81,0,0,0,0,0,0
CONDIS.BSE_IDX,01/07/2025,12:01:24,9608.03,0,0,0,0,0,0
CONDIS.BSE_IDX,01/07/2025,12:01:32,9607.79,0,0,0,0,0,0
CONDIS.BSE_IDX,01/07/2025,12:01:40,9608.23,0,0,0,0,0,0
CONDIS.BSE_IDX,01/07/2025,12:01:48,9608.16,0,0,0,0,0,0
CONDIS.BSE_IDX,01/07/2025,12:01:57,9608.35,0,0,0,0,0,0
CONDIS.BSE_IDX,01/07/2025,12:02:04,9609.06,0,0,0,0,0,0
CONDIS.BSE_IDX,01/07/2025,12:02:12,9609.52,0,0,0,0,0,0
CONDIS.BSE_IDX,01/07/2025,12:02:20,9609.52,0,0,0,0,0,0
CONDIS.BSE_IDX,01/07/2025,12:02:28,9609.19,0,0,0,0,0,0
CONDIS.BSE_IDX,01/07/2025,12:02:36,9609.14,0,0,0,0,0,0
CONDIS.BSE_IDX,01/07/2025,12:02:44,9609.3,0,0,0,0,0,0
CONDIS.BSE_IDX,01/07/2025,12:02:52,9608.97,0,0,0,0,0,0
CONDIS.BSE_IDX,01/07/2025,12:03:00,9609.49,0,0,0,0,0,0
CONDIS.BSE_IDX,01/07/2025,12:03:08,9609.16,0,0,0,0,0,0
CONDIS.BSE_IDX,01/07/2025,12:03:17,9609.17,0,0,0,0,0,0
CONDIS.BSE_IDX,01/07/2025,12:03:24,9609.25,0,0,0,0,0,0
CONDIS.BSE_IDX,01/07/2025,12:03:32,9609.2,0,0,0,0,0,0
CONDIS.BSE_IDX,01/07/2025,12:03:40,9609.16,0,0,0,0,0,0
CONDIS.BSE_IDX,01/07/2025,12:03:48,9608.92,0,0,0,0,0,0
CONDIS.BSE_IDX,01/07/2025,12:03:56,9608.64,0,0,0,0,0,0
CONDIS.BSE_IDX,01/07/2025,12:04:04,9609.19,0,0,0,0,0,0
CONDIS.BSE_IDX,01/07/2025,12:04:12,9609.47,0,0,0,0,0,0
CONDIS.BSE_IDX,01/07/2025,12:04:20,9609.68,0,0,0,0,0,0
CONDIS.BSE_IDX,01/07/2025,12:04:28,9609.65,0,0,0,0,0,0
CONDIS.BSE_IDX,01/07/2025,12:04:36,9609.69,0,0,0,0,0,0
CONDIS.BSE_IDX,01/07/2025,12:04:44,9609.03,0,0,0,0,0,0
CONDIS.BSE_IDX,01/07/2025,12:04:52,9608.95,0,0,0,0,0,0
CONDIS.BSE_IDX,01/07/2025,12:05:01,9609.08,0,0,0,0,0,0
CONDIS.BSE_IDX,01/07/2025,12:05:08,9608.52,0,0,0,0,0,0
CONDIS.BSE_IDX,01/07/2025,12:05:16,9608.82,0,0,0,0,0,0
CONDIS.BSE_IDX,01/07/2025,12:05:24,9608.92,0,0,0,0,0,0
CONDIS.BSE_IDX,01/07/2025,12:05:32,9608.67,0,0,0,0,0,0
CONDIS.BSE_IDX,01/07/2025,12:05:40,9608.71,0,0,0,0,0,0
CONDIS.BSE_IDX,01/07/2025,12:05:48,9607.84,0,0,0,0,0,0
CONDIS.BSE_IDX,01/07/2025,12:05:56,9608.54,0,0,0,0,0,0
CONDIS.BSE_IDX,01/07/2025,12:06:04,9608.11,0,0,0,0,0,0
CONDIS.BSE_IDX,01/07/2025,12:06:12,9607.89,0,0,0,0,0,0
CONDIS.BSE_IDX,01/07/2025,12:06:20,9607.44,0,0,0,0,0,0
CONDIS.BSE_IDX,01/07/2025,12:06:28,9607.15,0,0,0,0,0,0
CONDIS.BSE_IDX,01/07/2025,12:06:36,9606.76,0,0,0,0,0,0
CONDIS.BSE_IDX,01/07/2025,12:06:44,9606.94,0,0,0,0,0,0
CONDIS.BSE_IDX,01/07/2025,12:06:53,9606.74,0,0,0,0,0,0
CONDIS.BSE_IDX,01/07/2025,12:07:00,9606.34,0,0,0,0,0,0
CONDIS.BSE_IDX,01/07/2025,12:07:08,9606.39,0,0,0,0,0,0
CONDIS.BSE_IDX,01/07/2025,12:07:16,9606.86,0,0,0,0,0,0
CONDIS.BSE_IDX,01/07/2025,12:07:24,9606.44,0,0,0,0,0,0
CONDIS.BSE_IDX,01/07/2025,12:07:32,9606.25,0,0,0,0,0,0
CONDIS.BSE_IDX,01/07/2025,12:07:40,9605.53,0,0,0,0,0,0
CONDIS.BSE_IDX,01/07/2025,12:07:48,9605.78,0,0,0,0,0,0
CONDIS.BSE_IDX,01/07/2025,12:07:56,9605.58,0,0,0,0,0,0
CONDIS.BSE_IDX,01/07/2025,12:08:04,9605.25,0,0,0,0,0,0
CONDIS.BSE_IDX,01/07/2025,12:08:12,9605.2,0,0,0,0,0,0
CONDIS.BSE_IDX,01/07/2025,12:08:20,9605.23,0,0,0,0,0,0
CONDIS.BSE_IDX,01/07/2025,12:08:28,9604.94,0,0,0,0,0,0
CONDIS.BSE_IDX,01/07/2025,12:08:36,9605.28,0,0,0,0,0,0
CONDIS.BSE_IDX,01/07/2025,12:08:44,9605.18,0,0,0,0,0,0
CONDIS.BSE_IDX,01/07/2025,12:08:52,9605.55,0,0,0,0,0,0
CONDIS.BSE_IDX,01/07/2025,12:09:00,9605.56,0,0,0,0,0,0
CONDIS.BSE_IDX,01/07/2025,12:09:08,9606.06,0,0,0,0,0,0
CONDIS.BSE_IDX,01/07/2025,12:09:16,9605.96,0,0,0,0,0,0
CONDIS.BSE_IDX,01/07/2025,12:09:25,9606.06,0,0,0,0,0,0
CONDIS.BSE_IDX,01/07/2025,12:09:32,9606.35,0,0,0,0,0,0
CONDIS.BSE_IDX,01/07/2025,12:09:40,9606.23,0,0,0,0,0,0
CONDIS.BSE_IDX,01/07/2025,12:09:48,9606.3,0,0,0,0,0,0
CONDIS.BSE_IDX,01/07/2025,12:09:57,9606.46,0,0,0,0,0,0
CONDIS.BSE_IDX,01/07/2025,12:10:05,9606.12,0,0,0,0,0,0
CONDIS.BSE_IDX,01/07/2025,12:10:13,9606.05,0,0,0,0,0,0
CONDIS.BSE_IDX,01/07/2025,12:10:22,9606.78,0,0,0,0,0,0
CONDIS.BSE_IDX,01/07/2025,12:10:28,9606.94,0,0,0,0,0,0
CONDIS.BSE_IDX,01/07/2025,12:10:36,9606.65,0,0,0,0,0,0
CONDIS.BSE_IDX,01/07/2025,12:10:45,9606.69,0,0,0,0,0,0
CONDIS.BSE_IDX,01/07/2025,12:10:52,9606.37,0,0,0,0,0,0
CONDIS.BSE_IDX,01/07/2025,12:11:00,9605.68,0,0,0,0,0,0
CONDIS.BSE_IDX,01/07/2025,12:11:08,9605.3,0,0,0,0,0,0
CONDIS.BSE_IDX,01/07/2025,12:11:17,9605.44,0,0,0,0,0,0
CONDIS.BSE_IDX,01/07/2025,12:11:24,9605.37,0,0,0,0,0,0
CONDIS.BSE_IDX,01/07/2025,12:11:32,9605.17,0,0,0,0,0,0
CONDIS.BSE_IDX,01/07/2025,12:11:40,9605.15,0,0,0,0,0,0
CONDIS.BSE_IDX,01/07/2025,12:11:49,9605.79,0,0,0,0,0,0
CONDIS.BSE_IDX,01/07/2025,12:11:57,9606.51,0,0,0,0,0,0
CONDIS.BSE_IDX,01/07/2025,12:12:05,9606.52,0,0,0,0,0,0
CONDIS.BSE_IDX,01/07/2025,12:12:13,9606.57,0,0,0,0,0,0
CONDIS.BSE_IDX,01/07/2025,12:12:21,9607.08,0,0,0,0,0,0
CONDIS.BSE_IDX,01/07/2025,12:12:29,9607.45,0,0,0,0,0,0
CONDIS.BSE_IDX,01/07/2025,12:12:37,9607.38,0,0,0,0,0,0
CONDIS.BSE_IDX,01/07/2025,12:12:45,9606.87,0,0,0,0,0,0
CONDIS.BSE_IDX,01/07/2025,12:12:53,9607.02,0,0,0,0,0,0
CONDIS.BSE_IDX,01/07/2025,12:13:01,9607.57,0,0,0,0,0,0
CONDIS.BSE_IDX,01/07/2025,12:13:09,9607.6,0,0,0,0,0,0
CONDIS.BSE_IDX,01/07/2025,12:13:17,9607.75,0,0,0,0,0,0
CONDIS.BSE_IDX,01/07/2025,12:13:25,9607.74,0,0,0,0,0,0
CONDIS.BSE_IDX,01/07/2025,12:13:33,9607.54,0,0,0,0,0,0
CONDIS.BSE_IDX,01/07/2025,12:13:41,9608.62,0,0,0,0,0,0
CONDIS.BSE_IDX,01/07/2025,12:13:49,9608.65,0,0,0,0,0,0
CONDIS.BSE_IDX,01/07/2025,12:13:57,9608.7,0,0,0,0,0,0
CONDIS.BSE_IDX,01/07/2025,12:14:05,9608.35,0,0,0,0,0,0
CONDIS.BSE_IDX,01/07/2025,12:14:13,9608.31,0,0,0,0,0,0
CONDIS.BSE_IDX,01/07/2025,12:14:21,9609.23,0,0,0,0,0,0
CONDIS.BSE_IDX,01/07/2025,12:14:29,9609.15,0,0,0,0,0,0
CONDIS.BSE_IDX,01/07/2025,12:14:37,9609.61,0,0,0,0,0,0
CONDIS.BSE_IDX,01/07/2025,12:14:46,9610.08,0,0,0,0,0,0
CONDIS.BSE_IDX,01/07/2025,12:14:54,9609.95,0,0,0,0,0,0
CONDIS.BSE_IDX,01/07/2025,12:15:01,9609.94,0,0,0,0,0,0
CONDIS.BSE_IDX,01/07/2025,12:15:09,9609.91,0,0,0,0,0,0
CONDIS.BSE_IDX,01/07/2025,12:15:17,9609.83,0,0,0,0,0,0
CONDIS.BSE_IDX,01/07/2025,12:15:25,9610.36,0,0,0,0,0,0
CONDIS.BSE_IDX,01/07/2025,12:15:33,9610.75,0,0,0,0,0,0
CONDIS.BSE_IDX,01/07/2025,12:15:41,9610.9,0,0,0,0,0,0
CONDIS.BSE_IDX,01/07/2025,12:15:49,9611.35,0,0,0,0,0,0
CONDIS.BSE_IDX,01/07/2025,12:15:57,9611.7,0,0,0,0,0,0
CONDIS.BSE_IDX,01/07/2025,12:16:05,9611.3,0,0,0,0,0,0
CONDIS.BSE_IDX,01/07/2025,12:16:13,9611,0,0,0,0,0,0
CONDIS.BSE_IDX,01/07/2025,12:16:21,9610.35,0,0,0,0,0,0
CONDIS.BSE_IDX,01/07/2025,12:16:29,9610.16,0,0,0,0,0,0
CONDIS.BSE_IDX,01/07/2025,12:16:37,9610.41,0,0,0,0,0,0
CONDIS.BSE_IDX,01/07/2025,12:16:45,9610.36,0,0,0,0,0,0
CONDIS.BSE_IDX,01/07/2025,12:16:53,9610.33,0,0,0,0,0,0
CONDIS.BSE_IDX,01/07/2025,12:17:01,9610.24,0,0,0,0,0,0
CONDIS.BSE_IDX,01/07/2025,12:17:09,9610.59,0,0,0,0,0,0
CONDIS.BSE_IDX,01/07/2025,12:17:17,9610.71,0,0,0,0,0,0
CONDIS.BSE_IDX,01/07/2025,12:17:25,9611.54,0,0,0,0,0,0
CONDIS.BSE_IDX,01/07/2025,12:17:33,9611.45,0,0,0,0,0,0
CONDIS.BSE_IDX,01/07/2025,12:17:41,9611.17,0,0,0,0,0,0
CONDIS.BSE_IDX,01/07/2025,12:17:49,9610.8,0,0,0,0,0,0
CONDIS.BSE_IDX,01/07/2025,12:17:57,9610.84,0,0,0,0,0,0
CONDIS.BSE_IDX,01/07/2025,12:18:05,9610.71,0,0,0,0,0,0
CONDIS.BSE_IDX,01/07/2025,12:18:13,9611.09,0,0,0,0,0,0
CONDIS.BSE_IDX,01/07/2025,12:18:21,9611.08,0,0,0,0,0,0
CONDIS.BSE_IDX,01/07/2025,12:18:29,9611.04,0,0,0,0,0,0
CONDIS.BSE_IDX,01/07/2025,12:18:37,9611.79,0,0,0,0,0,0
CONDIS.BSE_IDX,01/07/2025,12:18:45,9611.67,0,0,0,0,0,0
CONDIS.BSE_IDX,01/07/2025,12:18:53,9611.44,0,0,0,0,0,0
CONDIS.BSE_IDX,01/07/2025,12:19:01,9611.79,0,0,0,0,0,0
CONDIS.BSE_IDX,01/07/2025,12:19:09,9611.9,0,0,0,0,0,0
CONDIS.BSE_IDX,01/07/2025,12:19:17,9611.93,0,0,0,0,0,0
CONDIS.BSE_IDX,01/07/2025,12:19:25,9611.64,0,0,0,0,0,0
CONDIS.BSE_IDX,01/07/2025,12:19:33,9612.4,0,0,0,0,0,0
CONDIS.BSE_IDX,01/07/2025,12:19:41,9613.88,0,0,0,0,0,0
CONDIS.BSE_IDX,01/07/2025,12:19:49,9614.68,0,0,0,0,0,0
CONDIS.BSE_IDX,01/07/2025,12:19:57,9614.55,0,0,0,0,0,0
CONDIS.BSE_IDX,01/07/2025,12:20:05,9614.63,0,0,0,0,0,0
CONDIS.BSE_IDX,01/07/2025,12:20:13,9614.83,0,0,0,0,0,0
CONDIS.BSE_IDX,01/07/2025,12:20:21,9616.65,0,0,0,0,0,0
CONDIS.BSE_IDX,01/07/2025,12:20:29,9617.89,0,0,0,0,0,0
CONDIS.BSE_IDX,01/07/2025,12:20:37,9618.58,0,0,0,0,0,0
CONDIS.BSE_IDX,01/07/2025,12:20:45,9618.43,0,0,0,0,0,0
CONDIS.BSE_IDX,01/07/2025,12:20:53,9618.14,0,0,0,0,0,0
CONDIS.BSE_IDX,01/07/2025,12:21:01,9618.22,0,0,0,0,0,0
CONDIS.BSE_IDX,01/07/2025,12:21:09,9617.59,0,0,0,0,0,0
CONDIS.BSE_IDX,01/07/2025,12:21:17,9616.95,0,0,0,0,0,0
CONDIS.BSE_IDX,01/07/2025,12:21:25,9616.84,0,0,0,0,0,0
CONDIS.BSE_IDX,01/07/2025,12:21:33,9617.26,0,0,0,0,0,0
CONDIS.BSE_IDX,01/07/2025,12:21:41,9618.18,0,0,0,0,0,0
CONDIS.BSE_IDX,01/07/2025,12:21:49,9619.43,0,0,0,0,0,0
CONDIS.BSE_IDX,01/07/2025,12:21:57,9619.14,0,0,0,0,0,0
CONDIS.BSE_IDX,01/07/2025,12:22:05,9619.89,0,0,0,0,0,0
CONDIS.BSE_IDX,01/07/2025,12:22:13,9619.82,0,0,0,0,0,0
CONDIS.BSE_IDX,01/07/2025,12:22:21,9620.5,0,0,0,0,0,0
CONDIS.BSE_IDX,01/07/2025,12:22:29,9621.05,0,0,0,0,0,0
CONDIS.BSE_IDX,01/07/2025,12:22:37,9620.5,0,0,0,0,0,0
CONDIS.BSE_IDX,01/07/2025,12:22:45,9620.74,0,0,0,0,0,0
CONDIS.BSE_IDX,01/07/2025,12:22:53,9620.39,0,0,0,0,0,0
CONDIS.BSE_IDX,01/07/2025,12:23:02,9620.82,0,0,0,0,0,0
CONDIS.BSE_IDX,01/07/2025,12:23:09,9620.74,0,0,0,0,0,0
CONDIS.BSE_IDX,01/07/2025,12:23:17,9620.81,0,0,0,0,0,0
CONDIS.BSE_IDX,01/07/2025,12:23:25,9620.34,0,0,0,0,0,0
CONDIS.BSE_IDX,01/07/2025,12:23:33,9620,0,0,0,0,0,0
CONDIS.BSE_IDX,01/07/2025,12:23:41,9620.17,0,0,0,0,0,0
CONDIS.BSE_IDX,01/07/2025,12:23:49,9620.01,0,0,0,0,0,0
CONDIS.BSE_IDX,01/07/2025,12:23:57,9620.11,0,0,0,0,0,0
CONDIS.BSE_IDX,01/07/2025,12:24:05,9620.27,0,0,0,0,0,0
CONDIS.BSE_IDX,01/07/2025,12:24:13,9619.88,0,0,0,0,0,0
CONDIS.BSE_IDX,01/07/2025,12:24:21,9619.75,0,0,0,0,0,0
CONDIS.BSE_IDX,01/07/2025,12:24:29,9619.85,0,0,0,0,0,0
CONDIS.BSE_IDX,01/07/2025,12:24:37,9619.92,0,0,0,0,0,0
CONDIS.BSE_IDX,01/07/2025,12:24:45,9620.04,0,0,0,0,0,0
CONDIS.BSE_IDX,01/07/2025,12:24:53,9619.68,0,0,0,0,0,0
CONDIS.BSE_IDX,01/07/2025,12:25:01,9620.2,0,0,0,0,0,0
CONDIS.BSE_IDX,01/07/2025,12:25:09,9619.8,0,0,0,0,0,0
CONDIS.BSE_IDX,01/07/2025,12:25:17,9620.32,0,0,0,0,0,0
CONDIS.BSE_IDX,01/07/2025,12:25:25,9620.47,0,0,0,0,0,0
CONDIS.BSE_IDX,01/07/2025,12:25:33,9620.54,0,0,0,0,0,0
CONDIS.BSE_IDX,01/07/2025,12:25:41,9620.83,0,0,0,0,0,0
CONDIS.BSE_IDX,01/07/2025,12:25:49,9620.64,0,0,0,0,0,0
CONDIS.BSE_IDX,01/07/2025,12:25:57,9620.81,0,0,0,0,0,0
CONDIS.BSE_IDX,01/07/2025,12:26:05,9621,0,0,0,0,0,0
CONDIS.BSE_IDX,01/07/2025,12:26:13,9620.9,0,0,0,0,0,0
CONDIS.BSE_IDX,01/07/2025,12:26:21,9621.2,0,0,0,0,0,0
CONDIS.BSE_IDX,01/07/2025,12:26:31,9621.6,0,0,0,0,0,0
CONDIS.BSE_IDX,01/07/2025,12:26:37,9621.6,0,0,0,0,0,0
CONDIS.BSE_IDX,01/07/2025,12:26:45,9621.22,0,0,0,0,0,0
CONDIS.BSE_IDX,01/07/2025,12:26:53,9621.81,0,0,0,0,0,0
CONDIS.BSE_IDX,01/07/2025,12:27:01,9621.55,0,0,0,0,0,0
CONDIS.BSE_IDX,01/07/2025,12:27:09,9621.28,0,0,0,0,0,0
CONDIS.BSE_IDX,01/07/2025,12:27:17,9621.09,0,0,0,0,0,0
CONDIS.BSE_IDX,01/07/2025,12:27:25,9620,0,0,0,0,0,0
CONDIS.BSE_IDX,01/07/2025,12:27:33,9619.7,0,0,0,0,0,0
CONDIS.BSE_IDX,01/07/2025,12:27:41,9619.78,0,0,0,0,0,0
CONDIS.BSE_IDX,01/07/2025,12:27:49,9619.75,0,0,0,0,0,0
CONDIS.BSE_IDX,01/07/2025,12:27:57,9619.96,0,0,0,0,0,0
CONDIS.BSE_IDX,01/07/2025,12:28:05,9619.47,0,0,0,0,0,0
CONDIS.BSE_IDX,01/07/2025,12:28:13,9620.34,0,0,0,0,0,0
CONDIS.BSE_IDX,01/07/2025,12:28:21,9619.76,0,0,0,0,0,0
CONDIS.BSE_IDX,01/07/2025,12:28:29,9619.54,0,0,0,0,0,0
CONDIS.BSE_IDX,01/07/2025,12:28:37,9619.23,0,0,0,0,0,0
CONDIS.BSE_IDX,01/07/2025,12:28:45,9619.19,0,0,0,0,0,0
CONDIS.BSE_IDX,01/07/2025,12:28:53,9619.15,0,0,0,0,0,0
CONDIS.BSE_IDX,01/07/2025,12:29:01,9618.67,0,0,0,0,0,0
CONDIS.BSE_IDX,01/07/2025,12:29:10,9617.8,0,0,0,0,0,0
CONDIS.BSE_IDX,01/07/2025,12:29:18,9617.75,0,0,0,0,0,0
CONDIS.BSE_IDX,01/07/2025,12:29:25,9618.12,0,0,0,0,0,0
CONDIS.BSE_IDX,01/07/2025,12:29:33,9617.98,0,0,0,0,0,0
CONDIS.BSE_IDX,01/07/2025,12:29:41,9617.99,0,0,0,0,0,0
CONDIS.BSE_IDX,01/07/2025,12:29:49,9617.59,0,0,0,0,0,0
CONDIS.BSE_IDX,01/07/2025,12:29:57,9617.56,0,0,0,0,0,0
CONDIS.BSE_IDX,01/07/2025,12:30:05,9618.23,0,0,0,0,0,0
CONDIS.BSE_IDX,01/07/2025,12:30:13,9617.98,0,0,0,0,0,0
CONDIS.BSE_IDX,01/07/2025,12:30:22,9617.61,0,0,0,0,0,0
CONDIS.BSE_IDX,01/07/2025,12:30:29,9618.03,0,0,0,0,0,0
CONDIS.BSE_IDX,01/07/2025,12:30:37,9617.91,0,0,0,0,0,0
CONDIS.BSE_IDX,01/07/2025,12:30:45,9617.78,0,0,0,0,0,0
CONDIS.BSE_IDX,01/07/2025,12:30:53,9618.12,0,0,0,0,0,0
CONDIS.BSE_IDX,01/07/2025,12:31:01,9618.79,0,0,0,0,0,0
CONDIS.BSE_IDX,01/07/2025,12:31:09,9617.63,0,0,0,0,0,0
CONDIS.BSE_IDX,01/07/2025,12:31:17,9615.73,0,0,0,0,0,0
CONDIS.BSE_IDX,01/07/2025,12:31:25,9615.52,0,0,0,0,0,0
CONDIS.BSE_IDX,01/07/2025,12:31:34,9615.48,0,0,0,0,0,0
CONDIS.BSE_IDX,01/07/2025,12:31:41,9614.42,0,0,0,0,0,0
CONDIS.BSE_IDX,01/07/2025,12:31:49,9613.66,0,0,0,0,0,0
CONDIS.BSE_IDX,01/07/2025,12:31:57,9613.62,0,0,0,0,0,0
CONDIS.BSE_IDX,01/07/2025,12:32:05,9613.16,0,0,0,0,0,0
CONDIS.BSE_IDX,01/07/2025,12:32:13,9613.05,0,0,0,0,0,0
CONDIS.BSE_IDX,01/07/2025,12:32:21,9612.72,0,0,0,0,0,0
CONDIS.BSE_IDX,01/07/2025,12:32:29,9613.02,0,0,0,0,0,0
CONDIS.BSE_IDX,01/07/2025,12:32:37,9612.54,0,0,0,0,0,0
CONDIS.BSE_IDX,01/07/2025,12:32:45,9611.82,0,0,0,0,0,0
CONDIS.BSE_IDX,01/07/2025,12:32:53,9611.66,0,0,0,0,0,0
CONDIS.BSE_IDX,01/07/2025,12:33:01,9611.33,0,0,0,0,0,0
CONDIS.BSE_IDX,01/07/2025,12:33:09,9611.16,0,0,0,0,0,0
CONDIS.BSE_IDX,01/07/2025,12:33:17,9611.56,0,0,0,0,0,0
CONDIS.BSE_IDX,01/07/2025,12:33:26,9611.56,0,0,0,0,0,0
CONDIS.BSE_IDX,01/07/2025,12:33:33,9611.41,0,0,0,0,0,0
CONDIS.BSE_IDX,01/07/2025,12:33:41,9610.84,0,0,0,0,0,0
CONDIS.BSE_IDX,01/07/2025,12:33:49,9610.99,0,0,0,0,0,0
CONDIS.BSE_IDX,01/07/2025,12:33:57,9611.05,0,0,0,0,0,0
CONDIS.BSE_IDX,01/07/2025,12:34:05,9611.32,0,0,0,0,0,0
CONDIS.BSE_IDX,01/07/2025,12:34:13,9611.7,0,0,0,0,0,0
CONDIS.BSE_IDX,01/07/2025,12:34:21,9611.31,0,0,0,0,0,0
CONDIS.BSE_IDX,01/07/2025,12:34:29,9611.66,0,0,0,0,0,0
CONDIS.BSE_IDX,01/07/2025,12:34:37,9611.51,0,0,0,0,0,0
CONDIS.BSE_IDX,01/07/2025,12:34:45,9611.9,0,0,0,0,0,0
CONDIS.BSE_IDX,01/07/2025,12:34:53,9611.44,0,0,0,0,0,0
CONDIS.BSE_IDX,01/07/2025,12:35:01,9612.15,0,0,0,0,0,0
CONDIS.BSE_IDX,01/07/2025,12:35:09,9612.09,0,0,0,0,0,0
CONDIS.BSE_IDX,01/07/2025,12:35:17,9612.38,0,0,0,0,0,0
CONDIS.BSE_IDX,01/07/2025,12:35:25,9612.19,0,0,0,0,0,0
CONDIS.BSE_IDX,01/07/2025,12:35:33,9612.49,0,0,0,0,0,0
CONDIS.BSE_IDX,01/07/2025,12:35:41,9612.41,0,0,0,0,0,0
CONDIS.BSE_IDX,01/07/2025,12:35:49,9612.85,0,0,0,0,0,0
CONDIS.BSE_IDX,01/07/2025,12:35:57,9612.62,0,0,0,0,0,0
CONDIS.BSE_IDX,01/07/2025,12:36:05,9612.64,0,0,0,0,0,0
CONDIS.BSE_IDX,01/07/2025,12:36:13,9612.88,0,0,0,0,0,0
CONDIS.BSE_IDX,01/07/2025,12:36:21,9612.62,0,0,0,0,0,0
CONDIS.BSE_IDX,01/07/2025,12:36:29,9612.98,0,0,0,0,0,0
CONDIS.BSE_IDX,01/07/2025,12:36:37,9613.55,0,0,0,0,0,0
CONDIS.BSE_IDX,01/07/2025,12:36:45,9613.79,0,0,0,0,0,0
CONDIS.BSE_IDX,01/07/2025,12:36:53,9613.23,0,0,0,0,0,0
CONDIS.BSE_IDX,01/07/2025,12:37:01,9613.27,0,0,0,0,0,0
CONDIS.BSE_IDX,01/07/2025,12:37:09,9613.52,0,0,0,0,0,0
CONDIS.BSE_IDX,01/07/2025,12:37:17,9613.92,0,0,0,0,0,0
CONDIS.BSE_IDX,01/07/2025,12:37:25,9614,0,0,0,0,0,0
CONDIS.BSE_IDX,01/07/2025,12:37:33,9613.82,0,0,0,0,0,0
CONDIS.BSE_IDX,01/07/2025,12:37:41,9613.95,0,0,0,0,0,0
CONDIS.BSE_IDX,01/07/2025,12:37:49,9613.54,0,0,0,0,0,0
CONDIS.BSE_IDX,01/07/2025,12:37:57,9613.45,0,0,0,0,0,0
CONDIS.BSE_IDX,01/07/2025,12:38:05,9613.45,0,0,0,0,0,0
CONDIS.BSE_IDX,01/07/2025,12:38:13,9612.74,0,0,0,0,0,0
CONDIS.BSE_IDX,01/07/2025,12:38:22,9612.69,0,0,0,0,0,0
CONDIS.BSE_IDX,01/07/2025,12:38:29,9612.87,0,0,0,0,0,0
CONDIS.BSE_IDX,01/07/2025,12:38:39,9612.57,0,0,0,0,0,0
CONDIS.BSE_IDX,01/07/2025,12:38:45,9613.48,0,0,0,0,0,0
CONDIS.BSE_IDX,01/07/2025,12:38:53,9614.3,0,0,0,0,0,0
CONDIS.BSE_IDX,01/07/2025,12:39:01,9614.56,0,0,0,0,0,0
CONDIS.BSE_IDX,01/07/2025,12:39:10,9614.7,0,0,0,0,0,0
CONDIS.BSE_IDX,01/07/2025,12:39:17,9615.38,0,0,0,0,0,0
CONDIS.BSE_IDX,01/07/2025,12:39:25,9615.46,0,0,0,0,0,0
CONDIS.BSE_IDX,01/07/2025,12:39:34,9615.72,0,0,0,0,0,0
CONDIS.BSE_IDX,01/07/2025,12:39:42,9615.86,0,0,0,0,0,0
CONDIS.BSE_IDX,01/07/2025,12:39:49,9616.12,0,0,0,0,0,0
CONDIS.BSE_IDX,01/07/2025,12:39:57,9616.11,0,0,0,0,0,0
CONDIS.BSE_IDX,01/07/2025,12:40:05,9616.04,0,0,0,0,0,0
CONDIS.BSE_IDX,01/07/2025,12:40:21,9615.93,0,0,0,0,0,0
CONDIS.BSE_IDX,01/07/2025,12:40:29,9615.88,0,0,0,0,0,0
CONDIS.BSE_IDX,01/07/2025,12:40:37,9615.5,0,0,0,0,0,0
CONDIS.BSE_IDX,01/07/2025,12:40:45,9615.9,0,0,0,0,0,0
CONDIS.BSE_IDX,01/07/2025,12:40:54,9615.91,0,0,0,0,0,0
CONDIS.BSE_IDX,01/07/2025,12:41:01,9616.53,0,0,0,0,0,0
CONDIS.BSE_IDX,01/07/2025,12:41:09,9615.74,0,0,0,0,0,0
CONDIS.BSE_IDX,01/07/2025,12:41:17,9615.89,0,0,0,0,0,0
CONDIS.BSE_IDX,01/07/2025,12:41:25,9616.19,0,0,0,0,0,0
CONDIS.BSE_IDX,01/07/2025,12:41:33,9617.58,0,0,0,0,0,0
CONDIS.BSE_IDX,01/07/2025,12:41:41,9618.46,0,0,0,0,0,0
CONDIS.BSE_IDX,01/07/2025,12:41:49,9618.28,0,0,0,0,0,0
CONDIS.BSE_IDX,01/07/2025,12:41:57,9618.89,0,0,0,0,0,0
CONDIS.BSE_IDX,01/07/2025,12:42:05,9619.43,0,0,0,0,0,0
CONDIS.BSE_IDX,01/07/2025,12:42:13,9619.46,0,0,0,0,0,0
CONDIS.BSE_IDX,01/07/2025,12:42:21,9618.81,0,0,0,0,0,0
CONDIS.BSE_IDX,01/07/2025,12:42:29,9618.99,0,0,0,0,0,0
CONDIS.BSE_IDX,01/07/2025,12:42:37,9618.79,0,0,0,0,0,0
CONDIS.BSE_IDX,01/07/2025,12:42:45,9619.48,0,0,0,0,0,0
CONDIS.BSE_IDX,01/07/2025,12:42:53,9619.7,0,0,0,0,0,0
CONDIS.BSE_IDX,01/07/2025,12:43:01,9619.64,0,0,0,0,0,0
CONDIS.BSE_IDX,01/07/2025,12:43:10,9619.36,0,0,0,0,0,0
CONDIS.BSE_IDX,01/07/2025,12:43:17,9619.39,0,0,0,0,0,0
CONDIS.BSE_IDX,01/07/2025,12:43:26,9619.59,0,0,0,0,0,0
CONDIS.BSE_IDX,01/07/2025,12:43:33,9620,0,0,0,0,0,0
CONDIS.BSE_IDX,01/07/2025,12:43:41,9620.33,0,0,0,0,0,0
CONDIS.BSE_IDX,01/07/2025,12:43:49,9620.11,0,0,0,0,0,0
CONDIS.BSE_IDX,01/07/2025,12:43:58,9619.87,0,0,0,0,0,0
CONDIS.BSE_IDX,01/07/2025,12:44:05,9619.81,0,0,0,0,0,0
CONDIS.BSE_IDX,01/07/2025,12:44:14,9619.75,0,0,0,0,0,0
CONDIS.BSE_IDX,01/07/2025,12:44:21,9619.69,0,0,0,0,0,0
CONDIS.BSE_IDX,01/07/2025,12:44:29,9619.33,0,0,0,0,0,0
CONDIS.BSE_IDX,01/07/2025,12:44:38,9619.55,0,0,0,0,0,0
CONDIS.BSE_IDX,01/07/2025,12:44:45,9619.53,0,0,0,0,0,0
CONDIS.BSE_IDX,01/07/2025,12:44:53,9618.4,0,0,0,0,0,0
CONDIS.BSE_IDX,01/07/2025,12:45:01,9618.58,0,0,0,0,0,0
CONDIS.BSE_IDX,01/07/2025,12:45:11,9618.43,0,0,0,0,0,0
CONDIS.BSE_IDX,01/07/2025,12:45:17,9617.74,0,0,0,0,0,0
CONDIS.BSE_IDX,01/07/2025,12:45:25,9618.08,0,0,0,0,0,0
CONDIS.BSE_IDX,01/07/2025,12:45:34,9618.14,0,0,0,0,0,0
CONDIS.BSE_IDX,01/07/2025,12:45:42,9618.34,0,0,0,0,0,0
CONDIS.BSE_IDX,01/07/2025,12:45:50,9618.27,0,0,0,0,0,0
CONDIS.BSE_IDX,01/07/2025,12:45:58,9617.85,0,0,0,0,0,0
CONDIS.BSE_IDX,01/07/2025,12:46:06,9617.69,0,0,0,0,0,0
CONDIS.BSE_IDX,01/07/2025,12:46:14,9617.58,0,0,0,0,0,0
CONDIS.BSE_IDX,01/07/2025,12:46:22,9617.01,0,0,0,0,0,0
CONDIS.BSE_IDX,01/07/2025,12:46:30,9616.62,0,0,0,0,0,0
CONDIS.BSE_IDX,01/07/2025,12:46:38,9616.39,0,0,0,0,0,0
CONDIS.BSE_IDX,01/07/2025,12:46:46,9616.28,0,0,0,0,0,0
CONDIS.BSE_IDX,01/07/2025,12:46:54,9616.05,0,0,0,0,0,0
CONDIS.BSE_IDX,01/07/2025,12:47:02,9616.52,0,0,0,0,0,0
CONDIS.BSE_IDX,01/07/2025,12:47:10,9615.57,0,0,0,0,0,0
CONDIS.BSE_IDX,01/07/2025,12:47:18,9615.54,0,0,0,0,0,0
CONDIS.BSE_IDX,01/07/2025,12:47:26,9615.54,0,0,0,0,0,0
CONDIS.BSE_IDX,01/07/2025,12:47:34,9615.43,0,0,0,0,0,0
CONDIS.BSE_IDX,01/07/2025,12:47:42,9615.4,0,0,0,0,0,0
CONDIS.BSE_IDX,01/07/2025,12:47:50,9615.46,0,0,0,0,0,0
CONDIS.BSE_IDX,01/07/2025,12:47:58,9615.32,0,0,0,0,0,0
CONDIS.BSE_IDX,01/07/2025,12:48:06,9615.17,0,0,0,0,0,0
CONDIS.BSE_IDX,01/07/2025,12:48:14,9615.29,0,0,0,0,0,0
CONDIS.BSE_IDX,01/07/2025,12:48:22,9614.91,0,0,0,0,0,0
CONDIS.BSE_IDX,01/07/2025,12:48:30,9615.21,0,0,0,0,0,0
CONDIS.BSE_IDX,01/07/2025,12:48:38,9615.31,0,0,0,0,0,0
CONDIS.BSE_IDX,01/07/2025,12:48:46,9615.82,0,0,0,0,0,0
CONDIS.BSE_IDX,01/07/2025,12:48:54,9615.43,0,0,0,0,0,0
CONDIS.BSE_IDX,01/07/2025,12:49:02,9615.46,0,0,0,0,0,0
CONDIS.BSE_IDX,01/07/2025,12:49:10,9615.07,0,0,0,0,0,0
CONDIS.BSE_IDX,01/07/2025,12:49:18,9615.2,0,0,0,0,0,0
CONDIS.BSE_IDX,01/07/2025,12:49:26,9615.31,0,0,0,0,0,0
CONDIS.BSE_IDX,01/07/2025,12:49:34,9615.59,0,0,0,0,0,0
CONDIS.BSE_IDX,01/07/2025,12:49:42,9615.61,0,0,0,0,0,0
CONDIS.BSE_IDX,01/07/2025,12:49:50,9615.32,0,0,0,0,0,0
CONDIS.BSE_IDX,01/07/2025,12:49:58,9615.39,0,0,0,0,0,0
CONDIS.BSE_IDX,01/07/2025,12:50:06,9615.81,0,0,0,0,0,0
CONDIS.BSE_IDX,01/07/2025,12:50:14,9615.82,0,0,0,0,0,0
CONDIS.BSE_IDX,01/07/2025,12:50:22,9615.84,0,0,0,0,0,0
CONDIS.BSE_IDX,01/07/2025,12:50:30,9616.13,0,0,0,0,0,0
CONDIS.BSE_IDX,01/07/2025,12:50:38,9616.86,0,0,0,0,0,0
CONDIS.BSE_IDX,01/07/2025,12:50:47,9616.88,0,0,0,0,0,0
CONDIS.BSE_IDX,01/07/2025,12:50:54,9616.86,0,0,0,0,0,0
CONDIS.BSE_IDX,01/07/2025,12:51:02,9616.61,0,0,0,0,0,0
CONDIS.BSE_IDX,01/07/2025,12:51:10,9616.72,0,0,0,0,0,0
CONDIS.BSE_IDX,01/07/2025,12:51:19,9616.66,0,0,0,0,0,0
CONDIS.BSE_IDX,01/07/2025,12:51:26,9615.76,0,0,0,0,0,0
CONDIS.BSE_IDX,01/07/2025,12:51:34,9615.42,0,0,0,0,0,0
CONDIS.BSE_IDX,01/07/2025,12:51:42,9615.24,0,0,0,0,0,0
CONDIS.BSE_IDX,01/07/2025,12:51:50,9615.2,0,0,0,0,0,0
CONDIS.BSE_IDX,01/07/2025,12:51:58,9615.16,0,0,0,0,0,0
CONDIS.BSE_IDX,01/07/2025,12:52:06,9615.07,0,0,0,0,0,0
CONDIS.BSE_IDX,01/07/2025,12:52:14,9614.84,0,0,0,0,0,0
CONDIS.BSE_IDX,01/07/2025,12:52:22,9614.98,0,0,0,0,0,0
CONDIS.BSE_IDX,01/07/2025,12:52:30,9614.64,0,0,0,0,0,0
CONDIS.BSE_IDX,01/07/2025,12:52:38,9614.83,0,0,0,0,0,0
CONDIS.BSE_IDX,01/07/2025,12:52:46,9614.59,0,0,0,0,0,0
CONDIS.BSE_IDX,01/07/2025,12:52:54,9614.73,0,0,0,0,0,0
CONDIS.BSE_IDX,01/07/2025,12:53:02,9614.78,0,0,0,0,0,0
CONDIS.BSE_IDX,01/07/2025,12:53:10,9614.63,0,0,0,0,0,0
CONDIS.BSE_IDX,01/07/2025,12:53:18,9615.22,0,0,0,0,0,0
CONDIS.BSE_IDX,01/07/2025,12:53:26,9614.46,0,0,0,0,0,0
CONDIS.BSE_IDX,01/07/2025,12:53:34,9614.13,0,0,0,0,0,0
CONDIS.BSE_IDX,01/07/2025,12:53:42,9613.47,0,0,0,0,0,0
CONDIS.BSE_IDX,01/07/2025,12:53:50,9613.91,0,0,0,0,0,0
CONDIS.BSE_IDX,01/07/2025,12:53:58,9614.2,0,0,0,0,0,0
CONDIS.BSE_IDX,01/07/2025,12:54:06,9614.09,0,0,0,0,0,0
CONDIS.BSE_IDX,01/07/2025,12:54:14,9614.31,0,0,0,0,0,0
CONDIS.BSE_IDX,01/07/2025,12:54:22,9614.07,0,0,0,0,0,0
CONDIS.BSE_IDX,01/07/2025,12:54:30,9613.91,0,0,0,0,0,0
CONDIS.BSE_IDX,01/07/2025,12:54:38,9613.32,0,0,0,0,0,0
CONDIS.BSE_IDX,01/07/2025,12:54:46,9612.78,0,0,0,0,0,0
CONDIS.BSE_IDX,01/07/2025,12:54:54,9612.76,0,0,0,0,0,0
CONDIS.BSE_IDX,01/07/2025,12:55:02,9612.69,0,0,0,0,0,0
CONDIS.BSE_IDX,01/07/2025,12:55:10,9612.01,0,0,0,0,0,0
CONDIS.BSE_IDX,01/07/2025,12:55:18,9612.11,0,0,0,0,0,0
CONDIS.BSE_IDX,01/07/2025,12:55:26,9612.08,0,0,0,0,0,0
CONDIS.BSE_IDX,01/07/2025,12:55:34,9612.44,0,0,0,0,0,0
CONDIS.BSE_IDX,01/07/2025,12:55:42,9612.45,0,0,0,0,0,0
CONDIS.BSE_IDX,01/07/2025,12:55:50,9612.14,0,0,0,0,0,0
CONDIS.BSE_IDX,01/07/2025,12:55:58,9611.88,0,0,0,0,0,0
CONDIS.BSE_IDX,01/07/2025,12:56:06,9612.26,0,0,0,0,0,0
CONDIS.BSE_IDX,01/07/2025,12:56:15,9612.94,0,0,0,0,0,0
CONDIS.BSE_IDX,01/07/2025,12:56:22,9612.93,0,0,0,0,0,0
CONDIS.BSE_IDX,01/07/2025,12:56:30,9612.57,0,0,0,0,0,0
CONDIS.BSE_IDX,01/07/2025,12:56:38,9611,0,0,0,0,0,0
CONDIS.BSE_IDX,01/07/2025,12:56:46,9610.71,0,0,0,0,0,0
CONDIS.BSE_IDX,01/07/2025,12:56:54,9610.5,0,0,0,0,0,0
CONDIS.BSE_IDX,01/07/2025,12:57:02,9609.57,0,0,0,0,0,0
CONDIS.BSE_IDX,01/07/2025,12:57:10,9609.66,0,0,0,0,0,0
CONDIS.BSE_IDX,01/07/2025,12:57:18,9609.57,0,0,0,0,0,0
CONDIS.BSE_IDX,01/07/2025,12:57:26,9609.34,0,0,0,0,0,0
CONDIS.BSE_IDX,01/07/2025,12:57:34,9609.14,0,0,0,0,0,0
CONDIS.BSE_IDX,01/07/2025,12:57:42,9609.25,0,0,0,0,0,0
CONDIS.BSE_IDX,01/07/2025,12:57:51,9609.18,0,0,0,0,0,0
CONDIS.BSE_IDX,01/07/2025,12:57:58,9609.37,0,0,0,0,0,0
CONDIS.BSE_IDX,01/07/2025,12:58:06,9609.45,0,0,0,0,0,0
CONDIS.BSE_IDX,01/07/2025,12:58:14,9608.95,0,0,0,0,0,0
CONDIS.BSE_IDX,01/07/2025,12:58:22,9608.62,0,0,0,0,0,0
CONDIS.BSE_IDX,01/07/2025,12:58:30,9608.56,0,0,0,0,0,0
CONDIS.BSE_IDX,01/07/2025,12:58:38,9608.48,0,0,0,0,0,0
