Ticker,Date,Time,LTP,BuyPrice,BuyQty,SellPrice,SellQty,LTQ,OpenInterest
CPSE.BSE_IDX,01/07/2025,09:00:07,3953.79,0,0,0,0,0,0
CPSE.BSE_IDX,01/07/2025,09:00:15,3955.59,0,0,0,0,0,0
CPSE.BSE_IDX,01/07/2025,09:00:23,3948.71,0,0,0,0,0,0
CPSE.BSE_IDX,01/07/2025,09:00:31,3948.79,0,0,0,0,0,0
CPSE.BSE_IDX,01/07/2025,09:00:39,3949.51,0,0,0,0,0,0
CPSE.BSE_IDX,01/07/2025,09:00:47,3948.14,0,0,0,0,0,0
CPSE.BSE_IDX,01/07/2025,09:00:55,3953.67,0,0,0,0,0,0
CPSE.BSE_IDX,01/07/2025,09:01:03,3954.12,0,0,0,0,0,0
CPSE.BSE_IDX,01/07/2025,09:01:11,3953.85,0,0,0,0,0,0
CPSE.BSE_IDX,01/07/2025,09:01:19,3952.8,0,0,0,0,0,0
CPSE.BSE_IDX,01/07/2025,09:01:27,3956.2,0,0,0,0,0,0
CPSE.BSE_IDX,01/07/2025,09:01:35,3955.95,0,0,0,0,0,0
CPSE.BSE_IDX,01/07/2025,09:01:43,3957.93,0,0,0,0,0,0
CPSE.BSE_IDX,01/07/2025,09:01:51,3957.93,0,0,0,0,0,0
CPSE.BSE_IDX,01/07/2025,09:01:59,3957.62,0,0,0,0,0,0
CPSE.BSE_IDX,01/07/2025,09:02:07,3957.92,0,0,0,0,0,0
CPSE.BSE_IDX,01/07/2025,09:02:15,3958.95,0,0,0,0,0,0
CPSE.BSE_IDX,01/07/2025,09:02:23,3958.73,0,0,0,0,0,0
CPSE.BSE_IDX,01/07/2025,09:02:31,3959.02,0,0,0,0,0,0
CPSE.BSE_IDX,01/07/2025,09:02:39,3959.66,0,0,0,0,0,0
CPSE.BSE_IDX,01/07/2025,09:02:47,3959.17,0,0,0,0,0,0
CPSE.BSE_IDX,01/07/2025,09:02:55,3959.71,0,0,0,0,0,0
CPSE.BSE_IDX,01/07/2025,09:03:03,3961.13,0,0,0,0,0,0
CPSE.BSE_IDX,01/07/2025,09:03:11,3959.64,0,0,0,0,0,0
CPSE.BSE_IDX,01/07/2025,09:03:19,3961.86,0,0,0,0,0,0
CPSE.BSE_IDX,01/07/2025,09:03:27,3958.63,0,0,0,0,0,0
CPSE.BSE_IDX,01/07/2025,09:03:35,3958.98,0,0,0,0,0,0
CPSE.BSE_IDX,01/07/2025,09:03:43,3957.99,0,0,0,0,0,0
CPSE.BSE_IDX,01/07/2025,09:03:51,3958.46,0,0,0,0,0,0
CPSE.BSE_IDX,01/07/2025,09:03:59,3961.99,0,0,0,0,0,0
CPSE.BSE_IDX,01/07/2025,09:04:07,3960.86,0,0,0,0,0,0
CPSE.BSE_IDX,01/07/2025,09:04:15,3960.58,0,0,0,0,0,0
CPSE.BSE_IDX,01/07/2025,09:04:23,3963.38,0,0,0,0,0,0
CPSE.BSE_IDX,01/07/2025,09:04:31,3963.5,0,0,0,0,0,0
CPSE.BSE_IDX,01/07/2025,09:04:39,3964.74,0,0,0,0,0,0
CPSE.BSE_IDX,01/07/2025,09:04:47,3964.65,0,0,0,0,0,0
CPSE.BSE_IDX,01/07/2025,09:04:55,3964.46,0,0,0,0,0,0
CPSE.BSE_IDX,01/07/2025,09:05:03,3964.46,0,0,0,0,0,0
CPSE.BSE_IDX,01/07/2025,09:05:11,3964.35,0,0,0,0,0,0
CPSE.BSE_IDX,01/07/2025,09:05:19,3964.14,0,0,0,0,0,0
CPSE.BSE_IDX,01/07/2025,09:05:27,3963.27,0,0,0,0,0,0
CPSE.BSE_IDX,01/07/2025,09:05:35,3963.85,0,0,0,0,0,0
CPSE.BSE_IDX,01/07/2025,09:05:43,3963.6,0,0,0,0,0,0
CPSE.BSE_IDX,01/07/2025,09:05:51,3963.55,0,0,0,0,0,0
CPSE.BSE_IDX,01/07/2025,09:05:59,3963.29,0,0,0,0,0,0
CPSE.BSE_IDX,01/07/2025,09:06:07,3963.37,0,0,0,0,0,0
CPSE.BSE_IDX,01/07/2025,09:06:15,3963.81,0,0,0,0,0,0
CPSE.BSE_IDX,01/07/2025,09:06:23,3964.23,0,0,0,0,0,0
CPSE.BSE_IDX,01/07/2025,09:06:31,3966.76,0,0,0,0,0,0
CPSE.BSE_IDX,01/07/2025,09:06:39,3969.21,0,0,0,0,0,0
CPSE.BSE_IDX,01/07/2025,09:06:47,3968.58,0,0,0,0,0,0
CPSE.BSE_IDX,01/07/2025,09:06:55,3967.58,0,0,0,0,0,0
CPSE.BSE_IDX,01/07/2025,09:07:04,3969.81,0,0,0,0,0,0
CPSE.BSE_IDX,01/07/2025,09:07:11,3969.81,0,0,0,0,0,0
CPSE.BSE_IDX,01/07/2025,09:07:19,3969.81,0,0,0,0,0,0
CPSE.BSE_IDX,01/07/2025,09:07:27,3969.81,0,0,0,0,0,0
CPSE.BSE_IDX,01/07/2025,09:07:35,3969.81,0,0,0,0,0,0
CPSE.BSE_IDX,01/07/2025,09:07:43,3969.81,0,0,0,0,0,0
CPSE.BSE_IDX,01/07/2025,09:07:51,3969.81,0,0,0,0,0,0
CPSE.BSE_IDX,01/07/2025,09:07:59,3969.81,0,0,0,0,0,0
CPSE.BSE_IDX,01/07/2025,09:08:07,3969.81,0,0,0,0,0,0
CPSE.BSE_IDX,01/07/2025,09:08:15,3969.81,0,0,0,0,0,0
CPSE.BSE_IDX,01/07/2025,09:08:23,3969.81,0,0,0,0,0,0
CPSE.BSE_IDX,01/07/2025,09:08:31,3969.81,0,0,0,0,0,0
CPSE.BSE_IDX,01/07/2025,09:08:39,3969.81,0,0,0,0,0,0
CPSE.BSE_IDX,01/07/2025,09:08:47,3969.81,0,0,0,0,0,0
CPSE.BSE_IDX,01/07/2025,09:08:55,3969.81,0,0,0,0,0,0
CPSE.BSE_IDX,01/07/2025,09:09:03,3969.74,0,0,0,0,0,0
CPSE.BSE_IDX,01/07/2025,09:09:11,3969.74,0,0,0,0,0,0
CPSE.BSE_IDX,01/07/2025,09:09:19,3969.74,0,0,0,0,0,0
CPSE.BSE_IDX,01/07/2025,09:09:27,3969.74,0,0,0,0,0,0
CPSE.BSE_IDX,01/07/2025,09:09:35,3969.74,0,0,0,0,0,0
CPSE.BSE_IDX,01/07/2025,09:09:43,3969.74,0,0,0,0,0,0
CPSE.BSE_IDX,01/07/2025,09:09:51,3969.74,0,0,0,0,0,0
CPSE.BSE_IDX,01/07/2025,09:09:59,3969.74,0,0,0,0,0,0
CPSE.BSE_IDX,01/07/2025,09:10:07,3969.74,0,0,0,0,0,0
CPSE.BSE_IDX,01/07/2025,09:10:15,3969.74,0,0,0,0,0,0
CPSE.BSE_IDX,01/07/2025,09:10:23,3969.74,0,0,0,0,0,0
CPSE.BSE_IDX,01/07/2025,09:10:31,3969.74,0,0,0,0,0,0
CPSE.BSE_IDX,01/07/2025,09:10:39,3969.74,0,0,0,0,0,0
CPSE.BSE_IDX,01/07/2025,09:10:47,3969.74,0,0,0,0,0,0
CPSE.BSE_IDX,01/07/2025,09:10:55,3969.74,0,0,0,0,0,0
CPSE.BSE_IDX,01/07/2025,09:11:03,3969.74,0,0,0,0,0,0
CPSE.BSE_IDX,01/07/2025,09:11:11,3969.74,0,0,0,0,0,0
CPSE.BSE_IDX,01/07/2025,09:11:19,3969.74,0,0,0,0,0,0
CPSE.BSE_IDX,01/07/2025,09:11:27,3969.74,0,0,0,0,0,0
CPSE.BSE_IDX,01/07/2025,09:11:35,3969.74,0,0,0,0,0,0
CPSE.BSE_IDX,01/07/2025,09:11:43,3969.74,0,0,0,0,0,0
CPSE.BSE_IDX,01/07/2025,09:11:51,3969.74,0,0,0,0,0,0
CPSE.BSE_IDX,01/07/2025,09:11:59,3969.74,0,0,0,0,0,0
CPSE.BSE_IDX,01/07/2025,09:12:07,3969.74,0,0,0,0,0,0
CPSE.BSE_IDX,01/07/2025,09:12:16,3969.74,0,0,0,0,0,0
CPSE.BSE_IDX,01/07/2025,09:12:23,3969.74,0,0,0,0,0,0
CPSE.BSE_IDX,01/07/2025,09:12:31,3969.74,0,0,0,0,0,0
CPSE.BSE_IDX,01/07/2025,09:12:39,3969.74,0,0,0,0,0,0
CPSE.BSE_IDX,01/07/2025,09:12:47,3969.74,0,0,0,0,0,0
CPSE.BSE_IDX,01/07/2025,09:12:55,3969.74,0,0,0,0,0,0
CPSE.BSE_IDX,01/07/2025,09:13:03,3969.74,0,0,0,0,0,0
CPSE.BSE_IDX,01/07/2025,09:13:11,3969.74,0,0,0,0,0,0
CPSE.BSE_IDX,01/07/2025,09:13:19,3969.74,0,0,0,0,0,0
CPSE.BSE_IDX,01/07/2025,09:13:27,3969.74,0,0,0,0,0,0
CPSE.BSE_IDX,01/07/2025,09:13:35,3969.74,0,0,0,0,0,0
CPSE.BSE_IDX,01/07/2025,09:13:43,3969.74,0,0,0,0,0,0
CPSE.BSE_IDX,01/07/2025,09:13:51,3969.74,0,0,0,0,0,0
CPSE.BSE_IDX,01/07/2025,09:13:59,3969.74,0,0,0,0,0,0
CPSE.BSE_IDX,01/07/2025,09:14:07,3969.74,0,0,0,0,0,0
CPSE.BSE_IDX,01/07/2025,09:14:15,3969.74,0,0,0,0,0,0
CPSE.BSE_IDX,01/07/2025,09:14:23,3969.74,0,0,0,0,0,0
CPSE.BSE_IDX,01/07/2025,09:14:31,3969.74,0,0,0,0,0,0
CPSE.BSE_IDX,01/07/2025,09:14:39,3969.74,0,0,0,0,0,0
CPSE.BSE_IDX,01/07/2025,09:14:47,3969.74,0,0,0,0,0,0
CPSE.BSE_IDX,01/07/2025,09:14:55,3969.74,0,0,0,0,0,0
CPSE.BSE_IDX,01/07/2025,09:15:04,3967.58,0,0,0,0,0,0
CPSE.BSE_IDX,01/07/2025,09:15:11,3966.23,0,0,0,0,0,0
CPSE.BSE_IDX,01/07/2025,09:15:19,3964.46,0,0,0,0,0,0
CPSE.BSE_IDX,01/07/2025,09:15:27,3960.15,0,0,0,0,0,0
CPSE.BSE_IDX,01/07/2025,09:15:35,3960.1,0,0,0,0,0,0
CPSE.BSE_IDX,01/07/2025,09:15:43,3960.16,0,0,0,0,0,0
CPSE.BSE_IDX,01/07/2025,09:15:51,3961.04,0,0,0,0,0,0
CPSE.BSE_IDX,01/07/2025,09:15:59,3961.94,0,0,0,0,0,0
CPSE.BSE_IDX,01/07/2025,09:16:07,3961.21,0,0,0,0,0,0
CPSE.BSE_IDX,01/07/2025,09:16:15,3963.04,0,0,0,0,0,0
CPSE.BSE_IDX,01/07/2025,09:16:24,3963.38,0,0,0,0,0,0
CPSE.BSE_IDX,01/07/2025,09:16:31,3963.53,0,0,0,0,0,0
CPSE.BSE_IDX,01/07/2025,09:16:39,3964.03,0,0,0,0,0,0
CPSE.BSE_IDX,01/07/2025,09:16:48,3963.66,0,0,0,0,0,0
CPSE.BSE_IDX,01/07/2025,09:16:55,3964.18,0,0,0,0,0,0
CPSE.BSE_IDX,01/07/2025,09:17:03,3964.21,0,0,0,0,0,0
CPSE.BSE_IDX,01/07/2025,09:17:12,3965.79,0,0,0,0,0,0
CPSE.BSE_IDX,01/07/2025,09:17:19,3965.28,0,0,0,0,0,0
CPSE.BSE_IDX,01/07/2025,09:17:27,3966.03,0,0,0,0,0,0
CPSE.BSE_IDX,01/07/2025,09:17:35,3966.5,0,0,0,0,0,0
CPSE.BSE_IDX,01/07/2025,09:17:44,3966.01,0,0,0,0,0,0
CPSE.BSE_IDX,01/07/2025,09:17:51,3966.61,0,0,0,0,0,0
CPSE.BSE_IDX,01/07/2025,09:17:59,3966.06,0,0,0,0,0,0
CPSE.BSE_IDX,01/07/2025,09:18:07,3966.31,0,0,0,0,0,0
CPSE.BSE_IDX,01/07/2025,09:18:15,3966.26,0,0,0,0,0,0
CPSE.BSE_IDX,01/07/2025,09:18:23,3967.18,0,0,0,0,0,0
CPSE.BSE_IDX,01/07/2025,09:18:31,3967.42,0,0,0,0,0,0
CPSE.BSE_IDX,01/07/2025,09:18:39,3968.46,0,0,0,0,0,0
CPSE.BSE_IDX,01/07/2025,09:18:47,3969.23,0,0,0,0,0,0
CPSE.BSE_IDX,01/07/2025,09:18:56,3969.03,0,0,0,0,0,0
CPSE.BSE_IDX,01/07/2025,09:19:03,3969.08,0,0,0,0,0,0
CPSE.BSE_IDX,01/07/2025,09:19:11,3967.8,0,0,0,0,0,0
CPSE.BSE_IDX,01/07/2025,09:19:19,3969.59,0,0,0,0,0,0
CPSE.BSE_IDX,01/07/2025,09:19:28,3968.9,0,0,0,0,0,0
CPSE.BSE_IDX,01/07/2025,09:19:35,3969.17,0,0,0,0,0,0
CPSE.BSE_IDX,01/07/2025,09:19:43,3967.87,0,0,0,0,0,0
CPSE.BSE_IDX,01/07/2025,09:19:52,3968.21,0,0,0,0,0,0
CPSE.BSE_IDX,01/07/2025,09:19:59,3967.81,0,0,0,0,0,0
CPSE.BSE_IDX,01/07/2025,09:20:07,3968.6,0,0,0,0,0,0
CPSE.BSE_IDX,01/07/2025,09:20:15,3968.34,0,0,0,0,0,0
CPSE.BSE_IDX,01/07/2025,09:20:24,3967.47,0,0,0,0,0,0
CPSE.BSE_IDX,01/07/2025,09:20:31,3966.27,0,0,0,0,0,0
CPSE.BSE_IDX,01/07/2025,09:20:39,3965.63,0,0,0,0,0,0
CPSE.BSE_IDX,01/07/2025,09:20:47,3966.02,0,0,0,0,0,0
CPSE.BSE_IDX,01/07/2025,09:20:55,3966.2,0,0,0,0,0,0
CPSE.BSE_IDX,01/07/2025,09:21:03,3965.54,0,0,0,0,0,0
CPSE.BSE_IDX,01/07/2025,09:21:11,3965.37,0,0,0,0,0,0
CPSE.BSE_IDX,01/07/2025,09:21:19,3966.5,0,0,0,0,0,0
CPSE.BSE_IDX,01/07/2025,09:21:27,3966.4,0,0,0,0,0,0
CPSE.BSE_IDX,01/07/2025,09:21:36,3966.06,0,0,0,0,0,0
CPSE.BSE_IDX,01/07/2025,09:21:43,3966.06,0,0,0,0,0,0
CPSE.BSE_IDX,01/07/2025,09:21:51,3966.4,0,0,0,0,0,0
CPSE.BSE_IDX,01/07/2025,09:21:59,3966.36,0,0,0,0,0,0
CPSE.BSE_IDX,01/07/2025,09:22:07,3966.28,0,0,0,0,0,0
CPSE.BSE_IDX,01/07/2025,09:22:15,3967.07,0,0,0,0,0,0
CPSE.BSE_IDX,01/07/2025,09:22:23,3967.46,0,0,0,0,0,0
CPSE.BSE_IDX,01/07/2025,09:22:31,3968.35,0,0,0,0,0,0
CPSE.BSE_IDX,01/07/2025,09:22:39,3969.22,0,0,0,0,0,0
CPSE.BSE_IDX,01/07/2025,09:22:47,3969.34,0,0,0,0,0,0
CPSE.BSE_IDX,01/07/2025,09:22:55,3969.56,0,0,0,0,0,0
CPSE.BSE_IDX,01/07/2025,09:23:03,3969.59,0,0,0,0,0,0
CPSE.BSE_IDX,01/07/2025,09:23:11,3969.51,0,0,0,0,0,0
CPSE.BSE_IDX,01/07/2025,09:23:19,3969.14,0,0,0,0,0,0
CPSE.BSE_IDX,01/07/2025,09:23:27,3969.65,0,0,0,0,0,0
CPSE.BSE_IDX,01/07/2025,09:23:35,3970.25,0,0,0,0,0,0
CPSE.BSE_IDX,01/07/2025,09:23:44,3968.79,0,0,0,0,0,0
CPSE.BSE_IDX,01/07/2025,09:23:51,3968.92,0,0,0,0,0,0
CPSE.BSE_IDX,01/07/2025,09:23:59,3968.24,0,0,0,0,0,0
CPSE.BSE_IDX,01/07/2025,09:24:08,3968.74,0,0,0,0,0,0
CPSE.BSE_IDX,01/07/2025,09:24:15,3969.29,0,0,0,0,0,0
CPSE.BSE_IDX,01/07/2025,09:24:23,3968.25,0,0,0,0,0,0
CPSE.BSE_IDX,01/07/2025,09:24:32,3968.04,0,0,0,0,0,0
CPSE.BSE_IDX,01/07/2025,09:24:39,3968.23,0,0,0,0,0,0
CPSE.BSE_IDX,01/07/2025,09:24:48,3968.47,0,0,0,0,0,0
CPSE.BSE_IDX,01/07/2025,09:24:57,3969.26,0,0,0,0,0,0
CPSE.BSE_IDX,01/07/2025,09:25:03,3969.32,0,0,0,0,0,0
CPSE.BSE_IDX,01/07/2025,09:25:12,3969.96,0,0,0,0,0,0
CPSE.BSE_IDX,01/07/2025,09:25:19,3971.49,0,0,0,0,0,0
CPSE.BSE_IDX,01/07/2025,09:25:29,3972.16,0,0,0,0,0,0
CPSE.BSE_IDX,01/07/2025,09:25:35,3972.36,0,0,0,0,0,0
CPSE.BSE_IDX,01/07/2025,09:25:43,3971.99,0,0,0,0,0,0
CPSE.BSE_IDX,01/07/2025,09:25:51,3970.76,0,0,0,0,0,0
CPSE.BSE_IDX,01/07/2025,09:25:59,3970.79,0,0,0,0,0,0
CPSE.BSE_IDX,01/07/2025,09:26:08,3969.81,0,0,0,0,0,0
CPSE.BSE_IDX,01/07/2025,09:26:15,3969.79,0,0,0,0,0,0
CPSE.BSE_IDX,01/07/2025,09:26:23,3969.83,0,0,0,0,0,0
CPSE.BSE_IDX,01/07/2025,09:26:31,3969.16,0,0,0,0,0,0
CPSE.BSE_IDX,01/07/2025,09:26:39,3968.76,0,0,0,0,0,0
CPSE.BSE_IDX,01/07/2025,09:26:48,3968.75,0,0,0,0,0,0
CPSE.BSE_IDX,01/07/2025,09:26:55,3969.17,0,0,0,0,0,0
CPSE.BSE_IDX,01/07/2025,09:27:04,3970.5,0,0,0,0,0,0
CPSE.BSE_IDX,01/07/2025,09:27:12,3969.45,0,0,0,0,0,0
CPSE.BSE_IDX,01/07/2025,09:27:19,3968.72,0,0,0,0,0,0
CPSE.BSE_IDX,01/07/2025,09:27:28,3968.96,0,0,0,0,0,0
CPSE.BSE_IDX,01/07/2025,09:27:36,3969.03,0,0,0,0,0,0
CPSE.BSE_IDX,01/07/2025,09:27:44,3968.27,0,0,0,0,0,0
CPSE.BSE_IDX,01/07/2025,09:27:51,3967.97,0,0,0,0,0,0
CPSE.BSE_IDX,01/07/2025,09:28:00,3967.89,0,0,0,0,0,0
CPSE.BSE_IDX,01/07/2025,09:28:08,3966.45,0,0,0,0,0,0
CPSE.BSE_IDX,01/07/2025,09:28:16,3965.18,0,0,0,0,0,0
CPSE.BSE_IDX,01/07/2025,09:28:24,3964.99,0,0,0,0,0,0
CPSE.BSE_IDX,01/07/2025,09:28:32,3964.68,0,0,0,0,0,0
CPSE.BSE_IDX,01/07/2025,09:28:40,3965.24,0,0,0,0,0,0
CPSE.BSE_IDX,01/07/2025,09:28:48,3965.37,0,0,0,0,0,0
CPSE.BSE_IDX,01/07/2025,09:28:56,3965.33,0,0,0,0,0,0
CPSE.BSE_IDX,01/07/2025,09:29:04,3964.92,0,0,0,0,0,0
CPSE.BSE_IDX,01/07/2025,09:29:12,3965.14,0,0,0,0,0,0
CPSE.BSE_IDX,01/07/2025,09:29:20,3964.31,0,0,0,0,0,0
CPSE.BSE_IDX,01/07/2025,09:29:28,3964.03,0,0,0,0,0,0
CPSE.BSE_IDX,01/07/2025,09:29:36,3964.72,0,0,0,0,0,0
CPSE.BSE_IDX,01/07/2025,09:29:44,3963.8,0,0,0,0,0,0
CPSE.BSE_IDX,01/07/2025,09:29:52,3963.98,0,0,0,0,0,0
CPSE.BSE_IDX,01/07/2025,09:30:00,3964.56,0,0,0,0,0,0
CPSE.BSE_IDX,01/07/2025,09:30:08,3965.06,0,0,0,0,0,0
CPSE.BSE_IDX,01/07/2025,09:30:16,3967.13,0,0,0,0,0,0
CPSE.BSE_IDX,01/07/2025,09:30:24,3967.16,0,0,0,0,0,0
CPSE.BSE_IDX,01/07/2025,09:30:32,3967.95,0,0,0,0,0,0
CPSE.BSE_IDX,01/07/2025,09:30:40,3968.2,0,0,0,0,0,0
CPSE.BSE_IDX,01/07/2025,09:30:48,3967.87,0,0,0,0,0,0
CPSE.BSE_IDX,01/07/2025,09:30:56,3965.86,0,0,0,0,0,0
CPSE.BSE_IDX,01/07/2025,09:31:04,3966.1,0,0,0,0,0,0
CPSE.BSE_IDX,01/07/2025,09:31:12,3965.44,0,0,0,0,0,0
CPSE.BSE_IDX,01/07/2025,09:31:20,3965.41,0,0,0,0,0,0
CPSE.BSE_IDX,01/07/2025,09:31:28,3965.21,0,0,0,0,0,0
CPSE.BSE_IDX,01/07/2025,09:31:36,3965.2,0,0,0,0,0,0
CPSE.BSE_IDX,01/07/2025,09:31:44,3965.24,0,0,0,0,0,0
CPSE.BSE_IDX,01/07/2025,09:31:52,3965.32,0,0,0,0,0,0
CPSE.BSE_IDX,01/07/2025,09:32:00,3966.38,0,0,0,0,0,0
CPSE.BSE_IDX,01/07/2025,09:32:08,3964.97,0,0,0,0,0,0
CPSE.BSE_IDX,01/07/2025,09:32:16,3965.52,0,0,0,0,0,0
CPSE.BSE_IDX,01/07/2025,09:32:24,3964.26,0,0,0,0,0,0
CPSE.BSE_IDX,01/07/2025,09:32:32,3964.67,0,0,0,0,0,0
CPSE.BSE_IDX,01/07/2025,09:32:40,3964.85,0,0,0,0,0,0
CPSE.BSE_IDX,01/07/2025,09:32:48,3965.28,0,0,0,0,0,0
CPSE.BSE_IDX,01/07/2025,09:32:56,3966.18,0,0,0,0,0,0
CPSE.BSE_IDX,01/07/2025,09:33:04,3966.44,0,0,0,0,0,0
CPSE.BSE_IDX,01/07/2025,09:33:12,3966.7,0,0,0,0,0,0
CPSE.BSE_IDX,01/07/2025,09:33:20,3966.9,0,0,0,0,0,0
CPSE.BSE_IDX,01/07/2025,09:33:28,3967.32,0,0,0,0,0,0
CPSE.BSE_IDX,01/07/2025,09:33:36,3967.27,0,0,0,0,0,0
CPSE.BSE_IDX,01/07/2025,09:33:44,3967.16,0,0,0,0,0,0
CPSE.BSE_IDX,01/07/2025,09:33:52,3967.01,0,0,0,0,0,0
CPSE.BSE_IDX,01/07/2025,09:34:00,3967.45,0,0,0,0,0,0
CPSE.BSE_IDX,01/07/2025,09:34:08,3968,0,0,0,0,0,0
CPSE.BSE_IDX,01/07/2025,09:34:16,3967.76,0,0,0,0,0,0
CPSE.BSE_IDX,01/07/2025,09:34:24,3968.24,0,0,0,0,0,0
CPSE.BSE_IDX,01/07/2025,09:34:32,3969.3,0,0,0,0,0,0
CPSE.BSE_IDX,01/07/2025,09:34:40,3969.41,0,0,0,0,0,0
CPSE.BSE_IDX,01/07/2025,09:34:48,3969.12,0,0,0,0,0,0
CPSE.BSE_IDX,01/07/2025,09:34:56,3969.05,0,0,0,0,0,0
CPSE.BSE_IDX,01/07/2025,09:35:05,3967.78,0,0,0,0,0,0
CPSE.BSE_IDX,01/07/2025,09:35:12,3967.44,0,0,0,0,0,0
CPSE.BSE_IDX,01/07/2025,09:35:20,3967.5,0,0,0,0,0,0
CPSE.BSE_IDX,01/07/2025,09:35:28,3967.06,0,0,0,0,0,0
CPSE.BSE_IDX,01/07/2025,09:35:36,3967.1,0,0,0,0,0,0
CPSE.BSE_IDX,01/07/2025,09:35:44,3968.13,0,0,0,0,0,0
CPSE.BSE_IDX,01/07/2025,09:35:52,3968.35,0,0,0,0,0,0
CPSE.BSE_IDX,01/07/2025,09:36:00,3968.2,0,0,0,0,0,0
CPSE.BSE_IDX,01/07/2025,09:36:08,3967.84,0,0,0,0,0,0
CPSE.BSE_IDX,01/07/2025,09:36:16,3968.46,0,0,0,0,0,0
CPSE.BSE_IDX,01/07/2025,09:36:24,3967.87,0,0,0,0,0,0
CPSE.BSE_IDX,01/07/2025,09:36:33,3967.2,0,0,0,0,0,0
CPSE.BSE_IDX,01/07/2025,09:36:40,3966.58,0,0,0,0,0,0
CPSE.BSE_IDX,01/07/2025,09:36:48,3967.73,0,0,0,0,0,0
CPSE.BSE_IDX,01/07/2025,09:36:56,3969.11,0,0,0,0,0,0
CPSE.BSE_IDX,01/07/2025,09:37:04,3969.9,0,0,0,0,0,0
CPSE.BSE_IDX,01/07/2025,09:37:12,3969.7,0,0,0,0,0,0
CPSE.BSE_IDX,01/07/2025,09:37:20,3971.18,0,0,0,0,0,0
CPSE.BSE_IDX,01/07/2025,09:37:28,3971.89,0,0,0,0,0,0
CPSE.BSE_IDX,01/07/2025,09:37:36,3972.59,0,0,0,0,0,0
CPSE.BSE_IDX,01/07/2025,09:37:44,3972.18,0,0,0,0,0,0
CPSE.BSE_IDX,01/07/2025,09:37:52,3971.95,0,0,0,0,0,0
CPSE.BSE_IDX,01/07/2025,09:38:00,3972.19,0,0,0,0,0,0
CPSE.BSE_IDX,01/07/2025,09:38:08,3972.22,0,0,0,0,0,0
CPSE.BSE_IDX,01/07/2025,09:38:16,3971.83,0,0,0,0,0,0
CPSE.BSE_IDX,01/07/2025,09:38:24,3972.46,0,0,0,0,0,0
CPSE.BSE_IDX,01/07/2025,09:38:32,3972.27,0,0,0,0,0,0
CPSE.BSE_IDX,01/07/2025,09:38:40,3971.38,0,0,0,0,0,0
CPSE.BSE_IDX,01/07/2025,09:38:48,3970.49,0,0,0,0,0,0
CPSE.BSE_IDX,01/07/2025,09:38:56,3970.69,0,0,0,0,0,0
CPSE.BSE_IDX,01/07/2025,09:39:04,3970.26,0,0,0,0,0,0
CPSE.BSE_IDX,01/07/2025,09:39:12,3970.52,0,0,0,0,0,0
CPSE.BSE_IDX,01/07/2025,09:39:20,3971.12,0,0,0,0,0,0
CPSE.BSE_IDX,01/07/2025,09:39:28,3971.29,0,0,0,0,0,0
CPSE.BSE_IDX,01/07/2025,09:39:36,3972.36,0,0,0,0,0,0
CPSE.BSE_IDX,01/07/2025,09:39:44,3972.48,0,0,0,0,0,0
CPSE.BSE_IDX,01/07/2025,09:39:52,3972.55,0,0,0,0,0,0
CPSE.BSE_IDX,01/07/2025,09:40:00,3972.87,0,0,0,0,0,0
CPSE.BSE_IDX,01/07/2025,09:40:08,3972.87,0,0,0,0,0,0
CPSE.BSE_IDX,01/07/2025,09:40:16,3973.37,0,0,0,0,0,0
CPSE.BSE_IDX,01/07/2025,09:40:24,3973.43,0,0,0,0,0,0
CPSE.BSE_IDX,01/07/2025,09:40:32,3972.22,0,0,0,0,0,0
CPSE.BSE_IDX,01/07/2025,09:40:40,3971.97,0,0,0,0,0,0
CPSE.BSE_IDX,01/07/2025,09:40:48,3972.45,0,0,0,0,0,0
CPSE.BSE_IDX,01/07/2025,09:40:56,3971.81,0,0,0,0,0,0
CPSE.BSE_IDX,01/07/2025,09:41:04,3971.29,0,0,0,0,0,0
CPSE.BSE_IDX,01/07/2025,09:41:12,3971.67,0,0,0,0,0,0
CPSE.BSE_IDX,01/07/2025,09:41:20,3971.64,0,0,0,0,0,0
CPSE.BSE_IDX,01/07/2025,09:41:28,3972.79,0,0,0,0,0,0
CPSE.BSE_IDX,01/07/2025,09:41:36,3972.29,0,0,0,0,0,0
CPSE.BSE_IDX,01/07/2025,09:41:44,3971.94,0,0,0,0,0,0
CPSE.BSE_IDX,01/07/2025,09:41:52,3971.79,0,0,0,0,0,0
CPSE.BSE_IDX,01/07/2025,09:42:00,3972.37,0,0,0,0,0,0
CPSE.BSE_IDX,01/07/2025,09:42:08,3972.23,0,0,0,0,0,0
CPSE.BSE_IDX,01/07/2025,09:42:16,3971.08,0,0,0,0,0,0
CPSE.BSE_IDX,01/07/2025,09:42:24,3969.81,0,0,0,0,0,0
CPSE.BSE_IDX,01/07/2025,09:42:32,3969.61,0,0,0,0,0,0
CPSE.BSE_IDX,01/07/2025,09:42:40,3969.69,0,0,0,0,0,0
CPSE.BSE_IDX,01/07/2025,09:42:48,3969.77,0,0,0,0,0,0
CPSE.BSE_IDX,01/07/2025,09:42:56,3970.4,0,0,0,0,0,0
CPSE.BSE_IDX,01/07/2025,09:43:04,3970.15,0,0,0,0,0,0
CPSE.BSE_IDX,01/07/2025,09:43:12,3969.55,0,0,0,0,0,0
CPSE.BSE_IDX,01/07/2025,09:43:20,3969.65,0,0,0,0,0,0
CPSE.BSE_IDX,01/07/2025,09:43:28,3970.16,0,0,0,0,0,0
CPSE.BSE_IDX,01/07/2025,09:43:36,3970.41,0,0,0,0,0,0
CPSE.BSE_IDX,01/07/2025,09:43:44,3970.05,0,0,0,0,0,0
CPSE.BSE_IDX,01/07/2025,09:43:53,3969.9,0,0,0,0,0,0
CPSE.BSE_IDX,01/07/2025,09:44:00,3970.03,0,0,0,0,0,0
CPSE.BSE_IDX,01/07/2025,09:44:08,3970.12,0,0,0,0,0,0
CPSE.BSE_IDX,01/07/2025,09:44:16,3969.52,0,0,0,0,0,0
CPSE.BSE_IDX,01/07/2025,09:44:24,3969.79,0,0,0,0,0,0
CPSE.BSE_IDX,01/07/2025,09:44:32,3969.98,0,0,0,0,0,0
CPSE.BSE_IDX,01/07/2025,09:44:40,3969.95,0,0,0,0,0,0
CPSE.BSE_IDX,01/07/2025,09:44:48,3969.48,0,0,0,0,0,0
CPSE.BSE_IDX,01/07/2025,09:44:56,3968.67,0,0,0,0,0,0
CPSE.BSE_IDX,01/07/2025,09:45:05,3968.08,0,0,0,0,0,0
CPSE.BSE_IDX,01/07/2025,09:45:12,3967.64,0,0,0,0,0,0
CPSE.BSE_IDX,01/07/2025,09:45:20,3966.95,0,0,0,0,0,0
CPSE.BSE_IDX,01/07/2025,09:45:28,3967.4,0,0,0,0,0,0
CPSE.BSE_IDX,01/07/2025,09:45:36,3967.05,0,0,0,0,0,0
CPSE.BSE_IDX,01/07/2025,09:45:44,3966.74,0,0,0,0,0,0
CPSE.BSE_IDX,01/07/2025,09:45:52,3967.67,0,0,0,0,0,0
CPSE.BSE_IDX,01/07/2025,09:46:01,3967.38,0,0,0,0,0,0
CPSE.BSE_IDX,01/07/2025,09:46:08,3967.2,0,0,0,0,0,0
CPSE.BSE_IDX,01/07/2025,09:46:16,3967.91,0,0,0,0,0,0
CPSE.BSE_IDX,01/07/2025,09:46:24,3969.09,0,0,0,0,0,0
CPSE.BSE_IDX,01/07/2025,09:46:32,3969.06,0,0,0,0,0,0
CPSE.BSE_IDX,01/07/2025,09:46:40,3970.11,0,0,0,0,0,0
CPSE.BSE_IDX,01/07/2025,09:46:48,3969.99,0,0,0,0,0,0
CPSE.BSE_IDX,01/07/2025,09:46:56,3969.81,0,0,0,0,0,0
CPSE.BSE_IDX,01/07/2025,09:47:04,3970.12,0,0,0,0,0,0
CPSE.BSE_IDX,01/07/2025,09:47:12,3969.94,0,0,0,0,0,0
CPSE.BSE_IDX,01/07/2025,09:47:20,3969.76,0,0,0,0,0,0
CPSE.BSE_IDX,01/07/2025,09:47:28,3969.08,0,0,0,0,0,0
CPSE.BSE_IDX,01/07/2025,09:47:36,3968.78,0,0,0,0,0,0
CPSE.BSE_IDX,01/07/2025,09:47:44,3968.75,0,0,0,0,0,0
CPSE.BSE_IDX,01/07/2025,09:47:52,3969.34,0,0,0,0,0,0
CPSE.BSE_IDX,01/07/2025,09:48:00,3969.57,0,0,0,0,0,0
CPSE.BSE_IDX,01/07/2025,09:48:08,3969.88,0,0,0,0,0,0
CPSE.BSE_IDX,01/07/2025,09:48:16,3970.28,0,0,0,0,0,0
CPSE.BSE_IDX,01/07/2025,09:48:24,3970.71,0,0,0,0,0,0
CPSE.BSE_IDX,01/07/2025,09:48:32,3970.54,0,0,0,0,0,0
CPSE.BSE_IDX,01/07/2025,09:48:40,3970.52,0,0,0,0,0,0
CPSE.BSE_IDX,01/07/2025,09:48:48,3970.28,0,0,0,0,0,0
CPSE.BSE_IDX,01/07/2025,09:48:56,3971.4,0,0,0,0,0,0
CPSE.BSE_IDX,01/07/2025,09:49:04,3971.15,0,0,0,0,0,0
CPSE.BSE_IDX,01/07/2025,09:49:12,3971.07,0,0,0,0,0,0
CPSE.BSE_IDX,01/07/2025,09:49:20,3971.6,0,0,0,0,0,0
CPSE.BSE_IDX,01/07/2025,09:49:28,3971.88,0,0,0,0,0,0
CPSE.BSE_IDX,01/07/2025,09:49:36,3972.33,0,0,0,0,0,0
CPSE.BSE_IDX,01/07/2025,09:49:44,3972.29,0,0,0,0,0,0
CPSE.BSE_IDX,01/07/2025,09:49:52,3972.81,0,0,0,0,0,0
CPSE.BSE_IDX,01/07/2025,09:50:00,3973,0,0,0,0,0,0
CPSE.BSE_IDX,01/07/2025,09:50:08,3974.06,0,0,0,0,0,0
CPSE.BSE_IDX,01/07/2025,09:50:16,3974.57,0,0,0,0,0,0
CPSE.BSE_IDX,01/07/2025,09:50:24,3974.11,0,0,0,0,0,0
CPSE.BSE_IDX,01/07/2025,09:50:32,3974.63,0,0,0,0,0,0
CPSE.BSE_IDX,01/07/2025,09:50:40,3973.82,0,0,0,0,0,0
CPSE.BSE_IDX,01/07/2025,09:50:48,3973.57,0,0,0,0,0,0
CPSE.BSE_IDX,01/07/2025,09:50:57,3972.39,0,0,0,0,0,0
CPSE.BSE_IDX,01/07/2025,09:51:04,3972.14,0,0,0,0,0,0
CPSE.BSE_IDX,01/07/2025,09:51:12,3973.07,0,0,0,0,0,0
CPSE.BSE_IDX,01/07/2025,09:51:20,3972.95,0,0,0,0,0,0
CPSE.BSE_IDX,01/07/2025,09:51:28,3972.77,0,0,0,0,0,0
CPSE.BSE_IDX,01/07/2025,09:51:37,3972.47,0,0,0,0,0,0
CPSE.BSE_IDX,01/07/2025,09:51:44,3973.66,0,0,0,0,0,0
CPSE.BSE_IDX,01/07/2025,09:51:52,3972.83,0,0,0,0,0,0
CPSE.BSE_IDX,01/07/2025,09:52:01,3973.13,0,0,0,0,0,0
CPSE.BSE_IDX,01/07/2025,09:52:08,3973.12,0,0,0,0,0,0
CPSE.BSE_IDX,01/07/2025,09:52:17,3971.57,0,0,0,0,0,0
CPSE.BSE_IDX,01/07/2025,09:52:24,3971.01,0,0,0,0,0,0
CPSE.BSE_IDX,01/07/2025,09:52:32,3971.68,0,0,0,0,0,0
CPSE.BSE_IDX,01/07/2025,09:52:40,3972.81,0,0,0,0,0,0
CPSE.BSE_IDX,01/07/2025,09:52:48,3972.99,0,0,0,0,0,0
CPSE.BSE_IDX,01/07/2025,09:52:57,3972.97,0,0,0,0,0,0
CPSE.BSE_IDX,01/07/2025,09:53:04,3973.39,0,0,0,0,0,0
CPSE.BSE_IDX,01/07/2025,09:53:13,3973.74,0,0,0,0,0,0
CPSE.BSE_IDX,01/07/2025,09:53:20,3973.78,0,0,0,0,0,0
CPSE.BSE_IDX,01/07/2025,09:53:28,3974.38,0,0,0,0,0,0
CPSE.BSE_IDX,01/07/2025,09:53:36,3974.07,0,0,0,0,0,0
CPSE.BSE_IDX,01/07/2025,09:53:44,3974.03,0,0,0,0,0,0
CPSE.BSE_IDX,01/07/2025,09:53:52,3974.62,0,0,0,0,0,0
CPSE.BSE_IDX,01/07/2025,09:54:00,3973.59,0,0,0,0,0,0
CPSE.BSE_IDX,01/07/2025,09:54:08,3973.31,0,0,0,0,0,0
CPSE.BSE_IDX,01/07/2025,09:54:16,3972.98,0,0,0,0,0,0
CPSE.BSE_IDX,01/07/2025,09:54:24,3972.98,0,0,0,0,0,0
CPSE.BSE_IDX,01/07/2025,09:54:32,3973.2,0,0,0,0,0,0
CPSE.BSE_IDX,01/07/2025,09:54:40,3973.05,0,0,0,0,0,0
CPSE.BSE_IDX,01/07/2025,09:54:48,3973.37,0,0,0,0,0,0
CPSE.BSE_IDX,01/07/2025,09:54:56,3972.58,0,0,0,0,0,0
CPSE.BSE_IDX,01/07/2025,09:55:04,3972.38,0,0,0,0,0,0
CPSE.BSE_IDX,01/07/2025,09:55:12,3971.69,0,0,0,0,0,0
CPSE.BSE_IDX,01/07/2025,09:55:20,3971.91,0,0,0,0,0,0
CPSE.BSE_IDX,01/07/2025,09:55:28,3971.49,0,0,0,0,0,0
CPSE.BSE_IDX,01/07/2025,09:55:36,3971.73,0,0,0,0,0,0
CPSE.BSE_IDX,01/07/2025,09:55:44,3971.1,0,0,0,0,0,0
CPSE.BSE_IDX,01/07/2025,09:55:52,3970.86,0,0,0,0,0,0
CPSE.BSE_IDX,01/07/2025,09:56:00,3971.03,0,0,0,0,0,0
CPSE.BSE_IDX,01/07/2025,09:56:08,3971.23,0,0,0,0,0,0
CPSE.BSE_IDX,01/07/2025,09:56:16,3971.64,0,0,0,0,0,0
CPSE.BSE_IDX,01/07/2025,09:56:25,3972.18,0,0,0,0,0,0
CPSE.BSE_IDX,01/07/2025,09:56:32,3972.03,0,0,0,0,0,0
CPSE.BSE_IDX,01/07/2025,09:56:41,3972.46,0,0,0,0,0,0
CPSE.BSE_IDX,01/07/2025,09:56:48,3972.58,0,0,0,0,0,0
CPSE.BSE_IDX,01/07/2025,09:56:57,3972.35,0,0,0,0,0,0
CPSE.BSE_IDX,01/07/2025,09:57:04,3972.43,0,0,0,0,0,0
CPSE.BSE_IDX,01/07/2025,09:57:12,3973.45,0,0,0,0,0,0
CPSE.BSE_IDX,01/07/2025,09:57:20,3974.25,0,0,0,0,0,0
CPSE.BSE_IDX,01/07/2025,09:57:28,3973.84,0,0,0,0,0,0
CPSE.BSE_IDX,01/07/2025,09:57:36,3973.79,0,0,0,0,0,0
CPSE.BSE_IDX,01/07/2025,09:57:44,3973.97,0,0,0,0,0,0
CPSE.BSE_IDX,01/07/2025,09:57:52,3973.59,0,0,0,0,0,0
CPSE.BSE_IDX,01/07/2025,09:58:00,3973.5,0,0,0,0,0,0
CPSE.BSE_IDX,01/07/2025,09:58:08,3973.3,0,0,0,0,0,0
CPSE.BSE_IDX,01/07/2025,09:58:16,3973.37,0,0,0,0,0,0
CPSE.BSE_IDX,01/07/2025,09:58:24,3973.39,0,0,0,0,0,0
CPSE.BSE_IDX,01/07/2025,09:58:32,3973.07,0,0,0,0,0,0
CPSE.BSE_IDX,01/07/2025,09:58:40,3973.19,0,0,0,0,0,0
CPSE.BSE_IDX,01/07/2025,09:58:48,3973.8,0,0,0,0,0,0
CPSE.BSE_IDX,01/07/2025,09:58:56,3974.41,0,0,0,0,0,0
CPSE.BSE_IDX,01/07/2025,09:59:05,3974.09,0,0,0,0,0,0
CPSE.BSE_IDX,01/07/2025,09:59:12,3973.64,0,0,0,0,0,0
CPSE.BSE_IDX,01/07/2025,09:59:20,3973.86,0,0,0,0,0,0
CPSE.BSE_IDX,01/07/2025,09:59:28,3974.14,0,0,0,0,0,0
CPSE.BSE_IDX,01/07/2025,09:59:36,3973.93,0,0,0,0,0,0
CPSE.BSE_IDX,01/07/2025,09:59:45,3974.03,0,0,0,0,0,0
CPSE.BSE_IDX,01/07/2025,09:59:52,3974.45,0,0,0,0,0,0
CPSE.BSE_IDX,01/07/2025,10:00:00,3973.52,0,0,0,0,0,0
CPSE.BSE_IDX,01/07/2025,10:00:08,3973.41,0,0,0,0,0,0
CPSE.BSE_IDX,01/07/2025,10:00:16,3973.51,0,0,0,0,0,0
CPSE.BSE_IDX,01/07/2025,10:00:24,3973.08,0,0,0,0,0,0
CPSE.BSE_IDX,01/07/2025,10:00:32,3972.98,0,0,0,0,0,0
CPSE.BSE_IDX,01/07/2025,10:00:40,3972.72,0,0,0,0,0,0
CPSE.BSE_IDX,01/07/2025,10:00:48,3972.74,0,0,0,0,0,0
CPSE.BSE_IDX,01/07/2025,10:00:56,3972.31,0,0,0,0,0,0
CPSE.BSE_IDX,01/07/2025,10:01:04,3972.03,0,0,0,0,0,0
CPSE.BSE_IDX,01/07/2025,10:01:12,3971.92,0,0,0,0,0,0
CPSE.BSE_IDX,01/07/2025,10:01:21,3972.06,0,0,0,0,0,0
CPSE.BSE_IDX,01/07/2025,10:01:28,3972.06,0,0,0,0,0,0
CPSE.BSE_IDX,01/07/2025,10:01:36,3971.44,0,0,0,0,0,0
CPSE.BSE_IDX,01/07/2025,10:01:44,3972.57,0,0,0,0,0,0
CPSE.BSE_IDX,01/07/2025,10:01:52,3972.15,0,0,0,0,0,0
CPSE.BSE_IDX,01/07/2025,10:02:00,3972.04,0,0,0,0,0,0
CPSE.BSE_IDX,01/07/2025,10:02:08,3972.04,0,0,0,0,0,0
CPSE.BSE_IDX,01/07/2025,10:02:16,3971.71,0,0,0,0,0,0
CPSE.BSE_IDX,01/07/2025,10:02:24,3970.93,0,0,0,0,0,0
CPSE.BSE_IDX,01/07/2025,10:02:32,3970.69,0,0,0,0,0,0
CPSE.BSE_IDX,01/07/2025,10:02:41,3971.08,0,0,0,0,0,0
CPSE.BSE_IDX,01/07/2025,10:02:49,3972.04,0,0,0,0,0,0
CPSE.BSE_IDX,01/07/2025,10:02:56,3971.29,0,0,0,0,0,0
CPSE.BSE_IDX,01/07/2025,10:03:04,3970.32,0,0,0,0,0,0
CPSE.BSE_IDX,01/07/2025,10:03:13,3969.92,0,0,0,0,0,0
CPSE.BSE_IDX,01/07/2025,10:03:20,3969.2,0,0,0,0,0,0
CPSE.BSE_IDX,01/07/2025,10:03:29,3968.31,0,0,0,0,0,0
CPSE.BSE_IDX,01/07/2025,10:03:37,3967.91,0,0,0,0,0,0
CPSE.BSE_IDX,01/07/2025,10:03:45,3967.92,0,0,0,0,0,0
CPSE.BSE_IDX,01/07/2025,10:03:53,3967.31,0,0,0,0,0,0
CPSE.BSE_IDX,01/07/2025,10:04:01,3967.11,0,0,0,0,0,0
CPSE.BSE_IDX,01/07/2025,10:04:09,3967.4,0,0,0,0,0,0
CPSE.BSE_IDX,01/07/2025,10:04:17,3967.19,0,0,0,0,0,0
CPSE.BSE_IDX,01/07/2025,10:04:25,3967.17,0,0,0,0,0,0
CPSE.BSE_IDX,01/07/2025,10:04:33,3967.17,0,0,0,0,0,0
CPSE.BSE_IDX,01/07/2025,10:04:41,3967.46,0,0,0,0,0,0
CPSE.BSE_IDX,01/07/2025,10:04:50,3967.53,0,0,0,0,0,0
CPSE.BSE_IDX,01/07/2025,10:04:57,3967.55,0,0,0,0,0,0
CPSE.BSE_IDX,01/07/2025,10:05:05,3966.59,0,0,0,0,0,0
CPSE.BSE_IDX,01/07/2025,10:05:14,3966.54,0,0,0,0,0,0
CPSE.BSE_IDX,01/07/2025,10:05:21,3966.08,0,0,0,0,0,0
CPSE.BSE_IDX,01/07/2025,10:05:29,3965.36,0,0,0,0,0,0
CPSE.BSE_IDX,01/07/2025,10:05:37,3964.55,0,0,0,0,0,0
CPSE.BSE_IDX,01/07/2025,10:05:45,3965.76,0,0,0,0,0,0
CPSE.BSE_IDX,01/07/2025,10:05:53,3965.86,0,0,0,0,0,0
CPSE.BSE_IDX,01/07/2025,10:06:01,3966.1,0,0,0,0,0,0
CPSE.BSE_IDX,01/07/2025,10:06:09,3966.53,0,0,0,0,0,0
CPSE.BSE_IDX,01/07/2025,10:06:17,3965.94,0,0,0,0,0,0
CPSE.BSE_IDX,01/07/2025,10:06:25,3966.58,0,0,0,0,0,0
CPSE.BSE_IDX,01/07/2025,10:06:33,3967,0,0,0,0,0,0
CPSE.BSE_IDX,01/07/2025,10:06:41,3966.85,0,0,0,0,0,0
CPSE.BSE_IDX,01/07/2025,10:06:49,3966.45,0,0,0,0,0,0
CPSE.BSE_IDX,01/07/2025,10:06:57,3966.53,0,0,0,0,0,0
CPSE.BSE_IDX,01/07/2025,10:07:05,3967.52,0,0,0,0,0,0
CPSE.BSE_IDX,01/07/2025,10:07:13,3968.18,0,0,0,0,0,0
CPSE.BSE_IDX,01/07/2025,10:07:21,3968.56,0,0,0,0,0,0
CPSE.BSE_IDX,01/07/2025,10:07:29,3968.7,0,0,0,0,0,0
CPSE.BSE_IDX,01/07/2025,10:07:37,3969.44,0,0,0,0,0,0
CPSE.BSE_IDX,01/07/2025,10:07:45,3970.07,0,0,0,0,0,0
CPSE.BSE_IDX,01/07/2025,10:07:53,3969.38,0,0,0,0,0,0
CPSE.BSE_IDX,01/07/2025,10:08:01,3969.18,0,0,0,0,0,0
CPSE.BSE_IDX,01/07/2025,10:08:09,3968.87,0,0,0,0,0,0
CPSE.BSE_IDX,01/07/2025,10:08:17,3968.77,0,0,0,0,0,0
CPSE.BSE_IDX,01/07/2025,10:08:25,3968.94,0,0,0,0,0,0
CPSE.BSE_IDX,01/07/2025,10:08:33,3968.63,0,0,0,0,0,0
CPSE.BSE_IDX,01/07/2025,10:08:41,3968.06,0,0,0,0,0,0
CPSE.BSE_IDX,01/07/2025,10:08:49,3968.03,0,0,0,0,0,0
CPSE.BSE_IDX,01/07/2025,10:08:57,3966.8,0,0,0,0,0,0
CPSE.BSE_IDX,01/07/2025,10:09:05,3966.76,0,0,0,0,0,0
CPSE.BSE_IDX,01/07/2025,10:09:13,3966.98,0,0,0,0,0,0
CPSE.BSE_IDX,01/07/2025,10:09:21,3967.09,0,0,0,0,0,0
CPSE.BSE_IDX,01/07/2025,10:09:29,3967.6,0,0,0,0,0,0
CPSE.BSE_IDX,01/07/2025,10:09:37,3967.51,0,0,0,0,0,0
CPSE.BSE_IDX,01/07/2025,10:09:45,3967.51,0,0,0,0,0,0
CPSE.BSE_IDX,01/07/2025,10:09:53,3967.68,0,0,0,0,0,0
CPSE.BSE_IDX,01/07/2025,10:10:01,3968.52,0,0,0,0,0,0
CPSE.BSE_IDX,01/07/2025,10:10:09,3968.48,0,0,0,0,0,0
CPSE.BSE_IDX,01/07/2025,10:10:17,3969.17,0,0,0,0,0,0
CPSE.BSE_IDX,01/07/2025,10:10:25,3969.63,0,0,0,0,0,0
CPSE.BSE_IDX,01/07/2025,10:10:33,3969.41,0,0,0,0,0,0
CPSE.BSE_IDX,01/07/2025,10:10:41,3969.17,0,0,0,0,0,0
CPSE.BSE_IDX,01/07/2025,10:10:49,3969.23,0,0,0,0,0,0
CPSE.BSE_IDX,01/07/2025,10:10:57,3968.78,0,0,0,0,0,0
CPSE.BSE_IDX,01/07/2025,10:11:05,3968.9,0,0,0,0,0,0
CPSE.BSE_IDX,01/07/2025,10:11:13,3968.48,0,0,0,0,0,0
CPSE.BSE_IDX,01/07/2025,10:11:22,3968.14,0,0,0,0,0,0
CPSE.BSE_IDX,01/07/2025,10:11:29,3967.9,0,0,0,0,0,0
CPSE.BSE_IDX,01/07/2025,10:11:37,3967.8,0,0,0,0,0,0
CPSE.BSE_IDX,01/07/2025,10:11:45,3967.72,0,0,0,0,0,0
CPSE.BSE_IDX,01/07/2025,10:11:53,3967.31,0,0,0,0,0,0
CPSE.BSE_IDX,01/07/2025,10:12:01,3966.8,0,0,0,0,0,0
CPSE.BSE_IDX,01/07/2025,10:12:09,3967.04,0,0,0,0,0,0
CPSE.BSE_IDX,01/07/2025,10:12:17,3966.03,0,0,0,0,0,0
CPSE.BSE_IDX,01/07/2025,10:12:25,3965.75,0,0,0,0,0,0
CPSE.BSE_IDX,01/07/2025,10:12:33,3965.28,0,0,0,0,0,0
CPSE.BSE_IDX,01/07/2025,10:12:41,3965.09,0,0,0,0,0,0
CPSE.BSE_IDX,01/07/2025,10:12:49,3964.8,0,0,0,0,0,0
CPSE.BSE_IDX,01/07/2025,10:12:57,3963.86,0,0,0,0,0,0
CPSE.BSE_IDX,01/07/2025,10:13:05,3963.91,0,0,0,0,0,0
CPSE.BSE_IDX,01/07/2025,10:13:13,3963.62,0,0,0,0,0,0
CPSE.BSE_IDX,01/07/2025,10:13:21,3964.41,0,0,0,0,0,0
CPSE.BSE_IDX,01/07/2025,10:13:29,3963.67,0,0,0,0,0,0
CPSE.BSE_IDX,01/07/2025,10:13:37,3963.32,0,0,0,0,0,0
CPSE.BSE_IDX,01/07/2025,10:13:45,3963.27,0,0,0,0,0,0
CPSE.BSE_IDX,01/07/2025,10:13:53,3962.42,0,0,0,0,0,0
CPSE.BSE_IDX,01/07/2025,10:14:01,3961.64,0,0,0,0,0,0
CPSE.BSE_IDX,01/07/2025,10:14:09,3960.94,0,0,0,0,0,0
CPSE.BSE_IDX,01/07/2025,10:14:17,3961.19,0,0,0,0,0,0
CPSE.BSE_IDX,01/07/2025,10:14:25,3960.81,0,0,0,0,0,0
CPSE.BSE_IDX,01/07/2025,10:14:33,3960.69,0,0,0,0,0,0
CPSE.BSE_IDX,01/07/2025,10:14:41,3960.09,0,0,0,0,0,0
CPSE.BSE_IDX,01/07/2025,10:14:49,3960.16,0,0,0,0,0,0
CPSE.BSE_IDX,01/07/2025,10:14:57,3959.98,0,0,0,0,0,0
CPSE.BSE_IDX,01/07/2025,10:15:05,3959.81,0,0,0,0,0,0
CPSE.BSE_IDX,01/07/2025,10:15:13,3958.98,0,0,0,0,0,0
CPSE.BSE_IDX,01/07/2025,10:15:21,3958.99,0,0,0,0,0,0
CPSE.BSE_IDX,01/07/2025,10:15:29,3958.56,0,0,0,0,0,0
CPSE.BSE_IDX,01/07/2025,10:15:37,3959.15,0,0,0,0,0,0
CPSE.BSE_IDX,01/07/2025,10:15:45,3958.92,0,0,0,0,0,0
CPSE.BSE_IDX,01/07/2025,10:15:53,3958.48,0,0,0,0,0,0
CPSE.BSE_IDX,01/07/2025,10:16:01,3959.35,0,0,0,0,0,0
CPSE.BSE_IDX,01/07/2025,10:16:09,3959.73,0,0,0,0,0,0
CPSE.BSE_IDX,01/07/2025,10:16:17,3959.64,0,0,0,0,0,0
CPSE.BSE_IDX,01/07/2025,10:16:25,3959.71,0,0,0,0,0,0
CPSE.BSE_IDX,01/07/2025,10:16:33,3960,0,0,0,0,0,0
CPSE.BSE_IDX,01/07/2025,10:16:41,3959.45,0,0,0,0,0,0
CPSE.BSE_IDX,01/07/2025,10:16:49,3959.81,0,0,0,0,0,0
CPSE.BSE_IDX,01/07/2025,10:16:57,3959.88,0,0,0,0,0,0
CPSE.BSE_IDX,01/07/2025,10:17:05,3959.89,0,0,0,0,0,0
CPSE.BSE_IDX,01/07/2025,10:17:13,3959.17,0,0,0,0,0,0
CPSE.BSE_IDX,01/07/2025,10:17:21,3959.15,0,0,0,0,0,0
CPSE.BSE_IDX,01/07/2025,10:17:29,3959.79,0,0,0,0,0,0
CPSE.BSE_IDX,01/07/2025,10:17:37,3960.43,0,0,0,0,0,0
CPSE.BSE_IDX,01/07/2025,10:17:45,3960.88,0,0,0,0,0,0
CPSE.BSE_IDX,01/07/2025,10:17:53,3961.54,0,0,0,0,0,0
CPSE.BSE_IDX,01/07/2025,10:18:01,3962.19,0,0,0,0,0,0
CPSE.BSE_IDX,01/07/2025,10:18:09,3962.34,0,0,0,0,0,0
CPSE.BSE_IDX,01/07/2025,10:18:17,3962.86,0,0,0,0,0,0
CPSE.BSE_IDX,01/07/2025,10:18:25,3963.7,0,0,0,0,0,0
CPSE.BSE_IDX,01/07/2025,10:18:33,3963.26,0,0,0,0,0,0
CPSE.BSE_IDX,01/07/2025,10:18:41,3963.2,0,0,0,0,0,0
CPSE.BSE_IDX,01/07/2025,10:18:49,3962.57,0,0,0,0,0,0
CPSE.BSE_IDX,01/07/2025,10:18:57,3962.63,0,0,0,0,0,0
CPSE.BSE_IDX,01/07/2025,10:19:05,3961.73,0,0,0,0,0,0
CPSE.BSE_IDX,01/07/2025,10:19:13,3962.16,0,0,0,0,0,0
CPSE.BSE_IDX,01/07/2025,10:19:21,3962.76,0,0,0,0,0,0
CPSE.BSE_IDX,01/07/2025,10:19:29,3962.64,0,0,0,0,0,0
CPSE.BSE_IDX,01/07/2025,10:19:37,3962.5,0,0,0,0,0,0
CPSE.BSE_IDX,01/07/2025,10:19:45,3962.42,0,0,0,0,0,0
CPSE.BSE_IDX,01/07/2025,10:19:53,3961.72,0,0,0,0,0,0
CPSE.BSE_IDX,01/07/2025,10:20:01,3961.67,0,0,0,0,0,0
CPSE.BSE_IDX,01/07/2025,10:20:09,3962.1,0,0,0,0,0,0
CPSE.BSE_IDX,01/07/2025,10:20:17,3962.31,0,0,0,0,0,0
CPSE.BSE_IDX,01/07/2025,10:20:25,3962.46,0,0,0,0,0,0
CPSE.BSE_IDX,01/07/2025,10:20:33,3961.75,0,0,0,0,0,0
CPSE.BSE_IDX,01/07/2025,10:20:41,3961.66,0,0,0,0,0,0
CPSE.BSE_IDX,01/07/2025,10:20:49,3961.4,0,0,0,0,0,0
CPSE.BSE_IDX,01/07/2025,10:20:57,3961.02,0,0,0,0,0,0
CPSE.BSE_IDX,01/07/2025,10:21:05,3960.93,0,0,0,0,0,0
CPSE.BSE_IDX,01/07/2025,10:21:13,3960.09,0,0,0,0,0,0
CPSE.BSE_IDX,01/07/2025,10:21:21,3960.54,0,0,0,0,0,0
CPSE.BSE_IDX,01/07/2025,10:21:29,3960.39,0,0,0,0,0,0
CPSE.BSE_IDX,01/07/2025,10:21:37,3960.11,0,0,0,0,0,0
CPSE.BSE_IDX,01/07/2025,10:21:45,3959.63,0,0,0,0,0,0
CPSE.BSE_IDX,01/07/2025,10:21:53,3959.44,0,0,0,0,0,0
CPSE.BSE_IDX,01/07/2025,10:22:01,3959.55,0,0,0,0,0,0
CPSE.BSE_IDX,01/07/2025,10:22:09,3959.85,0,0,0,0,0,0
CPSE.BSE_IDX,01/07/2025,10:22:17,3959.92,0,0,0,0,0,0
CPSE.BSE_IDX,01/07/2025,10:22:25,3959.95,0,0,0,0,0,0
CPSE.BSE_IDX,01/07/2025,10:22:33,3959.8,0,0,0,0,0,0
CPSE.BSE_IDX,01/07/2025,10:22:41,3959.56,0,0,0,0,0,0
CPSE.BSE_IDX,01/07/2025,10:22:49,3959.31,0,0,0,0,0,0
CPSE.BSE_IDX,01/07/2025,10:22:57,3959.58,0,0,0,0,0,0
CPSE.BSE_IDX,01/07/2025,10:23:05,3959.05,0,0,0,0,0,0
CPSE.BSE_IDX,01/07/2025,10:23:13,3959.13,0,0,0,0,0,0
CPSE.BSE_IDX,01/07/2025,10:23:21,3959.41,0,0,0,0,0,0
CPSE.BSE_IDX,01/07/2025,10:23:29,3959.59,0,0,0,0,0,0
CPSE.BSE_IDX,01/07/2025,10:23:37,3959.31,0,0,0,0,0,0
CPSE.BSE_IDX,01/07/2025,10:23:45,3959.87,0,0,0,0,0,0
CPSE.BSE_IDX,01/07/2025,10:23:53,3959.7,0,0,0,0,0,0
CPSE.BSE_IDX,01/07/2025,10:24:01,3959.72,0,0,0,0,0,0
CPSE.BSE_IDX,01/07/2025,10:24:09,3959.53,0,0,0,0,0,0
CPSE.BSE_IDX,01/07/2025,10:24:17,3958.64,0,0,0,0,0,0
CPSE.BSE_IDX,01/07/2025,10:24:25,3958.65,0,0,0,0,0,0
CPSE.BSE_IDX,01/07/2025,10:24:33,3957.93,0,0,0,0,0,0
CPSE.BSE_IDX,01/07/2025,10:24:41,3957.64,0,0,0,0,0,0
CPSE.BSE_IDX,01/07/2025,10:24:49,3957.7,0,0,0,0,0,0
CPSE.BSE_IDX,01/07/2025,10:24:57,3957.65,0,0,0,0,0,0
CPSE.BSE_IDX,01/07/2025,10:25:05,3957.58,0,0,0,0,0,0
CPSE.BSE_IDX,01/07/2025,10:25:13,3957.8,0,0,0,0,0,0
CPSE.BSE_IDX,01/07/2025,10:25:21,3957.5,0,0,0,0,0,0
CPSE.BSE_IDX,01/07/2025,10:25:29,3957.14,0,0,0,0,0,0
CPSE.BSE_IDX,01/07/2025,10:25:37,3957.24,0,0,0,0,0,0
CPSE.BSE_IDX,01/07/2025,10:25:45,3957.35,0,0,0,0,0,0
CPSE.BSE_IDX,01/07/2025,10:25:53,3957.02,0,0,0,0,0,0
CPSE.BSE_IDX,01/07/2025,10:26:01,3957.85,0,0,0,0,0,0
CPSE.BSE_IDX,01/07/2025,10:26:09,3957.95,0,0,0,0,0,0
CPSE.BSE_IDX,01/07/2025,10:26:17,3957.7,0,0,0,0,0,0
CPSE.BSE_IDX,01/07/2025,10:26:25,3957.24,0,0,0,0,0,0
CPSE.BSE_IDX,01/07/2025,10:26:33,3957.09,0,0,0,0,0,0
CPSE.BSE_IDX,01/07/2025,10:26:41,3957.2,0,0,0,0,0,0
CPSE.BSE_IDX,01/07/2025,10:26:49,3956.84,0,0,0,0,0,0
CPSE.BSE_IDX,01/07/2025,10:26:57,3957,0,0,0,0,0,0
CPSE.BSE_IDX,01/07/2025,10:27:05,3957.12,0,0,0,0,0,0
CPSE.BSE_IDX,01/07/2025,10:27:13,3957.38,0,0,0,0,0,0
CPSE.BSE_IDX,01/07/2025,10:27:21,3957.78,0,0,0,0,0,0
CPSE.BSE_IDX,01/07/2025,10:27:29,3958.35,0,0,0,0,0,0
CPSE.BSE_IDX,01/07/2025,10:27:37,3958.6,0,0,0,0,0,0
CPSE.BSE_IDX,01/07/2025,10:27:45,3958.31,0,0,0,0,0,0
CPSE.BSE_IDX,01/07/2025,10:27:53,3958.61,0,0,0,0,0,0
CPSE.BSE_IDX,01/07/2025,10:28:01,3959.02,0,0,0,0,0,0
CPSE.BSE_IDX,01/07/2025,10:28:09,3959.28,0,0,0,0,0,0
CPSE.BSE_IDX,01/07/2025,10:28:17,3958.75,0,0,0,0,0,0
CPSE.BSE_IDX,01/07/2025,10:28:25,3958.43,0,0,0,0,0,0
CPSE.BSE_IDX,01/07/2025,10:28:33,3958.22,0,0,0,0,0,0
CPSE.BSE_IDX,01/07/2025,10:28:41,3958.79,0,0,0,0,0,0
CPSE.BSE_IDX,01/07/2025,10:28:49,3958.56,0,0,0,0,0,0
CPSE.BSE_IDX,01/07/2025,10:28:57,3957.97,0,0,0,0,0,0
CPSE.BSE_IDX,01/07/2025,10:29:05,3957.88,0,0,0,0,0,0
CPSE.BSE_IDX,01/07/2025,10:29:13,3958.13,0,0,0,0,0,0
CPSE.BSE_IDX,01/07/2025,10:29:21,3958.27,0,0,0,0,0,0
CPSE.BSE_IDX,01/07/2025,10:29:29,3958.48,0,0,0,0,0,0
CPSE.BSE_IDX,01/07/2025,10:29:37,3958.56,0,0,0,0,0,0
CPSE.BSE_IDX,01/07/2025,10:29:46,3958.62,0,0,0,0,0,0
CPSE.BSE_IDX,01/07/2025,10:29:54,3959.07,0,0,0,0,0,0
CPSE.BSE_IDX,01/07/2025,10:30:01,3958.9,0,0,0,0,0,0
CPSE.BSE_IDX,01/07/2025,10:30:09,3958.81,0,0,0,0,0,0
CPSE.BSE_IDX,01/07/2025,10:30:17,3959.03,0,0,0,0,0,0
CPSE.BSE_IDX,01/07/2025,10:30:25,3959.49,0,0,0,0,0,0
CPSE.BSE_IDX,01/07/2025,10:30:33,3959.44,0,0,0,0,0,0
CPSE.BSE_IDX,01/07/2025,10:30:41,3959.87,0,0,0,0,0,0
CPSE.BSE_IDX,01/07/2025,10:30:49,3959.73,0,0,0,0,0,0
CPSE.BSE_IDX,01/07/2025,10:30:57,3959.29,0,0,0,0,0,0
CPSE.BSE_IDX,01/07/2025,10:31:05,3959.08,0,0,0,0,0,0
CPSE.BSE_IDX,01/07/2025,10:31:13,3959.07,0,0,0,0,0,0
CPSE.BSE_IDX,01/07/2025,10:31:21,3958.94,0,0,0,0,0,0
CPSE.BSE_IDX,01/07/2025,10:31:29,3958.7,0,0,0,0,0,0
CPSE.BSE_IDX,01/07/2025,10:31:37,3958.86,0,0,0,0,0,0
CPSE.BSE_IDX,01/07/2025,10:31:45,3958.47,0,0,0,0,0,0
CPSE.BSE_IDX,01/07/2025,10:31:53,3958.41,0,0,0,0,0,0
CPSE.BSE_IDX,01/07/2025,10:32:01,3958.53,0,0,0,0,0,0
CPSE.BSE_IDX,01/07/2025,10:32:09,3958.88,0,0,0,0,0,0
CPSE.BSE_IDX,01/07/2025,10:32:17,3958.65,0,0,0,0,0,0
CPSE.BSE_IDX,01/07/2025,10:32:25,3958.5,0,0,0,0,0,0
CPSE.BSE_IDX,01/07/2025,10:32:33,3959.07,0,0,0,0,0,0
CPSE.BSE_IDX,01/07/2025,10:32:41,3959.11,0,0,0,0,0,0
CPSE.BSE_IDX,01/07/2025,10:32:49,3959.19,0,0,0,0,0,0
CPSE.BSE_IDX,01/07/2025,10:32:57,3959.42,0,0,0,0,0,0
CPSE.BSE_IDX,01/07/2025,10:33:05,3959.07,0,0,0,0,0,0
CPSE.BSE_IDX,01/07/2025,10:33:13,3959.87,0,0,0,0,0,0
CPSE.BSE_IDX,01/07/2025,10:33:21,3959.58,0,0,0,0,0,0
CPSE.BSE_IDX,01/07/2025,10:33:29,3959.98,0,0,0,0,0,0
CPSE.BSE_IDX,01/07/2025,10:33:37,3960.6,0,0,0,0,0,0
CPSE.BSE_IDX,01/07/2025,10:33:45,3960.87,0,0,0,0,0,0
CPSE.BSE_IDX,01/07/2025,10:33:53,3960.61,0,0,0,0,0,0
CPSE.BSE_IDX,01/07/2025,10:34:01,3960.94,0,0,0,0,0,0
CPSE.BSE_IDX,01/07/2025,10:34:09,3960.76,0,0,0,0,0,0
CPSE.BSE_IDX,01/07/2025,10:34:17,3961.13,0,0,0,0,0,0
CPSE.BSE_IDX,01/07/2025,10:34:25,3961.39,0,0,0,0,0,0
CPSE.BSE_IDX,01/07/2025,10:34:33,3961.46,0,0,0,0,0,0
CPSE.BSE_IDX,01/07/2025,10:34:41,3961.33,0,0,0,0,0,0
CPSE.BSE_IDX,01/07/2025,10:34:49,3961.21,0,0,0,0,0,0
CPSE.BSE_IDX,01/07/2025,10:34:58,3961.25,0,0,0,0,0,0
CPSE.BSE_IDX,01/07/2025,10:35:06,3961.17,0,0,0,0,0,0
CPSE.BSE_IDX,01/07/2025,10:35:14,3960.84,0,0,0,0,0,0
CPSE.BSE_IDX,01/07/2025,10:35:21,3960.97,0,0,0,0,0,0
CPSE.BSE_IDX,01/07/2025,10:35:29,3959.94,0,0,0,0,0,0
CPSE.BSE_IDX,01/07/2025,10:35:37,3958.9,0,0,0,0,0,0
CPSE.BSE_IDX,01/07/2025,10:35:45,3958.6,0,0,0,0,0,0
CPSE.BSE_IDX,01/07/2025,10:35:54,3958.57,0,0,0,0,0,0
CPSE.BSE_IDX,01/07/2025,10:36:02,3958.78,0,0,0,0,0,0
CPSE.BSE_IDX,01/07/2025,10:36:10,3958.62,0,0,0,0,0,0
CPSE.BSE_IDX,01/07/2025,10:36:17,3958.47,0,0,0,0,0,0
CPSE.BSE_IDX,01/07/2025,10:36:25,3958.01,0,0,0,0,0,0
CPSE.BSE_IDX,01/07/2025,10:36:34,3958.69,0,0,0,0,0,0
CPSE.BSE_IDX,01/07/2025,10:36:42,3959.04,0,0,0,0,0,0
CPSE.BSE_IDX,01/07/2025,10:36:49,3958.61,0,0,0,0,0,0
CPSE.BSE_IDX,01/07/2025,10:36:58,3958.23,0,0,0,0,0,0
CPSE.BSE_IDX,01/07/2025,10:37:05,3957.95,0,0,0,0,0,0
CPSE.BSE_IDX,01/07/2025,10:37:14,3957.51,0,0,0,0,0,0
CPSE.BSE_IDX,01/07/2025,10:37:21,3957.49,0,0,0,0,0,0
CPSE.BSE_IDX,01/07/2025,10:37:30,3957.54,0,0,0,0,0,0
CPSE.BSE_IDX,01/07/2025,10:37:38,3957.46,0,0,0,0,0,0
CPSE.BSE_IDX,01/07/2025,10:37:46,3957.13,0,0,0,0,0,0
CPSE.BSE_IDX,01/07/2025,10:37:54,3957.21,0,0,0,0,0,0
CPSE.BSE_IDX,01/07/2025,10:38:02,3956.84,0,0,0,0,0,0
CPSE.BSE_IDX,01/07/2025,10:38:10,3957.55,0,0,0,0,0,0
CPSE.BSE_IDX,01/07/2025,10:38:18,3957.34,0,0,0,0,0,0
CPSE.BSE_IDX,01/07/2025,10:38:26,3958.41,0,0,0,0,0,0
CPSE.BSE_IDX,01/07/2025,10:38:34,3958.15,0,0,0,0,0,0
CPSE.BSE_IDX,01/07/2025,10:38:42,3958.43,0,0,0,0,0,0
CPSE.BSE_IDX,01/07/2025,10:38:50,3958.78,0,0,0,0,0,0
CPSE.BSE_IDX,01/07/2025,10:38:58,3959.3,0,0,0,0,0,0
CPSE.BSE_IDX,01/07/2025,10:39:06,3959.18,0,0,0,0,0,0
CPSE.BSE_IDX,01/07/2025,10:39:14,3959.41,0,0,0,0,0,0
CPSE.BSE_IDX,01/07/2025,10:39:22,3960.07,0,0,0,0,0,0
CPSE.BSE_IDX,01/07/2025,10:39:30,3960.1,0,0,0,0,0,0
CPSE.BSE_IDX,01/07/2025,10:39:38,3960.49,0,0,0,0,0,0
CPSE.BSE_IDX,01/07/2025,10:39:46,3960.25,0,0,0,0,0,0
CPSE.BSE_IDX,01/07/2025,10:39:54,3960.75,0,0,0,0,0,0
CPSE.BSE_IDX,01/07/2025,10:40:02,3960.91,0,0,0,0,0,0
CPSE.BSE_IDX,01/07/2025,10:40:10,3960.02,0,0,0,0,0,0
CPSE.BSE_IDX,01/07/2025,10:40:18,3960.48,0,0,0,0,0,0
CPSE.BSE_IDX,01/07/2025,10:40:26,3959.54,0,0,0,0,0,0
CPSE.BSE_IDX,01/07/2025,10:40:34,3959.83,0,0,0,0,0,0
CPSE.BSE_IDX,01/07/2025,10:40:42,3959.6,0,0,0,0,0,0
CPSE.BSE_IDX,01/07/2025,10:40:50,3959.38,0,0,0,0,0,0
CPSE.BSE_IDX,01/07/2025,10:40:58,3959.67,0,0,0,0,0,0
CPSE.BSE_IDX,01/07/2025,10:41:06,3959.38,0,0,0,0,0,0
CPSE.BSE_IDX,01/07/2025,10:41:14,3959.17,0,0,0,0,0,0
CPSE.BSE_IDX,01/07/2025,10:41:22,3959.55,0,0,0,0,0,0
CPSE.BSE_IDX,01/07/2025,10:41:30,3959.87,0,0,0,0,0,0
CPSE.BSE_IDX,01/07/2025,10:41:38,3960.14,0,0,0,0,0,0
CPSE.BSE_IDX,01/07/2025,10:41:46,3960.26,0,0,0,0,0,0
CPSE.BSE_IDX,01/07/2025,10:41:54,3960.19,0,0,0,0,0,0
CPSE.BSE_IDX,01/07/2025,10:42:02,3959.94,0,0,0,0,0,0
CPSE.BSE_IDX,01/07/2025,10:42:10,3959.85,0,0,0,0,0,0
CPSE.BSE_IDX,01/07/2025,10:42:18,3959.77,0,0,0,0,0,0
CPSE.BSE_IDX,01/07/2025,10:42:26,3959.9,0,0,0,0,0,0
CPSE.BSE_IDX,01/07/2025,10:42:34,3959.72,0,0,0,0,0,0
CPSE.BSE_IDX,01/07/2025,10:42:42,3959.33,0,0,0,0,0,0
CPSE.BSE_IDX,01/07/2025,10:42:50,3959.77,0,0,0,0,0,0
CPSE.BSE_IDX,01/07/2025,10:42:58,3959.03,0,0,0,0,0,0
CPSE.BSE_IDX,01/07/2025,10:43:06,3959.24,0,0,0,0,0,0
CPSE.BSE_IDX,01/07/2025,10:43:14,3959.72,0,0,0,0,0,0
CPSE.BSE_IDX,01/07/2025,10:43:22,3959.05,0,0,0,0,0,0
CPSE.BSE_IDX,01/07/2025,10:43:30,3959.23,0,0,0,0,0,0
CPSE.BSE_IDX,01/07/2025,10:43:38,3958.98,0,0,0,0,0,0
CPSE.BSE_IDX,01/07/2025,10:43:46,3958.99,0,0,0,0,0,0
CPSE.BSE_IDX,01/07/2025,10:43:54,3958.97,0,0,0,0,0,0
CPSE.BSE_IDX,01/07/2025,10:44:02,3958.94,0,0,0,0,0,0
CPSE.BSE_IDX,01/07/2025,10:44:10,3959.05,0,0,0,0,0,0
CPSE.BSE_IDX,01/07/2025,10:44:18,3958.86,0,0,0,0,0,0
CPSE.BSE_IDX,01/07/2025,10:44:26,3958.32,0,0,0,0,0,0
CPSE.BSE_IDX,01/07/2025,10:44:34,3958.71,0,0,0,0,0,0
CPSE.BSE_IDX,01/07/2025,10:44:42,3958.8,0,0,0,0,0,0
CPSE.BSE_IDX,01/07/2025,10:44:50,3958.26,0,0,0,0,0,0
CPSE.BSE_IDX,01/07/2025,10:44:58,3957.57,0,0,0,0,0,0
CPSE.BSE_IDX,01/07/2025,10:45:07,3956.92,0,0,0,0,0,0
CPSE.BSE_IDX,01/07/2025,10:45:14,3956.95,0,0,0,0,0,0
CPSE.BSE_IDX,01/07/2025,10:45:22,3956.47,0,0,0,0,0,0
CPSE.BSE_IDX,01/07/2025,10:45:30,3956.72,0,0,0,0,0,0
CPSE.BSE_IDX,01/07/2025,10:45:38,3957.05,0,0,0,0,0,0
CPSE.BSE_IDX,01/07/2025,10:45:46,3957.05,0,0,0,0,0,0
CPSE.BSE_IDX,01/07/2025,10:45:54,3956.91,0,0,0,0,0,0
CPSE.BSE_IDX,01/07/2025,10:46:02,3957.01,0,0,0,0,0,0
CPSE.BSE_IDX,01/07/2025,10:46:10,3956.72,0,0,0,0,0,0
CPSE.BSE_IDX,01/07/2025,10:46:18,3956.45,0,0,0,0,0,0
CPSE.BSE_IDX,01/07/2025,10:46:26,3957,0,0,0,0,0,0
CPSE.BSE_IDX,01/07/2025,10:46:34,3957.36,0,0,0,0,0,0
CPSE.BSE_IDX,01/07/2025,10:46:42,3957.3,0,0,0,0,0,0
CPSE.BSE_IDX,01/07/2025,10:46:50,3957.05,0,0,0,0,0,0
CPSE.BSE_IDX,01/07/2025,10:46:58,3957.29,0,0,0,0,0,0
CPSE.BSE_IDX,01/07/2025,10:47:06,3957.16,0,0,0,0,0,0
CPSE.BSE_IDX,01/07/2025,10:47:14,3956.7,0,0,0,0,0,0
CPSE.BSE_IDX,01/07/2025,10:47:22,3957.11,0,0,0,0,0,0
CPSE.BSE_IDX,01/07/2025,10:47:30,3957.72,0,0,0,0,0,0
CPSE.BSE_IDX,01/07/2025,10:47:38,3958.18,0,0,0,0,0,0
CPSE.BSE_IDX,01/07/2025,10:47:46,3958.61,0,0,0,0,0,0
CPSE.BSE_IDX,01/07/2025,10:47:54,3958.91,0,0,0,0,0,0
CPSE.BSE_IDX,01/07/2025,10:48:02,3959.16,0,0,0,0,0,0
CPSE.BSE_IDX,01/07/2025,10:48:10,3959.9,0,0,0,0,0,0
CPSE.BSE_IDX,01/07/2025,10:48:18,3960.18,0,0,0,0,0,0
CPSE.BSE_IDX,01/07/2025,10:48:26,3960.55,0,0,0,0,0,0
CPSE.BSE_IDX,01/07/2025,10:48:34,3960.26,0,0,0,0,0,0
CPSE.BSE_IDX,01/07/2025,10:48:42,3960.19,0,0,0,0,0,0
CPSE.BSE_IDX,01/07/2025,10:48:50,3959.68,0,0,0,0,0,0
CPSE.BSE_IDX,01/07/2025,10:48:58,3959.54,0,0,0,0,0,0
CPSE.BSE_IDX,01/07/2025,10:49:06,3959.53,0,0,0,0,0,0
CPSE.BSE_IDX,01/07/2025,10:49:14,3958.4,0,0,0,0,0,0
CPSE.BSE_IDX,01/07/2025,10:49:22,3958.56,0,0,0,0,0,0
CPSE.BSE_IDX,01/07/2025,10:49:30,3958.41,0,0,0,0,0,0
CPSE.BSE_IDX,01/07/2025,10:49:38,3958,0,0,0,0,0,0
CPSE.BSE_IDX,01/07/2025,10:49:46,3957.9,0,0,0,0,0,0
CPSE.BSE_IDX,01/07/2025,10:49:54,3957.9,0,0,0,0,0,0
CPSE.BSE_IDX,01/07/2025,10:50:02,3957.49,0,0,0,0,0,0
CPSE.BSE_IDX,01/07/2025,10:50:10,3956.97,0,0,0,0,0,0
CPSE.BSE_IDX,01/07/2025,10:50:18,3957.27,0,0,0,0,0,0
CPSE.BSE_IDX,01/07/2025,10:50:26,3957.41,0,0,0,0,0,0
CPSE.BSE_IDX,01/07/2025,10:50:34,3957.68,0,0,0,0,0,0
CPSE.BSE_IDX,01/07/2025,10:50:42,3957.83,0,0,0,0,0,0
CPSE.BSE_IDX,01/07/2025,10:50:50,3957.75,0,0,0,0,0,0
CPSE.BSE_IDX,01/07/2025,10:50:58,3957.1,0,0,0,0,0,0
CPSE.BSE_IDX,01/07/2025,10:51:06,3957.06,0,0,0,0,0,0
CPSE.BSE_IDX,01/07/2025,10:51:14,3956.87,0,0,0,0,0,0
CPSE.BSE_IDX,01/07/2025,10:51:22,3956.88,0,0,0,0,0,0
CPSE.BSE_IDX,01/07/2025,10:51:30,3956.43,0,0,0,0,0,0
CPSE.BSE_IDX,01/07/2025,10:51:38,3956.59,0,0,0,0,0,0
CPSE.BSE_IDX,01/07/2025,10:51:46,3956.61,0,0,0,0,0,0
CPSE.BSE_IDX,01/07/2025,10:51:54,3955.68,0,0,0,0,0,0
CPSE.BSE_IDX,01/07/2025,10:52:02,3955.39,0,0,0,0,0,0
CPSE.BSE_IDX,01/07/2025,10:52:10,3955.6,0,0,0,0,0,0
CPSE.BSE_IDX,01/07/2025,10:52:18,3955.73,0,0,0,0,0,0
CPSE.BSE_IDX,01/07/2025,10:52:26,3954.9,0,0,0,0,0,0
CPSE.BSE_IDX,01/07/2025,10:52:34,3954.8,0,0,0,0,0,0
CPSE.BSE_IDX,01/07/2025,10:52:43,3953.93,0,0,0,0,0,0
CPSE.BSE_IDX,01/07/2025,10:52:50,3953.57,0,0,0,0,0,0
CPSE.BSE_IDX,01/07/2025,10:52:58,3953.54,0,0,0,0,0,0
CPSE.BSE_IDX,01/07/2025,10:53:06,3953.37,0,0,0,0,0,0
CPSE.BSE_IDX,01/07/2025,10:53:14,3952.77,0,0,0,0,0,0
CPSE.BSE_IDX,01/07/2025,10:53:22,3953.27,0,0,0,0,0,0
CPSE.BSE_IDX,01/07/2025,10:53:30,3952.85,0,0,0,0,0,0
CPSE.BSE_IDX,01/07/2025,10:53:38,3953,0,0,0,0,0,0
CPSE.BSE_IDX,01/07/2025,10:53:46,3952.76,0,0,0,0,0,0
CPSE.BSE_IDX,01/07/2025,10:53:54,3953.07,0,0,0,0,0,0
CPSE.BSE_IDX,01/07/2025,10:54:02,3953.33,0,0,0,0,0,0
CPSE.BSE_IDX,01/07/2025,10:54:10,3953.72,0,0,0,0,0,0
CPSE.BSE_IDX,01/07/2025,10:54:18,3953.47,0,0,0,0,0,0
CPSE.BSE_IDX,01/07/2025,10:54:26,3953.88,0,0,0,0,0,0
CPSE.BSE_IDX,01/07/2025,10:54:34,3954.47,0,0,0,0,0,0
CPSE.BSE_IDX,01/07/2025,10:54:42,3955.14,0,0,0,0,0,0
CPSE.BSE_IDX,01/07/2025,10:54:51,3955.09,0,0,0,0,0,0
CPSE.BSE_IDX,01/07/2025,10:54:58,3954.83,0,0,0,0,0,0
CPSE.BSE_IDX,01/07/2025,10:55:06,3955.34,0,0,0,0,0,0
CPSE.BSE_IDX,01/07/2025,10:55:14,3955.04,0,0,0,0,0,0
CPSE.BSE_IDX,01/07/2025,10:55:22,3955.69,0,0,0,0,0,0
CPSE.BSE_IDX,01/07/2025,10:55:30,3955.66,0,0,0,0,0,0
CPSE.BSE_IDX,01/07/2025,10:55:38,3955.27,0,0,0,0,0,0
CPSE.BSE_IDX,01/07/2025,10:55:46,3955.37,0,0,0,0,0,0
CPSE.BSE_IDX,01/07/2025,10:55:54,3954.83,0,0,0,0,0,0
CPSE.BSE_IDX,01/07/2025,10:56:02,3955.3,0,0,0,0,0,0
CPSE.BSE_IDX,01/07/2025,10:56:10,3954.53,0,0,0,0,0,0
CPSE.BSE_IDX,01/07/2025,10:56:18,3954.71,0,0,0,0,0,0
CPSE.BSE_IDX,01/07/2025,10:56:26,3954.4,0,0,0,0,0,0
CPSE.BSE_IDX,01/07/2025,10:56:34,3954.44,0,0,0,0,0,0
CPSE.BSE_IDX,01/07/2025,10:56:42,3954.61,0,0,0,0,0,0
CPSE.BSE_IDX,01/07/2025,10:56:50,3954.31,0,0,0,0,0,0
CPSE.BSE_IDX,01/07/2025,10:56:58,3954.05,0,0,0,0,0,0
CPSE.BSE_IDX,01/07/2025,10:57:06,3953.77,0,0,0,0,0,0
CPSE.BSE_IDX,01/07/2025,10:57:14,3953.1,0,0,0,0,0,0
CPSE.BSE_IDX,01/07/2025,10:57:22,3953.43,0,0,0,0,0,0
CPSE.BSE_IDX,01/07/2025,10:57:30,3953.5,0,0,0,0,0,0
CPSE.BSE_IDX,01/07/2025,10:57:39,3953.12,0,0,0,0,0,0
CPSE.BSE_IDX,01/07/2025,10:57:46,3953.13,0,0,0,0,0,0
CPSE.BSE_IDX,01/07/2025,10:57:54,3953.09,0,0,0,0,0,0
CPSE.BSE_IDX,01/07/2025,10:58:02,3952.86,0,0,0,0,0,0
CPSE.BSE_IDX,01/07/2025,10:58:10,3952.94,0,0,0,0,0,0
CPSE.BSE_IDX,01/07/2025,10:58:18,3953.05,0,0,0,0,0,0
CPSE.BSE_IDX,01/07/2025,10:58:26,3953.16,0,0,0,0,0,0
CPSE.BSE_IDX,01/07/2025,10:58:34,3953.6,0,0,0,0,0,0
CPSE.BSE_IDX,01/07/2025,10:58:42,3953.7,0,0,0,0,0,0
CPSE.BSE_IDX,01/07/2025,10:58:50,3953.97,0,0,0,0,0,0
CPSE.BSE_IDX,01/07/2025,10:58:58,3953.66,0,0,0,0,0,0
CPSE.BSE_IDX,01/07/2025,10:59:06,3954.23,0,0,0,0,0,0
CPSE.BSE_IDX,01/07/2025,10:59:14,3953.89,0,0,0,0,0,0
CPSE.BSE_IDX,01/07/2025,10:59:22,3954.18,0,0,0,0,0,0
CPSE.BSE_IDX,01/07/2025,10:59:30,3954.19,0,0,0,0,0,0
CPSE.BSE_IDX,01/07/2025,10:59:38,3953.79,0,0,0,0,0,0
CPSE.BSE_IDX,01/07/2025,10:59:47,3953.84,0,0,0,0,0,0
CPSE.BSE_IDX,01/07/2025,10:59:55,3953.73,0,0,0,0,0,0
CPSE.BSE_IDX,01/07/2025,11:00:03,3953.37,0,0,0,0,0,0
CPSE.BSE_IDX,01/07/2025,11:00:11,3953.59,0,0,0,0,0,0
CPSE.BSE_IDX,01/07/2025,11:00:18,3953.64,0,0,0,0,0,0
CPSE.BSE_IDX,01/07/2025,11:00:26,3954.02,0,0,0,0,0,0
CPSE.BSE_IDX,01/07/2025,11:00:34,3953.28,0,0,0,0,0,0
CPSE.BSE_IDX,01/07/2025,11:00:42,3953.35,0,0,0,0,0,0
CPSE.BSE_IDX,01/07/2025,11:00:50,3953.18,0,0,0,0,0,0
CPSE.BSE_IDX,01/07/2025,11:00:58,3953.84,0,0,0,0,0,0
CPSE.BSE_IDX,01/07/2025,11:01:06,3954.17,0,0,0,0,0,0
CPSE.BSE_IDX,01/07/2025,11:01:15,3954.21,0,0,0,0,0,0
CPSE.BSE_IDX,01/07/2025,11:01:22,3954.63,0,0,0,0,0,0
CPSE.BSE_IDX,01/07/2025,11:01:30,3954.29,0,0,0,0,0,0
CPSE.BSE_IDX,01/07/2025,11:01:38,3953.97,0,0,0,0,0,0
CPSE.BSE_IDX,01/07/2025,11:01:46,3954.03,0,0,0,0,0,0
CPSE.BSE_IDX,01/07/2025,11:01:54,3953.63,0,0,0,0,0,0
CPSE.BSE_IDX,01/07/2025,11:02:02,3953.65,0,0,0,0,0,0
CPSE.BSE_IDX,01/07/2025,11:02:10,3953.33,0,0,0,0,0,0
CPSE.BSE_IDX,01/07/2025,11:02:18,3953.45,0,0,0,0,0,0
CPSE.BSE_IDX,01/07/2025,11:02:27,3952.93,0,0,0,0,0,0
CPSE.BSE_IDX,01/07/2025,11:02:34,3952.69,0,0,0,0,0,0
CPSE.BSE_IDX,01/07/2025,11:02:42,3952.26,0,0,0,0,0,0
CPSE.BSE_IDX,01/07/2025,11:02:51,3952,0,0,0,0,0,0
CPSE.BSE_IDX,01/07/2025,11:02:58,3951.82,0,0,0,0,0,0
CPSE.BSE_IDX,01/07/2025,11:03:06,3951.42,0,0,0,0,0,0
CPSE.BSE_IDX,01/07/2025,11:03:14,3951.31,0,0,0,0,0,0
CPSE.BSE_IDX,01/07/2025,11:03:22,3951.1,0,0,0,0,0,0
CPSE.BSE_IDX,01/07/2025,11:03:31,3951.04,0,0,0,0,0,0
CPSE.BSE_IDX,01/07/2025,11:03:38,3950.91,0,0,0,0,0,0
CPSE.BSE_IDX,01/07/2025,11:03:46,3950.89,0,0,0,0,0,0
CPSE.BSE_IDX,01/07/2025,11:03:54,3951.43,0,0,0,0,0,0
CPSE.BSE_IDX,01/07/2025,11:04:02,3951.35,0,0,0,0,0,0
CPSE.BSE_IDX,01/07/2025,11:04:10,3950.8,0,0,0,0,0,0
CPSE.BSE_IDX,01/07/2025,11:04:18,3950.75,0,0,0,0,0,0
CPSE.BSE_IDX,01/07/2025,11:04:27,3950.79,0,0,0,0,0,0
CPSE.BSE_IDX,01/07/2025,11:04:34,3951.01,0,0,0,0,0,0
CPSE.BSE_IDX,01/07/2025,11:04:42,3951.05,0,0,0,0,0,0
CPSE.BSE_IDX,01/07/2025,11:04:51,3951.22,0,0,0,0,0,0
CPSE.BSE_IDX,01/07/2025,11:04:58,3951.02,0,0,0,0,0,0
CPSE.BSE_IDX,01/07/2025,11:05:06,3951.28,0,0,0,0,0,0
CPSE.BSE_IDX,01/07/2025,11:05:14,3951.4,0,0,0,0,0,0
CPSE.BSE_IDX,01/07/2025,11:05:22,3951.85,0,0,0,0,0,0
CPSE.BSE_IDX,01/07/2025,11:05:30,3951.66,0,0,0,0,0,0
CPSE.BSE_IDX,01/07/2025,11:05:38,3952,0,0,0,0,0,0
CPSE.BSE_IDX,01/07/2025,11:05:46,3952.44,0,0,0,0,0,0
CPSE.BSE_IDX,01/07/2025,11:05:54,3952.11,0,0,0,0,0,0
CPSE.BSE_IDX,01/07/2025,11:06:02,3952.59,0,0,0,0,0,0
CPSE.BSE_IDX,01/07/2025,11:06:11,3953.16,0,0,0,0,0,0
CPSE.BSE_IDX,01/07/2025,11:06:19,3953.29,0,0,0,0,0,0
CPSE.BSE_IDX,01/07/2025,11:06:26,3953.1,0,0,0,0,0,0
CPSE.BSE_IDX,01/07/2025,11:06:34,3953.15,0,0,0,0,0,0
CPSE.BSE_IDX,01/07/2025,11:06:42,3953.08,0,0,0,0,0,0
CPSE.BSE_IDX,01/07/2025,11:06:50,3953.17,0,0,0,0,0,0
CPSE.BSE_IDX,01/07/2025,11:06:58,3953.6,0,0,0,0,0,0
CPSE.BSE_IDX,01/07/2025,11:07:06,3954.3,0,0,0,0,0,0
CPSE.BSE_IDX,01/07/2025,11:07:15,3954.49,0,0,0,0,0,0
CPSE.BSE_IDX,01/07/2025,11:07:22,3954.86,0,0,0,0,0,0
CPSE.BSE_IDX,01/07/2025,11:07:30,3954.73,0,0,0,0,0,0
CPSE.BSE_IDX,01/07/2025,11:07:38,3954.73,0,0,0,0,0,0
CPSE.BSE_IDX,01/07/2025,11:07:46,3954.83,0,0,0,0,0,0
CPSE.BSE_IDX,01/07/2025,11:07:54,3954.88,0,0,0,0,0,0
CPSE.BSE_IDX,01/07/2025,11:08:02,3955,0,0,0,0,0,0
CPSE.BSE_IDX,01/07/2025,11:08:11,3955.25,0,0,0,0,0,0
CPSE.BSE_IDX,01/07/2025,11:08:18,3955.12,0,0,0,0,0,0
CPSE.BSE_IDX,01/07/2025,11:08:26,3955.38,0,0,0,0,0,0
CPSE.BSE_IDX,01/07/2025,11:08:35,3955.07,0,0,0,0,0,0
CPSE.BSE_IDX,01/07/2025,11:08:43,3954.76,0,0,0,0,0,0
CPSE.BSE_IDX,01/07/2025,11:08:51,3955.11,0,0,0,0,0,0
CPSE.BSE_IDX,01/07/2025,11:08:58,3954.82,0,0,0,0,0,0
CPSE.BSE_IDX,01/07/2025,11:09:07,3954.7,0,0,0,0,0,0
CPSE.BSE_IDX,01/07/2025,11:09:15,3954.69,0,0,0,0,0,0
CPSE.BSE_IDX,01/07/2025,11:09:23,3954.29,0,0,0,0,0,0
CPSE.BSE_IDX,01/07/2025,11:09:31,3954.35,0,0,0,0,0,0
CPSE.BSE_IDX,01/07/2025,11:09:39,3954.48,0,0,0,0,0,0
CPSE.BSE_IDX,01/07/2025,11:09:46,3954.33,0,0,0,0,0,0
CPSE.BSE_IDX,01/07/2025,11:09:55,3954.2,0,0,0,0,0,0
CPSE.BSE_IDX,01/07/2025,11:10:03,3954.25,0,0,0,0,0,0
CPSE.BSE_IDX,01/07/2025,11:10:11,3954.1,0,0,0,0,0,0
CPSE.BSE_IDX,01/07/2025,11:10:19,3954.42,0,0,0,0,0,0
CPSE.BSE_IDX,01/07/2025,11:10:27,3954.32,0,0,0,0,0,0
CPSE.BSE_IDX,01/07/2025,11:10:35,3954.32,0,0,0,0,0,0
CPSE.BSE_IDX,01/07/2025,11:10:43,3954.99,0,0,0,0,0,0
CPSE.BSE_IDX,01/07/2025,11:10:51,3954.78,0,0,0,0,0,0
CPSE.BSE_IDX,01/07/2025,11:10:59,3954.84,0,0,0,0,0,0
CPSE.BSE_IDX,01/07/2025,11:11:07,3954.78,0,0,0,0,0,0
CPSE.BSE_IDX,01/07/2025,11:11:15,3955.03,0,0,0,0,0,0
CPSE.BSE_IDX,01/07/2025,11:11:23,3955.1,0,0,0,0,0,0
CPSE.BSE_IDX,01/07/2025,11:11:31,3954.85,0,0,0,0,0,0
CPSE.BSE_IDX,01/07/2025,11:11:39,3954.63,0,0,0,0,0,0
CPSE.BSE_IDX,01/07/2025,11:11:47,3954.62,0,0,0,0,0,0
CPSE.BSE_IDX,01/07/2025,11:11:55,3954.37,0,0,0,0,0,0
CPSE.BSE_IDX,01/07/2025,11:12:03,3954.93,0,0,0,0,0,0
CPSE.BSE_IDX,01/07/2025,11:12:11,3955.25,0,0,0,0,0,0
CPSE.BSE_IDX,01/07/2025,11:12:19,3955.17,0,0,0,0,0,0
CPSE.BSE_IDX,01/07/2025,11:12:27,3955.31,0,0,0,0,0,0
CPSE.BSE_IDX,01/07/2025,11:12:35,3955.16,0,0,0,0,0,0
CPSE.BSE_IDX,01/07/2025,11:12:43,3955.09,0,0,0,0,0,0
CPSE.BSE_IDX,01/07/2025,11:12:51,3955.3,0,0,0,0,0,0
CPSE.BSE_IDX,01/07/2025,11:12:59,3954.9,0,0,0,0,0,0
CPSE.BSE_IDX,01/07/2025,11:13:07,3954.94,0,0,0,0,0,0
CPSE.BSE_IDX,01/07/2025,11:13:16,3954.39,0,0,0,0,0,0
CPSE.BSE_IDX,01/07/2025,11:13:23,3954.39,0,0,0,0,0,0
CPSE.BSE_IDX,01/07/2025,11:13:31,3954.53,0,0,0,0,0,0
CPSE.BSE_IDX,01/07/2025,11:13:39,3954.7,0,0,0,0,0,0
CPSE.BSE_IDX,01/07/2025,11:13:47,3954.31,0,0,0,0,0,0
CPSE.BSE_IDX,01/07/2025,11:13:55,3955.13,0,0,0,0,0,0
CPSE.BSE_IDX,01/07/2025,11:14:03,3955.23,0,0,0,0,0,0
CPSE.BSE_IDX,01/07/2025,11:14:11,3955.61,0,0,0,0,0,0
CPSE.BSE_IDX,01/07/2025,11:14:19,3955.71,0,0,0,0,0,0
CPSE.BSE_IDX,01/07/2025,11:14:27,3955.87,0,0,0,0,0,0
CPSE.BSE_IDX,01/07/2025,11:14:35,3956.1,0,0,0,0,0,0
CPSE.BSE_IDX,01/07/2025,11:14:43,3955.83,0,0,0,0,0,0
CPSE.BSE_IDX,01/07/2025,11:14:51,3956.13,0,0,0,0,0,0
CPSE.BSE_IDX,01/07/2025,11:14:59,3956.45,0,0,0,0,0,0
CPSE.BSE_IDX,01/07/2025,11:15:07,3956.65,0,0,0,0,0,0
CPSE.BSE_IDX,01/07/2025,11:15:15,3956.78,0,0,0,0,0,0
CPSE.BSE_IDX,01/07/2025,11:15:23,3956.64,0,0,0,0,0,0
CPSE.BSE_IDX,01/07/2025,11:15:31,3956.09,0,0,0,0,0,0
CPSE.BSE_IDX,01/07/2025,11:15:39,3956.58,0,0,0,0,0,0
CPSE.BSE_IDX,01/07/2025,11:15:47,3957.19,0,0,0,0,0,0
CPSE.BSE_IDX,01/07/2025,11:15:56,3957.1,0,0,0,0,0,0
CPSE.BSE_IDX,01/07/2025,11:16:03,3957.01,0,0,0,0,0,0
CPSE.BSE_IDX,01/07/2025,11:16:11,3957.13,0,0,0,0,0,0
CPSE.BSE_IDX,01/07/2025,11:16:19,3957.08,0,0,0,0,0,0
CPSE.BSE_IDX,01/07/2025,11:16:27,3956.9,0,0,0,0,0,0
CPSE.BSE_IDX,01/07/2025,11:16:35,3956.51,0,0,0,0,0,0
CPSE.BSE_IDX,01/07/2025,11:16:43,3956.75,0,0,0,0,0,0
CPSE.BSE_IDX,01/07/2025,11:16:51,3956.37,0,0,0,0,0,0
CPSE.BSE_IDX,01/07/2025,11:16:59,3956.06,0,0,0,0,0,0
CPSE.BSE_IDX,01/07/2025,11:17:07,3956.44,0,0,0,0,0,0
CPSE.BSE_IDX,01/07/2025,11:17:15,3956.61,0,0,0,0,0,0
CPSE.BSE_IDX,01/07/2025,11:17:23,3956.82,0,0,0,0,0,0
CPSE.BSE_IDX,01/07/2025,11:17:31,3956.96,0,0,0,0,0,0
CPSE.BSE_IDX,01/07/2025,11:17:39,3957.34,0,0,0,0,0,0
CPSE.BSE_IDX,01/07/2025,11:17:47,3958.11,0,0,0,0,0,0
CPSE.BSE_IDX,01/07/2025,11:17:57,3958.12,0,0,0,0,0,0
CPSE.BSE_IDX,01/07/2025,11:18:03,3958.02,0,0,0,0,0,0
CPSE.BSE_IDX,01/07/2025,11:18:11,3957.83,0,0,0,0,0,0
CPSE.BSE_IDX,01/07/2025,11:18:19,3958.07,0,0,0,0,0,0
CPSE.BSE_IDX,01/07/2025,11:18:27,3958.12,0,0,0,0,0,0
CPSE.BSE_IDX,01/07/2025,11:18:35,3958.17,0,0,0,0,0,0
CPSE.BSE_IDX,01/07/2025,11:18:44,3958.31,0,0,0,0,0,0
CPSE.BSE_IDX,01/07/2025,11:18:51,3958.12,0,0,0,0,0,0
CPSE.BSE_IDX,01/07/2025,11:18:59,3957.91,0,0,0,0,0,0
CPSE.BSE_IDX,01/07/2025,11:19:08,3957.75,0,0,0,0,0,0
CPSE.BSE_IDX,01/07/2025,11:19:15,3957.45,0,0,0,0,0,0
CPSE.BSE_IDX,01/07/2025,11:19:23,3957.42,0,0,0,0,0,0
CPSE.BSE_IDX,01/07/2025,11:19:31,3956.84,0,0,0,0,0,0
CPSE.BSE_IDX,01/07/2025,11:19:39,3956.57,0,0,0,0,0,0
CPSE.BSE_IDX,01/07/2025,11:19:47,3956.25,0,0,0,0,0,0
CPSE.BSE_IDX,01/07/2025,11:19:55,3955.56,0,0,0,0,0,0
CPSE.BSE_IDX,01/07/2025,11:20:03,3955.47,0,0,0,0,0,0
CPSE.BSE_IDX,01/07/2025,11:20:11,3955.52,0,0,0,0,0,0
CPSE.BSE_IDX,01/07/2025,11:20:19,3955.55,0,0,0,0,0,0
CPSE.BSE_IDX,01/07/2025,11:20:27,3955.67,0,0,0,0,0,0
CPSE.BSE_IDX,01/07/2025,11:20:35,3955.98,0,0,0,0,0,0
CPSE.BSE_IDX,01/07/2025,11:20:43,3956.11,0,0,0,0,0,0
CPSE.BSE_IDX,01/07/2025,11:20:51,3956.57,0,0,0,0,0,0
CPSE.BSE_IDX,01/07/2025,11:20:59,3956.4,0,0,0,0,0,0
CPSE.BSE_IDX,01/07/2025,11:21:07,3956.05,0,0,0,0,0,0
CPSE.BSE_IDX,01/07/2025,11:21:15,3956.1,0,0,0,0,0,0
CPSE.BSE_IDX,01/07/2025,11:21:24,3956.71,0,0,0,0,0,0
CPSE.BSE_IDX,01/07/2025,11:21:31,3956.69,0,0,0,0,0,0
CPSE.BSE_IDX,01/07/2025,11:21:39,3956.25,0,0,0,0,0,0
CPSE.BSE_IDX,01/07/2025,11:21:47,3956.38,0,0,0,0,0,0
CPSE.BSE_IDX,01/07/2025,11:21:56,3956.33,0,0,0,0,0,0
CPSE.BSE_IDX,01/07/2025,11:22:03,3956.78,0,0,0,0,0,0
CPSE.BSE_IDX,01/07/2025,11:22:11,3956.44,0,0,0,0,0,0
CPSE.BSE_IDX,01/07/2025,11:22:19,3956.33,0,0,0,0,0,0
CPSE.BSE_IDX,01/07/2025,11:22:28,3956.25,0,0,0,0,0,0
CPSE.BSE_IDX,01/07/2025,11:22:35,3956.21,0,0,0,0,0,0
CPSE.BSE_IDX,01/07/2025,11:22:43,3956.42,0,0,0,0,0,0
CPSE.BSE_IDX,01/07/2025,11:22:51,3956.27,0,0,0,0,0,0
CPSE.BSE_IDX,01/07/2025,11:22:59,3956.29,0,0,0,0,0,0
CPSE.BSE_IDX,01/07/2025,11:23:07,3956.4,0,0,0,0,0,0
CPSE.BSE_IDX,01/07/2025,11:23:15,3956.1,0,0,0,0,0,0
CPSE.BSE_IDX,01/07/2025,11:23:23,3956.13,0,0,0,0,0,0
CPSE.BSE_IDX,01/07/2025,11:23:31,3956.08,0,0,0,0,0,0
CPSE.BSE_IDX,01/07/2025,11:23:39,3955.85,0,0,0,0,0,0
CPSE.BSE_IDX,01/07/2025,11:23:47,3956.33,0,0,0,0,0,0
CPSE.BSE_IDX,01/07/2025,11:23:55,3956.76,0,0,0,0,0,0
CPSE.BSE_IDX,01/07/2025,11:24:04,3956.26,0,0,0,0,0,0
CPSE.BSE_IDX,01/07/2025,11:24:11,3956.41,0,0,0,0,0,0
CPSE.BSE_IDX,01/07/2025,11:24:19,3956.62,0,0,0,0,0,0
CPSE.BSE_IDX,01/07/2025,11:24:27,3957.13,0,0,0,0,0,0
CPSE.BSE_IDX,01/07/2025,11:24:35,3957.17,0,0,0,0,0,0
CPSE.BSE_IDX,01/07/2025,11:24:43,3957.36,0,0,0,0,0,0
CPSE.BSE_IDX,01/07/2025,11:24:52,3957.4,0,0,0,0,0,0
CPSE.BSE_IDX,01/07/2025,11:25:00,3957.82,0,0,0,0,0,0
CPSE.BSE_IDX,01/07/2025,11:25:07,3957.51,0,0,0,0,0,0
CPSE.BSE_IDX,01/07/2025,11:25:15,3957.5,0,0,0,0,0,0
CPSE.BSE_IDX,01/07/2025,11:25:23,3957.22,0,0,0,0,0,0
CPSE.BSE_IDX,01/07/2025,11:25:31,3957.39,0,0,0,0,0,0
CPSE.BSE_IDX,01/07/2025,11:25:41,3957.22,0,0,0,0,0,0
CPSE.BSE_IDX,01/07/2025,11:25:47,3956.69,0,0,0,0,0,0
CPSE.BSE_IDX,01/07/2025,11:25:55,3956.35,0,0,0,0,0,0
CPSE.BSE_IDX,01/07/2025,11:26:03,3956.53,0,0,0,0,0,0
CPSE.BSE_IDX,01/07/2025,11:26:11,3956.14,0,0,0,0,0,0
CPSE.BSE_IDX,01/07/2025,11:26:19,3956.2,0,0,0,0,0,0
CPSE.BSE_IDX,01/07/2025,11:26:27,3956.57,0,0,0,0,0,0
CPSE.BSE_IDX,01/07/2025,11:26:35,3956.75,0,0,0,0,0,0
CPSE.BSE_IDX,01/07/2025,11:26:43,3956.69,0,0,0,0,0,0
CPSE.BSE_IDX,01/07/2025,11:26:51,3956.69,0,0,0,0,0,0
CPSE.BSE_IDX,01/07/2025,11:26:59,3956.85,0,0,0,0,0,0
CPSE.BSE_IDX,01/07/2025,11:27:07,3957.67,0,0,0,0,0,0
CPSE.BSE_IDX,01/07/2025,11:27:15,3957.77,0,0,0,0,0,0
CPSE.BSE_IDX,01/07/2025,11:27:23,3957.45,0,0,0,0,0,0
CPSE.BSE_IDX,01/07/2025,11:27:31,3957.73,0,0,0,0,0,0
CPSE.BSE_IDX,01/07/2025,11:27:39,3958.07,0,0,0,0,0,0
CPSE.BSE_IDX,01/07/2025,11:27:47,3957.75,0,0,0,0,0,0
CPSE.BSE_IDX,01/07/2025,11:27:55,3957.92,0,0,0,0,0,0
CPSE.BSE_IDX,01/07/2025,11:28:03,3957.85,0,0,0,0,0,0
CPSE.BSE_IDX,01/07/2025,11:28:11,3957.96,0,0,0,0,0,0
CPSE.BSE_IDX,01/07/2025,11:28:19,3957.63,0,0,0,0,0,0
CPSE.BSE_IDX,01/07/2025,11:28:27,3957.84,0,0,0,0,0,0
CPSE.BSE_IDX,01/07/2025,11:28:36,3958.03,0,0,0,0,0,0
CPSE.BSE_IDX,01/07/2025,11:28:43,3958.03,0,0,0,0,0,0
CPSE.BSE_IDX,01/07/2025,11:28:51,3958.1,0,0,0,0,0,0
CPSE.BSE_IDX,01/07/2025,11:28:59,3958.24,0,0,0,0,0,0
CPSE.BSE_IDX,01/07/2025,11:29:07,3958.3,0,0,0,0,0,0
CPSE.BSE_IDX,01/07/2025,11:29:16,3957.98,0,0,0,0,0,0
CPSE.BSE_IDX,01/07/2025,11:29:24,3957.85,0,0,0,0,0,0
CPSE.BSE_IDX,01/07/2025,11:29:31,3957.84,0,0,0,0,0,0
CPSE.BSE_IDX,01/07/2025,11:29:39,3957.78,0,0,0,0,0,0
CPSE.BSE_IDX,01/07/2025,11:29:47,3958.3,0,0,0,0,0,0
CPSE.BSE_IDX,01/07/2025,11:29:55,3958.27,0,0,0,0,0,0
CPSE.BSE_IDX,01/07/2025,11:30:03,3958.43,0,0,0,0,0,0
CPSE.BSE_IDX,01/07/2025,11:30:11,3958.31,0,0,0,0,0,0
CPSE.BSE_IDX,01/07/2025,11:30:19,3958.09,0,0,0,0,0,0
CPSE.BSE_IDX,01/07/2025,11:30:27,3958.15,0,0,0,0,0,0
CPSE.BSE_IDX,01/07/2025,11:30:35,3958.07,0,0,0,0,0,0
CPSE.BSE_IDX,01/07/2025,11:30:43,3958.5,0,0,0,0,0,0
CPSE.BSE_IDX,01/07/2025,11:30:51,3958.44,0,0,0,0,0,0
CPSE.BSE_IDX,01/07/2025,11:30:59,3957.68,0,0,0,0,0,0
CPSE.BSE_IDX,01/07/2025,11:31:07,3958.01,0,0,0,0,0,0
CPSE.BSE_IDX,01/07/2025,11:31:15,3957.31,0,0,0,0,0,0
CPSE.BSE_IDX,01/07/2025,11:31:23,3957.28,0,0,0,0,0,0
CPSE.BSE_IDX,01/07/2025,11:31:31,3957.5,0,0,0,0,0,0
CPSE.BSE_IDX,01/07/2025,11:31:39,3957.56,0,0,0,0,0,0
CPSE.BSE_IDX,01/07/2025,11:31:47,3957.61,0,0,0,0,0,0
CPSE.BSE_IDX,01/07/2025,11:31:55,3957.31,0,0,0,0,0,0
CPSE.BSE_IDX,01/07/2025,11:32:04,3957.48,0,0,0,0,0,0
CPSE.BSE_IDX,01/07/2025,11:32:11,3957.21,0,0,0,0,0,0
CPSE.BSE_IDX,01/07/2025,11:32:19,3956.95,0,0,0,0,0,0
CPSE.BSE_IDX,01/07/2025,11:32:27,3957.02,0,0,0,0,0,0
CPSE.BSE_IDX,01/07/2025,11:32:35,3957.01,0,0,0,0,0,0
CPSE.BSE_IDX,01/07/2025,11:32:43,3956.78,0,0,0,0,0,0
CPSE.BSE_IDX,01/07/2025,11:32:51,3957.13,0,0,0,0,0,0
CPSE.BSE_IDX,01/07/2025,11:32:59,3957.06,0,0,0,0,0,0
CPSE.BSE_IDX,01/07/2025,11:33:07,3956.49,0,0,0,0,0,0
CPSE.BSE_IDX,01/07/2025,11:33:15,3956.6,0,0,0,0,0,0
CPSE.BSE_IDX,01/07/2025,11:33:23,3956.38,0,0,0,0,0,0
CPSE.BSE_IDX,01/07/2025,11:33:31,3956.54,0,0,0,0,0,0
CPSE.BSE_IDX,01/07/2025,11:33:39,3956.53,0,0,0,0,0,0
CPSE.BSE_IDX,01/07/2025,11:33:47,3956.63,0,0,0,0,0,0
CPSE.BSE_IDX,01/07/2025,11:33:55,3956.55,0,0,0,0,0,0
CPSE.BSE_IDX,01/07/2025,11:34:03,3956.7,0,0,0,0,0,0
CPSE.BSE_IDX,01/07/2025,11:34:12,3957.46,0,0,0,0,0,0
CPSE.BSE_IDX,01/07/2025,11:34:19,3957.19,0,0,0,0,0,0
CPSE.BSE_IDX,01/07/2025,11:34:27,3957.06,0,0,0,0,0,0
CPSE.BSE_IDX,01/07/2025,11:34:35,3956.92,0,0,0,0,0,0
CPSE.BSE_IDX,01/07/2025,11:34:43,3957.08,0,0,0,0,0,0
CPSE.BSE_IDX,01/07/2025,11:34:51,3956.82,0,0,0,0,0,0
CPSE.BSE_IDX,01/07/2025,11:34:59,3956.17,0,0,0,0,0,0
CPSE.BSE_IDX,01/07/2025,11:35:07,3956.13,0,0,0,0,0,0
CPSE.BSE_IDX,01/07/2025,11:35:16,3956.69,0,0,0,0,0,0
CPSE.BSE_IDX,01/07/2025,11:35:23,3956.6,0,0,0,0,0,0
CPSE.BSE_IDX,01/07/2025,11:35:32,3956.66,0,0,0,0,0,0
CPSE.BSE_IDX,01/07/2025,11:35:39,3956.93,0,0,0,0,0,0
CPSE.BSE_IDX,01/07/2025,11:35:47,3957.09,0,0,0,0,0,0
CPSE.BSE_IDX,01/07/2025,11:35:55,3956.67,0,0,0,0,0,0
CPSE.BSE_IDX,01/07/2025,11:36:04,3957.23,0,0,0,0,0,0
CPSE.BSE_IDX,01/07/2025,11:36:11,3957.36,0,0,0,0,0,0
CPSE.BSE_IDX,01/07/2025,11:36:19,3956.9,0,0,0,0,0,0
CPSE.BSE_IDX,01/07/2025,11:36:28,3957.2,0,0,0,0,0,0
CPSE.BSE_IDX,01/07/2025,11:36:35,3956.22,0,0,0,0,0,0
CPSE.BSE_IDX,01/07/2025,11:36:43,3956.52,0,0,0,0,0,0
CPSE.BSE_IDX,01/07/2025,11:36:54,3956.63,0,0,0,0,0,0
CPSE.BSE_IDX,01/07/2025,11:36:59,3956.09,0,0,0,0,0,0
CPSE.BSE_IDX,01/07/2025,11:37:07,3956.06,0,0,0,0,0,0
CPSE.BSE_IDX,01/07/2025,11:37:15,3956.13,0,0,0,0,0,0
CPSE.BSE_IDX,01/07/2025,11:37:23,3955.6,0,0,0,0,0,0
CPSE.BSE_IDX,01/07/2025,11:37:31,3955.92,0,0,0,0,0,0
CPSE.BSE_IDX,01/07/2025,11:37:41,3955.68,0,0,0,0,0,0
CPSE.BSE_IDX,01/07/2025,11:37:47,3955.88,0,0,0,0,0,0
CPSE.BSE_IDX,01/07/2025,11:37:55,3955.74,0,0,0,0,0,0
CPSE.BSE_IDX,01/07/2025,11:38:03,3955.79,0,0,0,0,0,0
CPSE.BSE_IDX,01/07/2025,11:38:11,3955.88,0,0,0,0,0,0
CPSE.BSE_IDX,01/07/2025,11:38:20,3955.42,0,0,0,0,0,0
CPSE.BSE_IDX,01/07/2025,11:38:27,3955.24,0,0,0,0,0,0
CPSE.BSE_IDX,01/07/2025,11:38:35,3955.97,0,0,0,0,0,0
CPSE.BSE_IDX,01/07/2025,11:38:43,3956.03,0,0,0,0,0,0
CPSE.BSE_IDX,01/07/2025,11:38:51,3956.05,0,0,0,0,0,0
CPSE.BSE_IDX,01/07/2025,11:38:59,3955.85,0,0,0,0,0,0
CPSE.BSE_IDX,01/07/2025,11:39:07,3956.5,0,0,0,0,0,0
CPSE.BSE_IDX,01/07/2025,11:39:16,3956.58,0,0,0,0,0,0
CPSE.BSE_IDX,01/07/2025,11:39:23,3956.62,0,0,0,0,0,0
CPSE.BSE_IDX,01/07/2025,11:39:31,3956.99,0,0,0,0,0,0
CPSE.BSE_IDX,01/07/2025,11:39:39,3956.01,0,0,0,0,0,0
CPSE.BSE_IDX,01/07/2025,11:39:47,3955.88,0,0,0,0,0,0
CPSE.BSE_IDX,01/07/2025,11:39:55,3955.47,0,0,0,0,0,0
CPSE.BSE_IDX,01/07/2025,11:40:03,3955.77,0,0,0,0,0,0
CPSE.BSE_IDX,01/07/2025,11:40:11,3955.81,0,0,0,0,0,0
CPSE.BSE_IDX,01/07/2025,11:40:19,3955.61,0,0,0,0,0,0
CPSE.BSE_IDX,01/07/2025,11:40:27,3955.7,0,0,0,0,0,0
CPSE.BSE_IDX,01/07/2025,11:40:35,3955.69,0,0,0,0,0,0
CPSE.BSE_IDX,01/07/2025,11:40:43,3955.59,0,0,0,0,0,0
CPSE.BSE_IDX,01/07/2025,11:40:51,3955.44,0,0,0,0,0,0
CPSE.BSE_IDX,01/07/2025,11:41:00,3955.72,0,0,0,0,0,0
CPSE.BSE_IDX,01/07/2025,11:41:07,3956.05,0,0,0,0,0,0
CPSE.BSE_IDX,01/07/2025,11:41:15,3955.19,0,0,0,0,0,0
CPSE.BSE_IDX,01/07/2025,11:41:24,3955.23,0,0,0,0,0,0
CPSE.BSE_IDX,01/07/2025,11:41:32,3955.28,0,0,0,0,0,0
CPSE.BSE_IDX,01/07/2025,11:41:39,3955.33,0,0,0,0,0,0
CPSE.BSE_IDX,01/07/2025,11:41:48,3955.55,0,0,0,0,0,0
CPSE.BSE_IDX,01/07/2025,11:41:56,3955.32,0,0,0,0,0,0
CPSE.BSE_IDX,01/07/2025,11:42:04,3955.79,0,0,0,0,0,0
CPSE.BSE_IDX,01/07/2025,11:42:12,3956.31,0,0,0,0,0,0
CPSE.BSE_IDX,01/07/2025,11:42:20,3956.65,0,0,0,0,0,0
CPSE.BSE_IDX,01/07/2025,11:42:28,3956.73,0,0,0,0,0,0
CPSE.BSE_IDX,01/07/2025,11:42:36,3956.66,0,0,0,0,0,0
CPSE.BSE_IDX,01/07/2025,11:42:44,3956.64,0,0,0,0,0,0
CPSE.BSE_IDX,01/07/2025,11:42:52,3956.84,0,0,0,0,0,0
CPSE.BSE_IDX,01/07/2025,11:43:00,3956.47,0,0,0,0,0,0
CPSE.BSE_IDX,01/07/2025,11:43:08,3956.66,0,0,0,0,0,0
CPSE.BSE_IDX,01/07/2025,11:43:16,3956.2,0,0,0,0,0,0
CPSE.BSE_IDX,01/07/2025,11:43:24,3955.8,0,0,0,0,0,0
CPSE.BSE_IDX,01/07/2025,11:43:32,3956.16,0,0,0,0,0,0
CPSE.BSE_IDX,01/07/2025,11:43:40,3956.1,0,0,0,0,0,0
CPSE.BSE_IDX,01/07/2025,11:43:48,3955.77,0,0,0,0,0,0
CPSE.BSE_IDX,01/07/2025,11:43:56,3955.72,0,0,0,0,0,0
CPSE.BSE_IDX,01/07/2025,11:44:04,3956.14,0,0,0,0,0,0
CPSE.BSE_IDX,01/07/2025,11:44:12,3955.75,0,0,0,0,0,0
CPSE.BSE_IDX,01/07/2025,11:44:20,3956.1,0,0,0,0,0,0
CPSE.BSE_IDX,01/07/2025,11:44:28,3955.95,0,0,0,0,0,0
CPSE.BSE_IDX,01/07/2025,11:44:36,3955.2,0,0,0,0,0,0
CPSE.BSE_IDX,01/07/2025,11:44:44,3955.52,0,0,0,0,0,0
CPSE.BSE_IDX,01/07/2025,11:44:52,3955.74,0,0,0,0,0,0
CPSE.BSE_IDX,01/07/2025,11:45:00,3955.6,0,0,0,0,0,0
CPSE.BSE_IDX,01/07/2025,11:45:08,3955.46,0,0,0,0,0,0
CPSE.BSE_IDX,01/07/2025,11:45:16,3955.48,0,0,0,0,0,0
CPSE.BSE_IDX,01/07/2025,11:45:24,3955.92,0,0,0,0,0,0
CPSE.BSE_IDX,01/07/2025,11:45:32,3955.71,0,0,0,0,0,0
CPSE.BSE_IDX,01/07/2025,11:45:40,3955.81,0,0,0,0,0,0
CPSE.BSE_IDX,01/07/2025,11:45:48,3955.64,0,0,0,0,0,0
CPSE.BSE_IDX,01/07/2025,11:45:56,3955.94,0,0,0,0,0,0
CPSE.BSE_IDX,01/07/2025,11:46:04,3956.22,0,0,0,0,0,0
CPSE.BSE_IDX,01/07/2025,11:46:12,3956.55,0,0,0,0,0,0
CPSE.BSE_IDX,01/07/2025,11:46:20,3956.5,0,0,0,0,0,0
CPSE.BSE_IDX,01/07/2025,11:46:28,3956.53,0,0,0,0,0,0
CPSE.BSE_IDX,01/07/2025,11:46:36,3956.35,0,0,0,0,0,0
CPSE.BSE_IDX,01/07/2025,11:46:44,3956,0,0,0,0,0,0
CPSE.BSE_IDX,01/07/2025,11:46:52,3955.99,0,0,0,0,0,0
CPSE.BSE_IDX,01/07/2025,11:47:00,3956.23,0,0,0,0,0,0
CPSE.BSE_IDX,01/07/2025,11:47:08,3956.12,0,0,0,0,0,0
CPSE.BSE_IDX,01/07/2025,11:47:16,3955.7,0,0,0,0,0,0
CPSE.BSE_IDX,01/07/2025,11:47:24,3955.74,0,0,0,0,0,0
CPSE.BSE_IDX,01/07/2025,11:47:32,3955.63,0,0,0,0,0,0
CPSE.BSE_IDX,01/07/2025,11:47:40,3955.77,0,0,0,0,0,0
CPSE.BSE_IDX,01/07/2025,11:47:48,3955.86,0,0,0,0,0,0
CPSE.BSE_IDX,01/07/2025,11:47:56,3955.75,0,0,0,0,0,0
CPSE.BSE_IDX,01/07/2025,11:48:04,3956.06,0,0,0,0,0,0
CPSE.BSE_IDX,01/07/2025,11:48:12,3956.02,0,0,0,0,0,0
CPSE.BSE_IDX,01/07/2025,11:48:20,3956,0,0,0,0,0,0
CPSE.BSE_IDX,01/07/2025,11:48:28,3956.34,0,0,0,0,0,0
CPSE.BSE_IDX,01/07/2025,11:48:36,3956.3,0,0,0,0,0,0
CPSE.BSE_IDX,01/07/2025,11:48:44,3956.4,0,0,0,0,0,0
CPSE.BSE_IDX,01/07/2025,11:48:52,3956.64,0,0,0,0,0,0
CPSE.BSE_IDX,01/07/2025,11:49:01,3956.68,0,0,0,0,0,0
CPSE.BSE_IDX,01/07/2025,11:49:09,3956.89,0,0,0,0,0,0
CPSE.BSE_IDX,01/07/2025,11:49:16,3956.63,0,0,0,0,0,0
CPSE.BSE_IDX,01/07/2025,11:49:24,3956.32,0,0,0,0,0,0
CPSE.BSE_IDX,01/07/2025,11:49:32,3955.9,0,0,0,0,0,0
CPSE.BSE_IDX,01/07/2025,11:49:40,3955.66,0,0,0,0,0,0
CPSE.BSE_IDX,01/07/2025,11:49:49,3955.52,0,0,0,0,0,0
CPSE.BSE_IDX,01/07/2025,11:49:56,3955.17,0,0,0,0,0,0
CPSE.BSE_IDX,01/07/2025,11:50:04,3955.3,0,0,0,0,0,0
CPSE.BSE_IDX,01/07/2025,11:50:12,3954.03,0,0,0,0,0,0
CPSE.BSE_IDX,01/07/2025,11:50:20,3954.25,0,0,0,0,0,0
CPSE.BSE_IDX,01/07/2025,11:50:28,3953.98,0,0,0,0,0,0
CPSE.BSE_IDX,01/07/2025,11:50:36,3954.22,0,0,0,0,0,0
CPSE.BSE_IDX,01/07/2025,11:50:44,3954.3,0,0,0,0,0,0
CPSE.BSE_IDX,01/07/2025,11:50:52,3954.32,0,0,0,0,0,0
CPSE.BSE_IDX,01/07/2025,11:51:00,3953.99,0,0,0,0,0,0
CPSE.BSE_IDX,01/07/2025,11:51:08,3953.86,0,0,0,0,0,0
CPSE.BSE_IDX,01/07/2025,11:51:16,3954.12,0,0,0,0,0,0
CPSE.BSE_IDX,01/07/2025,11:51:24,3953.91,0,0,0,0,0,0
CPSE.BSE_IDX,01/07/2025,11:51:32,3953.65,0,0,0,0,0,0
CPSE.BSE_IDX,01/07/2025,11:51:40,3953.39,0,0,0,0,0,0
CPSE.BSE_IDX,01/07/2025,11:51:48,3954.04,0,0,0,0,0,0
CPSE.BSE_IDX,01/07/2025,11:51:56,3954.04,0,0,0,0,0,0
CPSE.BSE_IDX,01/07/2025,11:52:04,3953.95,0,0,0,0,0,0
CPSE.BSE_IDX,01/07/2025,11:52:12,3953.73,0,0,0,0,0,0
CPSE.BSE_IDX,01/07/2025,11:52:20,3953.67,0,0,0,0,0,0
CPSE.BSE_IDX,01/07/2025,11:52:28,3953.88,0,0,0,0,0,0
CPSE.BSE_IDX,01/07/2025,11:52:36,3953.63,0,0,0,0,0,0
CPSE.BSE_IDX,01/07/2025,11:52:44,3953.2,0,0,0,0,0,0
CPSE.BSE_IDX,01/07/2025,11:52:52,3953.47,0,0,0,0,0,0
CPSE.BSE_IDX,01/07/2025,11:53:00,3952.9,0,0,0,0,0,0
CPSE.BSE_IDX,01/07/2025,11:53:08,3952.17,0,0,0,0,0,0
CPSE.BSE_IDX,01/07/2025,11:53:16,3951.82,0,0,0,0,0,0
CPSE.BSE_IDX,01/07/2025,11:53:24,3952.02,0,0,0,0,0,0
CPSE.BSE_IDX,01/07/2025,11:53:32,3951.94,0,0,0,0,0,0
CPSE.BSE_IDX,01/07/2025,11:53:40,3952.16,0,0,0,0,0,0
CPSE.BSE_IDX,01/07/2025,11:53:48,3952.55,0,0,0,0,0,0
CPSE.BSE_IDX,01/07/2025,11:53:56,3952.16,0,0,0,0,0,0
CPSE.BSE_IDX,01/07/2025,11:54:04,3950.93,0,0,0,0,0,0
CPSE.BSE_IDX,01/07/2025,11:54:12,3950.68,0,0,0,0,0,0
CPSE.BSE_IDX,01/07/2025,11:54:20,3950.46,0,0,0,0,0,0
CPSE.BSE_IDX,01/07/2025,11:54:28,3950.22,0,0,0,0,0,0
CPSE.BSE_IDX,01/07/2025,11:54:36,3950.09,0,0,0,0,0,0
CPSE.BSE_IDX,01/07/2025,11:54:44,3949.93,0,0,0,0,0,0
CPSE.BSE_IDX,01/07/2025,11:54:52,3949.63,0,0,0,0,0,0
CPSE.BSE_IDX,01/07/2025,11:55:00,3949.72,0,0,0,0,0,0
CPSE.BSE_IDX,01/07/2025,11:55:08,3949.88,0,0,0,0,0,0
CPSE.BSE_IDX,01/07/2025,11:55:17,3950.21,0,0,0,0,0,0
CPSE.BSE_IDX,01/07/2025,11:55:24,3950.42,0,0,0,0,0,0
CPSE.BSE_IDX,01/07/2025,11:55:32,3950.56,0,0,0,0,0,0
CPSE.BSE_IDX,01/07/2025,11:55:40,3951.19,0,0,0,0,0,0
CPSE.BSE_IDX,01/07/2025,11:55:48,3950.99,0,0,0,0,0,0
CPSE.BSE_IDX,01/07/2025,11:55:56,3950.51,0,0,0,0,0,0
CPSE.BSE_IDX,01/07/2025,11:56:05,3950.85,0,0,0,0,0,0
CPSE.BSE_IDX,01/07/2025,11:56:12,3950.72,0,0,0,0,0,0
CPSE.BSE_IDX,01/07/2025,11:56:20,3949.96,0,0,0,0,0,0
CPSE.BSE_IDX,01/07/2025,11:56:28,3949.39,0,0,0,0,0,0
CPSE.BSE_IDX,01/07/2025,11:56:36,3949.33,0,0,0,0,0,0
CPSE.BSE_IDX,01/07/2025,11:56:44,3949.42,0,0,0,0,0,0
CPSE.BSE_IDX,01/07/2025,11:56:52,3949.34,0,0,0,0,0,0
CPSE.BSE_IDX,01/07/2025,11:57:00,3949.4,0,0,0,0,0,0
CPSE.BSE_IDX,01/07/2025,11:57:08,3948.81,0,0,0,0,0,0
CPSE.BSE_IDX,01/07/2025,11:57:16,3948.84,0,0,0,0,0,0
CPSE.BSE_IDX,01/07/2025,11:57:24,3948.92,0,0,0,0,0,0
CPSE.BSE_IDX,01/07/2025,11:57:32,3948.83,0,0,0,0,0,0
CPSE.BSE_IDX,01/07/2025,11:57:40,3948.31,0,0,0,0,0,0
CPSE.BSE_IDX,01/07/2025,11:57:48,3948.79,0,0,0,0,0,0
CPSE.BSE_IDX,01/07/2025,11:57:56,3948.76,0,0,0,0,0,0
CPSE.BSE_IDX,01/07/2025,11:58:04,3948.49,0,0,0,0,0,0
CPSE.BSE_IDX,01/07/2025,11:58:12,3948.64,0,0,0,0,0,0
CPSE.BSE_IDX,01/07/2025,11:58:20,3948.6,0,0,0,0,0,0
CPSE.BSE_IDX,01/07/2025,11:58:28,3948.66,0,0,0,0,0,0
CPSE.BSE_IDX,01/07/2025,11:58:36,3948.87,0,0,0,0,0,0
CPSE.BSE_IDX,01/07/2025,11:58:44,3949.36,0,0,0,0,0,0
CPSE.BSE_IDX,01/07/2025,11:58:52,3949.81,0,0,0,0,0,0
CPSE.BSE_IDX,01/07/2025,11:59:00,3949.57,0,0,0,0,0,0
CPSE.BSE_IDX,01/07/2025,11:59:08,3949.45,0,0,0,0,0,0
CPSE.BSE_IDX,01/07/2025,11:59:16,3949.15,0,0,0,0,0,0
CPSE.BSE_IDX,01/07/2025,11:59:24,3949.64,0,0,0,0,0,0
CPSE.BSE_IDX,01/07/2025,11:59:32,3950.42,0,0,0,0,0,0
CPSE.BSE_IDX,01/07/2025,11:59:40,3950.9,0,0,0,0,0,0
CPSE.BSE_IDX,01/07/2025,11:59:48,3951.1,0,0,0,0,0,0
CPSE.BSE_IDX,01/07/2025,11:59:56,3951.08,0,0,0,0,0,0
CPSE.BSE_IDX,01/07/2025,12:00:05,3951.1,0,0,0,0,0,0
CPSE.BSE_IDX,01/07/2025,12:00:12,3951.08,0,0,0,0,0,0
CPSE.BSE_IDX,01/07/2025,12:00:20,3950.62,0,0,0,0,0,0
CPSE.BSE_IDX,01/07/2025,12:00:28,3950.08,0,0,0,0,0,0
CPSE.BSE_IDX,01/07/2025,12:00:37,3949.88,0,0,0,0,0,0
CPSE.BSE_IDX,01/07/2025,12:00:44,3949.77,0,0,0,0,0,0
CPSE.BSE_IDX,01/07/2025,12:00:52,3949.88,0,0,0,0,0,0
CPSE.BSE_IDX,01/07/2025,12:01:00,3949.13,0,0,0,0,0,0
CPSE.BSE_IDX,01/07/2025,12:01:08,3949.35,0,0,0,0,0,0
CPSE.BSE_IDX,01/07/2025,12:01:16,3949.82,0,0,0,0,0,0
CPSE.BSE_IDX,01/07/2025,12:01:24,3949.72,0,0,0,0,0,0
CPSE.BSE_IDX,01/07/2025,12:01:32,3950.05,0,0,0,0,0,0
CPSE.BSE_IDX,01/07/2025,12:01:40,3949.78,0,0,0,0,0,0
CPSE.BSE_IDX,01/07/2025,12:01:48,3949.47,0,0,0,0,0,0
CPSE.BSE_IDX,01/07/2025,12:01:57,3949.23,0,0,0,0,0,0
CPSE.BSE_IDX,01/07/2025,12:02:04,3949.37,0,0,0,0,0,0
CPSE.BSE_IDX,01/07/2025,12:02:12,3949.72,0,0,0,0,0,0
CPSE.BSE_IDX,01/07/2025,12:02:20,3949.13,0,0,0,0,0,0
CPSE.BSE_IDX,01/07/2025,12:02:28,3949.05,0,0,0,0,0,0
CPSE.BSE_IDX,01/07/2025,12:02:36,3949.52,0,0,0,0,0,0
CPSE.BSE_IDX,01/07/2025,12:02:44,3949.28,0,0,0,0,0,0
CPSE.BSE_IDX,01/07/2025,12:02:52,3949.72,0,0,0,0,0,0
CPSE.BSE_IDX,01/07/2025,12:03:00,3948.95,0,0,0,0,0,0
CPSE.BSE_IDX,01/07/2025,12:03:08,3949.09,0,0,0,0,0,0
CPSE.BSE_IDX,01/07/2025,12:03:17,3948.58,0,0,0,0,0,0
CPSE.BSE_IDX,01/07/2025,12:03:24,3948.82,0,0,0,0,0,0
CPSE.BSE_IDX,01/07/2025,12:03:32,3949,0,0,0,0,0,0
CPSE.BSE_IDX,01/07/2025,12:03:40,3949.05,0,0,0,0,0,0
CPSE.BSE_IDX,01/07/2025,12:03:48,3948.88,0,0,0,0,0,0
CPSE.BSE_IDX,01/07/2025,12:03:56,3948.72,0,0,0,0,0,0
CPSE.BSE_IDX,01/07/2025,12:04:04,3948.87,0,0,0,0,0,0
CPSE.BSE_IDX,01/07/2025,12:04:12,3948.55,0,0,0,0,0,0
CPSE.BSE_IDX,01/07/2025,12:04:20,3948.7,0,0,0,0,0,0
CPSE.BSE_IDX,01/07/2025,12:04:28,3948.95,0,0,0,0,0,0
CPSE.BSE_IDX,01/07/2025,12:04:36,3948.95,0,0,0,0,0,0
CPSE.BSE_IDX,01/07/2025,12:04:44,3948.98,0,0,0,0,0,0
CPSE.BSE_IDX,01/07/2025,12:04:52,3948.74,0,0,0,0,0,0
CPSE.BSE_IDX,01/07/2025,12:05:01,3949.13,0,0,0,0,0,0
CPSE.BSE_IDX,01/07/2025,12:05:08,3948.62,0,0,0,0,0,0
CPSE.BSE_IDX,01/07/2025,12:05:16,3948.52,0,0,0,0,0,0
CPSE.BSE_IDX,01/07/2025,12:05:24,3948.75,0,0,0,0,0,0
CPSE.BSE_IDX,01/07/2025,12:05:32,3948.53,0,0,0,0,0,0
CPSE.BSE_IDX,01/07/2025,12:05:40,3948.38,0,0,0,0,0,0
CPSE.BSE_IDX,01/07/2025,12:05:48,3948.52,0,0,0,0,0,0
CPSE.BSE_IDX,01/07/2025,12:05:56,3948.62,0,0,0,0,0,0
CPSE.BSE_IDX,01/07/2025,12:06:04,3948.81,0,0,0,0,0,0
CPSE.BSE_IDX,01/07/2025,12:06:12,3949.13,0,0,0,0,0,0
CPSE.BSE_IDX,01/07/2025,12:06:20,3949.47,0,0,0,0,0,0
CPSE.BSE_IDX,01/07/2025,12:06:28,3949.11,0,0,0,0,0,0
CPSE.BSE_IDX,01/07/2025,12:06:36,3949.6,0,0,0,0,0,0
CPSE.BSE_IDX,01/07/2025,12:06:44,3949.07,0,0,0,0,0,0
CPSE.BSE_IDX,01/07/2025,12:06:53,3949.41,0,0,0,0,0,0
CPSE.BSE_IDX,01/07/2025,12:07:00,3949.3,0,0,0,0,0,0
CPSE.BSE_IDX,01/07/2025,12:07:08,3949.13,0,0,0,0,0,0
CPSE.BSE_IDX,01/07/2025,12:07:16,3949.59,0,0,0,0,0,0
CPSE.BSE_IDX,01/07/2025,12:07:24,3949.41,0,0,0,0,0,0
CPSE.BSE_IDX,01/07/2025,12:07:32,3949.06,0,0,0,0,0,0
CPSE.BSE_IDX,01/07/2025,12:07:40,3949.04,0,0,0,0,0,0
CPSE.BSE_IDX,01/07/2025,12:07:48,3949.24,0,0,0,0,0,0
CPSE.BSE_IDX,01/07/2025,12:07:56,3949.11,0,0,0,0,0,0
CPSE.BSE_IDX,01/07/2025,12:08:04,3949.24,0,0,0,0,0,0
CPSE.BSE_IDX,01/07/2025,12:08:12,3949.12,0,0,0,0,0,0
CPSE.BSE_IDX,01/07/2025,12:08:20,3948.66,0,0,0,0,0,0
CPSE.BSE_IDX,01/07/2025,12:08:28,3949.39,0,0,0,0,0,0
CPSE.BSE_IDX,01/07/2025,12:08:36,3949.05,0,0,0,0,0,0
CPSE.BSE_IDX,01/07/2025,12:08:44,3948.91,0,0,0,0,0,0
CPSE.BSE_IDX,01/07/2025,12:08:52,3949.63,0,0,0,0,0,0
CPSE.BSE_IDX,01/07/2025,12:09:00,3950.03,0,0,0,0,0,0
CPSE.BSE_IDX,01/07/2025,12:09:08,3950.24,0,0,0,0,0,0
CPSE.BSE_IDX,01/07/2025,12:09:16,3950.3,0,0,0,0,0,0
CPSE.BSE_IDX,01/07/2025,12:09:25,3950.27,0,0,0,0,0,0
CPSE.BSE_IDX,01/07/2025,12:09:32,3950.27,0,0,0,0,0,0
CPSE.BSE_IDX,01/07/2025,12:09:40,3950.7,0,0,0,0,0,0
CPSE.BSE_IDX,01/07/2025,12:09:48,3950.53,0,0,0,0,0,0
CPSE.BSE_IDX,01/07/2025,12:09:57,3950.58,0,0,0,0,0,0
CPSE.BSE_IDX,01/07/2025,12:10:05,3950.49,0,0,0,0,0,0
CPSE.BSE_IDX,01/07/2025,12:10:13,3950.79,0,0,0,0,0,0
CPSE.BSE_IDX,01/07/2025,12:10:22,3950.7,0,0,0,0,0,0
CPSE.BSE_IDX,01/07/2025,12:10:28,3950.69,0,0,0,0,0,0
CPSE.BSE_IDX,01/07/2025,12:10:36,3950.66,0,0,0,0,0,0
CPSE.BSE_IDX,01/07/2025,12:10:45,3950.75,0,0,0,0,0,0
CPSE.BSE_IDX,01/07/2025,12:10:52,3950.86,0,0,0,0,0,0
CPSE.BSE_IDX,01/07/2025,12:11:00,3950.76,0,0,0,0,0,0
CPSE.BSE_IDX,01/07/2025,12:11:08,3950.74,0,0,0,0,0,0
CPSE.BSE_IDX,01/07/2025,12:11:17,3950.36,0,0,0,0,0,0
CPSE.BSE_IDX,01/07/2025,12:11:24,3950.93,0,0,0,0,0,0
CPSE.BSE_IDX,01/07/2025,12:11:32,3950.83,0,0,0,0,0,0
CPSE.BSE_IDX,01/07/2025,12:11:40,3950.99,0,0,0,0,0,0
CPSE.BSE_IDX,01/07/2025,12:11:49,3950.91,0,0,0,0,0,0
CPSE.BSE_IDX,01/07/2025,12:11:57,3951.49,0,0,0,0,0,0
CPSE.BSE_IDX,01/07/2025,12:12:05,3951.64,0,0,0,0,0,0
CPSE.BSE_IDX,01/07/2025,12:12:13,3951.82,0,0,0,0,0,0
CPSE.BSE_IDX,01/07/2025,12:12:21,3951.7,0,0,0,0,0,0
CPSE.BSE_IDX,01/07/2025,12:12:29,3952.06,0,0,0,0,0,0
CPSE.BSE_IDX,01/07/2025,12:12:37,3951.76,0,0,0,0,0,0
CPSE.BSE_IDX,01/07/2025,12:12:45,3951.7,0,0,0,0,0,0
CPSE.BSE_IDX,01/07/2025,12:12:53,3951.7,0,0,0,0,0,0
CPSE.BSE_IDX,01/07/2025,12:13:01,3951.36,0,0,0,0,0,0
CPSE.BSE_IDX,01/07/2025,12:13:09,3951.38,0,0,0,0,0,0
CPSE.BSE_IDX,01/07/2025,12:13:17,3951.49,0,0,0,0,0,0
CPSE.BSE_IDX,01/07/2025,12:13:25,3951.49,0,0,0,0,0,0
CPSE.BSE_IDX,01/07/2025,12:13:33,3951.81,0,0,0,0,0,0
CPSE.BSE_IDX,01/07/2025,12:13:41,3951.51,0,0,0,0,0,0
CPSE.BSE_IDX,01/07/2025,12:13:49,3951.58,0,0,0,0,0,0
CPSE.BSE_IDX,01/07/2025,12:13:57,3951.78,0,0,0,0,0,0
CPSE.BSE_IDX,01/07/2025,12:14:05,3951.64,0,0,0,0,0,0
CPSE.BSE_IDX,01/07/2025,12:14:13,3951.56,0,0,0,0,0,0
CPSE.BSE_IDX,01/07/2025,12:14:21,3952.11,0,0,0,0,0,0
CPSE.BSE_IDX,01/07/2025,12:14:29,3951.92,0,0,0,0,0,0
CPSE.BSE_IDX,01/07/2025,12:14:37,3952.14,0,0,0,0,0,0
CPSE.BSE_IDX,01/07/2025,12:14:46,3952.12,0,0,0,0,0,0
CPSE.BSE_IDX,01/07/2025,12:14:54,3951.97,0,0,0,0,0,0
CPSE.BSE_IDX,01/07/2025,12:15:01,3951.48,0,0,0,0,0,0
CPSE.BSE_IDX,01/07/2025,12:15:09,3951.49,0,0,0,0,0,0
CPSE.BSE_IDX,01/07/2025,12:15:17,3951.9,0,0,0,0,0,0
CPSE.BSE_IDX,01/07/2025,12:15:25,3951.52,0,0,0,0,0,0
CPSE.BSE_IDX,01/07/2025,12:15:33,3951.01,0,0,0,0,0,0
CPSE.BSE_IDX,01/07/2025,12:15:41,3950.92,0,0,0,0,0,0
CPSE.BSE_IDX,01/07/2025,12:15:49,3951.2,0,0,0,0,0,0
CPSE.BSE_IDX,01/07/2025,12:15:57,3951.48,0,0,0,0,0,0
CPSE.BSE_IDX,01/07/2025,12:16:05,3951.38,0,0,0,0,0,0
CPSE.BSE_IDX,01/07/2025,12:16:13,3952.08,0,0,0,0,0,0
CPSE.BSE_IDX,01/07/2025,12:16:21,3952.49,0,0,0,0,0,0
CPSE.BSE_IDX,01/07/2025,12:16:29,3952.7,0,0,0,0,0,0
CPSE.BSE_IDX,01/07/2025,12:16:37,3952.78,0,0,0,0,0,0
CPSE.BSE_IDX,01/07/2025,12:16:45,3952.51,0,0,0,0,0,0
CPSE.BSE_IDX,01/07/2025,12:16:53,3952.53,0,0,0,0,0,0
CPSE.BSE_IDX,01/07/2025,12:17:01,3952.99,0,0,0,0,0,0
CPSE.BSE_IDX,01/07/2025,12:17:09,3952.82,0,0,0,0,0,0
CPSE.BSE_IDX,01/07/2025,12:17:17,3953.85,0,0,0,0,0,0
CPSE.BSE_IDX,01/07/2025,12:17:25,3953.16,0,0,0,0,0,0
CPSE.BSE_IDX,01/07/2025,12:17:33,3953.73,0,0,0,0,0,0
CPSE.BSE_IDX,01/07/2025,12:17:41,3953.66,0,0,0,0,0,0
CPSE.BSE_IDX,01/07/2025,12:17:49,3953.59,0,0,0,0,0,0
CPSE.BSE_IDX,01/07/2025,12:17:57,3953.6,0,0,0,0,0,0
CPSE.BSE_IDX,01/07/2025,12:18:05,3953.9,0,0,0,0,0,0
CPSE.BSE_IDX,01/07/2025,12:18:13,3954.44,0,0,0,0,0,0
CPSE.BSE_IDX,01/07/2025,12:18:21,3953.94,0,0,0,0,0,0
CPSE.BSE_IDX,01/07/2025,12:18:29,3954.14,0,0,0,0,0,0
CPSE.BSE_IDX,01/07/2025,12:18:37,3954.29,0,0,0,0,0,0
CPSE.BSE_IDX,01/07/2025,12:18:45,3954.24,0,0,0,0,0,0
CPSE.BSE_IDX,01/07/2025,12:18:53,3953.78,0,0,0,0,0,0
CPSE.BSE_IDX,01/07/2025,12:19:01,3954.45,0,0,0,0,0,0
CPSE.BSE_IDX,01/07/2025,12:19:09,3954.38,0,0,0,0,0,0
CPSE.BSE_IDX,01/07/2025,12:19:17,3954.47,0,0,0,0,0,0
CPSE.BSE_IDX,01/07/2025,12:19:25,3954.7,0,0,0,0,0,0
CPSE.BSE_IDX,01/07/2025,12:19:33,3955.3,0,0,0,0,0,0
CPSE.BSE_IDX,01/07/2025,12:19:41,3955.72,0,0,0,0,0,0
CPSE.BSE_IDX,01/07/2025,12:19:49,3956.06,0,0,0,0,0,0
CPSE.BSE_IDX,01/07/2025,12:19:57,3956.25,0,0,0,0,0,0
CPSE.BSE_IDX,01/07/2025,12:20:05,3955.87,0,0,0,0,0,0
CPSE.BSE_IDX,01/07/2025,12:20:13,3955.8,0,0,0,0,0,0
CPSE.BSE_IDX,01/07/2025,12:20:21,3956.35,0,0,0,0,0,0
CPSE.BSE_IDX,01/07/2025,12:20:29,3956.43,0,0,0,0,0,0
CPSE.BSE_IDX,01/07/2025,12:20:37,3955.91,0,0,0,0,0,0
CPSE.BSE_IDX,01/07/2025,12:20:45,3956.09,0,0,0,0,0,0
CPSE.BSE_IDX,01/07/2025,12:20:53,3955.98,0,0,0,0,0,0
CPSE.BSE_IDX,01/07/2025,12:21:01,3956,0,0,0,0,0,0
CPSE.BSE_IDX,01/07/2025,12:21:09,3955.47,0,0,0,0,0,0
CPSE.BSE_IDX,01/07/2025,12:21:17,3954.89,0,0,0,0,0,0
CPSE.BSE_IDX,01/07/2025,12:21:25,3954.99,0,0,0,0,0,0
CPSE.BSE_IDX,01/07/2025,12:21:33,3955.5,0,0,0,0,0,0
CPSE.BSE_IDX,01/07/2025,12:21:41,3956.36,0,0,0,0,0,0
CPSE.BSE_IDX,01/07/2025,12:21:49,3957.09,0,0,0,0,0,0
CPSE.BSE_IDX,01/07/2025,12:21:57,3957.53,0,0,0,0,0,0
CPSE.BSE_IDX,01/07/2025,12:22:05,3957.67,0,0,0,0,0,0
CPSE.BSE_IDX,01/07/2025,12:22:13,3957.48,0,0,0,0,0,0
CPSE.BSE_IDX,01/07/2025,12:22:21,3957.82,0,0,0,0,0,0
CPSE.BSE_IDX,01/07/2025,12:22:29,3957.58,0,0,0,0,0,0
CPSE.BSE_IDX,01/07/2025,12:22:37,3957.07,0,0,0,0,0,0
CPSE.BSE_IDX,01/07/2025,12:22:45,3957.8,0,0,0,0,0,0
CPSE.BSE_IDX,01/07/2025,12:22:53,3957.89,0,0,0,0,0,0
CPSE.BSE_IDX,01/07/2025,12:23:02,3957.5,0,0,0,0,0,0
CPSE.BSE_IDX,01/07/2025,12:23:09,3957.52,0,0,0,0,0,0
CPSE.BSE_IDX,01/07/2025,12:23:17,3957.5,0,0,0,0,0,0
CPSE.BSE_IDX,01/07/2025,12:23:25,3957.63,0,0,0,0,0,0
CPSE.BSE_IDX,01/07/2025,12:23:33,3957.96,0,0,0,0,0,0
CPSE.BSE_IDX,01/07/2025,12:23:41,3958.17,0,0,0,0,0,0
CPSE.BSE_IDX,01/07/2025,12:23:49,3958.48,0,0,0,0,0,0
CPSE.BSE_IDX,01/07/2025,12:23:57,3957.77,0,0,0,0,0,0
CPSE.BSE_IDX,01/07/2025,12:24:05,3958.5,0,0,0,0,0,0
CPSE.BSE_IDX,01/07/2025,12:24:13,3958.71,0,0,0,0,0,0
CPSE.BSE_IDX,01/07/2025,12:24:21,3958.88,0,0,0,0,0,0
CPSE.BSE_IDX,01/07/2025,12:24:29,3959.3,0,0,0,0,0,0
CPSE.BSE_IDX,01/07/2025,12:24:37,3958.68,0,0,0,0,0,0
CPSE.BSE_IDX,01/07/2025,12:24:45,3959.21,0,0,0,0,0,0
CPSE.BSE_IDX,01/07/2025,12:24:53,3958.94,0,0,0,0,0,0
CPSE.BSE_IDX,01/07/2025,12:25:01,3958.95,0,0,0,0,0,0
CPSE.BSE_IDX,01/07/2025,12:25:09,3959.18,0,0,0,0,0,0
CPSE.BSE_IDX,01/07/2025,12:25:17,3959.37,0,0,0,0,0,0
CPSE.BSE_IDX,01/07/2025,12:25:25,3959.8,0,0,0,0,0,0
CPSE.BSE_IDX,01/07/2025,12:25:33,3960.16,0,0,0,0,0,0
CPSE.BSE_IDX,01/07/2025,12:25:41,3960.14,0,0,0,0,0,0
CPSE.BSE_IDX,01/07/2025,12:25:49,3960.61,0,0,0,0,0,0
CPSE.BSE_IDX,01/07/2025,12:25:57,3960.48,0,0,0,0,0,0
CPSE.BSE_IDX,01/07/2025,12:26:05,3960.55,0,0,0,0,0,0
CPSE.BSE_IDX,01/07/2025,12:26:13,3960.74,0,0,0,0,0,0
CPSE.BSE_IDX,01/07/2025,12:26:21,3960.98,0,0,0,0,0,0
CPSE.BSE_IDX,01/07/2025,12:26:31,3961.12,0,0,0,0,0,0
CPSE.BSE_IDX,01/07/2025,12:26:37,3960.8,0,0,0,0,0,0
CPSE.BSE_IDX,01/07/2025,12:26:45,3960.87,0,0,0,0,0,0
CPSE.BSE_IDX,01/07/2025,12:26:53,3960.65,0,0,0,0,0,0
CPSE.BSE_IDX,01/07/2025,12:27:01,3960.04,0,0,0,0,0,0
CPSE.BSE_IDX,01/07/2025,12:27:09,3959.5,0,0,0,0,0,0
CPSE.BSE_IDX,01/07/2025,12:27:17,3960.08,0,0,0,0,0,0
CPSE.BSE_IDX,01/07/2025,12:27:25,3959.92,0,0,0,0,0,0
CPSE.BSE_IDX,01/07/2025,12:27:33,3960.02,0,0,0,0,0,0
CPSE.BSE_IDX,01/07/2025,12:27:41,3960.1,0,0,0,0,0,0
CPSE.BSE_IDX,01/07/2025,12:27:49,3960.18,0,0,0,0,0,0
CPSE.BSE_IDX,01/07/2025,12:27:57,3960.13,0,0,0,0,0,0
CPSE.BSE_IDX,01/07/2025,12:28:05,3960.37,0,0,0,0,0,0
CPSE.BSE_IDX,01/07/2025,12:28:13,3960.17,0,0,0,0,0,0
CPSE.BSE_IDX,01/07/2025,12:28:21,3960,0,0,0,0,0,0
CPSE.BSE_IDX,01/07/2025,12:28:29,3960.04,0,0,0,0,0,0
CPSE.BSE_IDX,01/07/2025,12:28:37,3959.57,0,0,0,0,0,0
CPSE.BSE_IDX,01/07/2025,12:28:45,3959.29,0,0,0,0,0,0
CPSE.BSE_IDX,01/07/2025,12:28:53,3958.84,0,0,0,0,0,0
CPSE.BSE_IDX,01/07/2025,12:29:01,3958.86,0,0,0,0,0,0
CPSE.BSE_IDX,01/07/2025,12:29:10,3958.92,0,0,0,0,0,0
CPSE.BSE_IDX,01/07/2025,12:29:18,3959.07,0,0,0,0,0,0
CPSE.BSE_IDX,01/07/2025,12:29:25,3958.73,0,0,0,0,0,0
CPSE.BSE_IDX,01/07/2025,12:29:33,3958.5,0,0,0,0,0,0
CPSE.BSE_IDX,01/07/2025,12:29:41,3957.96,0,0,0,0,0,0
CPSE.BSE_IDX,01/07/2025,12:29:49,3958,0,0,0,0,0,0
CPSE.BSE_IDX,01/07/2025,12:29:57,3957.91,0,0,0,0,0,0
CPSE.BSE_IDX,01/07/2025,12:30:05,3958.74,0,0,0,0,0,0
CPSE.BSE_IDX,01/07/2025,12:30:13,3959.07,0,0,0,0,0,0
CPSE.BSE_IDX,01/07/2025,12:30:22,3959.28,0,0,0,0,0,0
CPSE.BSE_IDX,01/07/2025,12:30:29,3959.15,0,0,0,0,0,0
CPSE.BSE_IDX,01/07/2025,12:30:37,3959.31,0,0,0,0,0,0
CPSE.BSE_IDX,01/07/2025,12:30:45,3959.66,0,0,0,0,0,0
CPSE.BSE_IDX,01/07/2025,12:30:53,3959.69,0,0,0,0,0,0
CPSE.BSE_IDX,01/07/2025,12:31:01,3959.37,0,0,0,0,0,0
CPSE.BSE_IDX,01/07/2025,12:31:09,3959.38,0,0,0,0,0,0
CPSE.BSE_IDX,01/07/2025,12:31:17,3959.68,0,0,0,0,0,0
CPSE.BSE_IDX,01/07/2025,12:31:25,3959.02,0,0,0,0,0,0
CPSE.BSE_IDX,01/07/2025,12:31:34,3958.73,0,0,0,0,0,0
CPSE.BSE_IDX,01/07/2025,12:31:41,3958.67,0,0,0,0,0,0
CPSE.BSE_IDX,01/07/2025,12:31:49,3958.14,0,0,0,0,0,0
CPSE.BSE_IDX,01/07/2025,12:31:57,3958.33,0,0,0,0,0,0
CPSE.BSE_IDX,01/07/2025,12:32:05,3958.78,0,0,0,0,0,0
CPSE.BSE_IDX,01/07/2025,12:32:13,3959.14,0,0,0,0,0,0
CPSE.BSE_IDX,01/07/2025,12:32:21,3959.24,0,0,0,0,0,0
CPSE.BSE_IDX,01/07/2025,12:32:29,3959.08,0,0,0,0,0,0
CPSE.BSE_IDX,01/07/2025,12:32:37,3959.03,0,0,0,0,0,0
CPSE.BSE_IDX,01/07/2025,12:32:45,3959.14,0,0,0,0,0,0
CPSE.BSE_IDX,01/07/2025,12:32:53,3959.06,0,0,0,0,0,0
CPSE.BSE_IDX,01/07/2025,12:33:01,3958.94,0,0,0,0,0,0
CPSE.BSE_IDX,01/07/2025,12:33:09,3958.92,0,0,0,0,0,0
CPSE.BSE_IDX,01/07/2025,12:33:17,3959.43,0,0,0,0,0,0
CPSE.BSE_IDX,01/07/2025,12:33:26,3959.24,0,0,0,0,0,0
CPSE.BSE_IDX,01/07/2025,12:33:33,3959.18,0,0,0,0,0,0
CPSE.BSE_IDX,01/07/2025,12:33:41,3958.96,0,0,0,0,0,0
CPSE.BSE_IDX,01/07/2025,12:33:49,3958.65,0,0,0,0,0,0
CPSE.BSE_IDX,01/07/2025,12:33:57,3958.9,0,0,0,0,0,0
CPSE.BSE_IDX,01/07/2025,12:34:05,3958.67,0,0,0,0,0,0
CPSE.BSE_IDX,01/07/2025,12:34:13,3958.86,0,0,0,0,0,0
CPSE.BSE_IDX,01/07/2025,12:34:21,3958.87,0,0,0,0,0,0
CPSE.BSE_IDX,01/07/2025,12:34:29,3958.7,0,0,0,0,0,0
CPSE.BSE_IDX,01/07/2025,12:34:37,3958.69,0,0,0,0,0,0
CPSE.BSE_IDX,01/07/2025,12:34:45,3958.57,0,0,0,0,0,0
CPSE.BSE_IDX,01/07/2025,12:34:53,3958.91,0,0,0,0,0,0
CPSE.BSE_IDX,01/07/2025,12:35:01,3959.23,0,0,0,0,0,0
CPSE.BSE_IDX,01/07/2025,12:35:09,3959.58,0,0,0,0,0,0
CPSE.BSE_IDX,01/07/2025,12:35:17,3959.92,0,0,0,0,0,0
CPSE.BSE_IDX,01/07/2025,12:35:25,3960.78,0,0,0,0,0,0
CPSE.BSE_IDX,01/07/2025,12:35:33,3960.93,0,0,0,0,0,0
CPSE.BSE_IDX,01/07/2025,12:35:41,3960.81,0,0,0,0,0,0
CPSE.BSE_IDX,01/07/2025,12:35:49,3960.81,0,0,0,0,0,0
CPSE.BSE_IDX,01/07/2025,12:35:57,3960.36,0,0,0,0,0,0
CPSE.BSE_IDX,01/07/2025,12:36:05,3960.76,0,0,0,0,0,0
CPSE.BSE_IDX,01/07/2025,12:36:13,3960.63,0,0,0,0,0,0
CPSE.BSE_IDX,01/07/2025,12:36:21,3960.6,0,0,0,0,0,0
CPSE.BSE_IDX,01/07/2025,12:36:29,3960.47,0,0,0,0,0,0
CPSE.BSE_IDX,01/07/2025,12:36:37,3960.47,0,0,0,0,0,0
CPSE.BSE_IDX,01/07/2025,12:36:45,3960.91,0,0,0,0,0,0
CPSE.BSE_IDX,01/07/2025,12:36:53,3960.95,0,0,0,0,0,0
CPSE.BSE_IDX,01/07/2025,12:37:01,3961.25,0,0,0,0,0,0
CPSE.BSE_IDX,01/07/2025,12:37:09,3961.47,0,0,0,0,0,0
CPSE.BSE_IDX,01/07/2025,12:37:17,3961.55,0,0,0,0,0,0
CPSE.BSE_IDX,01/07/2025,12:37:25,3961.36,0,0,0,0,0,0
CPSE.BSE_IDX,01/07/2025,12:37:33,3961.15,0,0,0,0,0,0
CPSE.BSE_IDX,01/07/2025,12:37:41,3960.55,0,0,0,0,0,0
CPSE.BSE_IDX,01/07/2025,12:37:49,3959.95,0,0,0,0,0,0
CPSE.BSE_IDX,01/07/2025,12:37:57,3959.66,0,0,0,0,0,0
CPSE.BSE_IDX,01/07/2025,12:38:05,3959.31,0,0,0,0,0,0
CPSE.BSE_IDX,01/07/2025,12:38:13,3959.51,0,0,0,0,0,0
CPSE.BSE_IDX,01/07/2025,12:38:22,3959.64,0,0,0,0,0,0
CPSE.BSE_IDX,01/07/2025,12:38:29,3959.63,0,0,0,0,0,0
CPSE.BSE_IDX,01/07/2025,12:38:39,3959.86,0,0,0,0,0,0
CPSE.BSE_IDX,01/07/2025,12:38:45,3959.9,0,0,0,0,0,0
CPSE.BSE_IDX,01/07/2025,12:38:53,3959.56,0,0,0,0,0,0
CPSE.BSE_IDX,01/07/2025,12:39:01,3959.5,0,0,0,0,0,0
CPSE.BSE_IDX,01/07/2025,12:39:10,3959.19,0,0,0,0,0,0
CPSE.BSE_IDX,01/07/2025,12:39:17,3959.34,0,0,0,0,0,0
CPSE.BSE_IDX,01/07/2025,12:39:25,3959.48,0,0,0,0,0,0
CPSE.BSE_IDX,01/07/2025,12:39:34,3959.26,0,0,0,0,0,0
CPSE.BSE_IDX,01/07/2025,12:39:42,3959.59,0,0,0,0,0,0
CPSE.BSE_IDX,01/07/2025,12:39:49,3958.93,0,0,0,0,0,0
CPSE.BSE_IDX,01/07/2025,12:39:57,3958.99,0,0,0,0,0,0
CPSE.BSE_IDX,01/07/2025,12:40:05,3958.99,0,0,0,0,0,0
CPSE.BSE_IDX,01/07/2025,12:40:14,3959.02,0,0,0,0,0,0
CPSE.BSE_IDX,01/07/2025,12:40:21,3959.39,0,0,0,0,0,0
CPSE.BSE_IDX,01/07/2025,12:40:29,3958.72,0,0,0,0,0,0
CPSE.BSE_IDX,01/07/2025,12:40:37,3958.93,0,0,0,0,0,0
CPSE.BSE_IDX,01/07/2025,12:40:45,3959.17,0,0,0,0,0,0
CPSE.BSE_IDX,01/07/2025,12:40:54,3959.11,0,0,0,0,0,0
CPSE.BSE_IDX,01/07/2025,12:41:01,3959.12,0,0,0,0,0,0
CPSE.BSE_IDX,01/07/2025,12:41:09,3959.25,0,0,0,0,0,0
CPSE.BSE_IDX,01/07/2025,12:41:17,3958.86,0,0,0,0,0,0
CPSE.BSE_IDX,01/07/2025,12:41:25,3958.68,0,0,0,0,0,0
CPSE.BSE_IDX,01/07/2025,12:41:33,3958.93,0,0,0,0,0,0
CPSE.BSE_IDX,01/07/2025,12:41:41,3958.83,0,0,0,0,0,0
CPSE.BSE_IDX,01/07/2025,12:41:49,3959.01,0,0,0,0,0,0
CPSE.BSE_IDX,01/07/2025,12:41:57,3958.57,0,0,0,0,0,0
CPSE.BSE_IDX,01/07/2025,12:42:05,3958.87,0,0,0,0,0,0
CPSE.BSE_IDX,01/07/2025,12:42:13,3958.92,0,0,0,0,0,0
CPSE.BSE_IDX,01/07/2025,12:42:21,3959.04,0,0,0,0,0,0
CPSE.BSE_IDX,01/07/2025,12:42:29,3959.13,0,0,0,0,0,0
CPSE.BSE_IDX,01/07/2025,12:42:37,3958.96,0,0,0,0,0,0
CPSE.BSE_IDX,01/07/2025,12:42:45,3958.89,0,0,0,0,0,0
CPSE.BSE_IDX,01/07/2025,12:42:53,3958.95,0,0,0,0,0,0
CPSE.BSE_IDX,01/07/2025,12:43:01,3958.58,0,0,0,0,0,0
CPSE.BSE_IDX,01/07/2025,12:43:10,3958.59,0,0,0,0,0,0
CPSE.BSE_IDX,01/07/2025,12:43:17,3958.97,0,0,0,0,0,0
CPSE.BSE_IDX,01/07/2025,12:43:26,3958.91,0,0,0,0,0,0
CPSE.BSE_IDX,01/07/2025,12:43:33,3959,0,0,0,0,0,0
CPSE.BSE_IDX,01/07/2025,12:43:41,3958.73,0,0,0,0,0,0
CPSE.BSE_IDX,01/07/2025,12:43:49,3958.86,0,0,0,0,0,0
CPSE.BSE_IDX,01/07/2025,12:43:58,3959.03,0,0,0,0,0,0
CPSE.BSE_IDX,01/07/2025,12:44:05,3958.73,0,0,0,0,0,0
CPSE.BSE_IDX,01/07/2025,12:44:14,3958.54,0,0,0,0,0,0
CPSE.BSE_IDX,01/07/2025,12:44:21,3958.12,0,0,0,0,0,0
CPSE.BSE_IDX,01/07/2025,12:44:29,3957.72,0,0,0,0,0,0
CPSE.BSE_IDX,01/07/2025,12:44:38,3957.53,0,0,0,0,0,0
CPSE.BSE_IDX,01/07/2025,12:44:45,3957.49,0,0,0,0,0,0
CPSE.BSE_IDX,01/07/2025,12:44:53,3957.08,0,0,0,0,0,0
CPSE.BSE_IDX,01/07/2025,12:45:01,3957.39,0,0,0,0,0,0
CPSE.BSE_IDX,01/07/2025,12:45:11,3957.38,0,0,0,0,0,0
CPSE.BSE_IDX,01/07/2025,12:45:17,3957.01,0,0,0,0,0,0
CPSE.BSE_IDX,01/07/2025,12:45:25,3956.95,0,0,0,0,0,0
CPSE.BSE_IDX,01/07/2025,12:45:34,3957.16,0,0,0,0,0,0
CPSE.BSE_IDX,01/07/2025,12:45:42,3957.13,0,0,0,0,0,0
CPSE.BSE_IDX,01/07/2025,12:45:50,3957.22,0,0,0,0,0,0
CPSE.BSE_IDX,01/07/2025,12:45:58,3957.23,0,0,0,0,0,0
CPSE.BSE_IDX,01/07/2025,12:46:06,3957.14,0,0,0,0,0,0
CPSE.BSE_IDX,01/07/2025,12:46:14,3957.37,0,0,0,0,0,0
CPSE.BSE_IDX,01/07/2025,12:46:22,3957.33,0,0,0,0,0,0
CPSE.BSE_IDX,01/07/2025,12:46:30,3956.76,0,0,0,0,0,0
CPSE.BSE_IDX,01/07/2025,12:46:38,3956.98,0,0,0,0,0,0
CPSE.BSE_IDX,01/07/2025,12:46:46,3957.04,0,0,0,0,0,0
CPSE.BSE_IDX,01/07/2025,12:46:54,3956.39,0,0,0,0,0,0
CPSE.BSE_IDX,01/07/2025,12:47:02,3956.55,0,0,0,0,0,0
CPSE.BSE_IDX,01/07/2025,12:47:10,3956.39,0,0,0,0,0,0
CPSE.BSE_IDX,01/07/2025,12:47:18,3956.66,0,0,0,0,0,0
CPSE.BSE_IDX,01/07/2025,12:47:26,3956.93,0,0,0,0,0,0
CPSE.BSE_IDX,01/07/2025,12:47:34,3957.36,0,0,0,0,0,0
CPSE.BSE_IDX,01/07/2025,12:47:42,3957.43,0,0,0,0,0,0
CPSE.BSE_IDX,01/07/2025,12:47:50,3957.32,0,0,0,0,0,0
CPSE.BSE_IDX,01/07/2025,12:47:58,3957.05,0,0,0,0,0,0
CPSE.BSE_IDX,01/07/2025,12:48:06,3957.14,0,0,0,0,0,0
CPSE.BSE_IDX,01/07/2025,12:48:14,3956.78,0,0,0,0,0,0
CPSE.BSE_IDX,01/07/2025,12:48:22,3957.27,0,0,0,0,0,0
CPSE.BSE_IDX,01/07/2025,12:48:30,3956.71,0,0,0,0,0,0
CPSE.BSE_IDX,01/07/2025,12:48:38,3956.61,0,0,0,0,0,0
CPSE.BSE_IDX,01/07/2025,12:48:46,3956.7,0,0,0,0,0,0
CPSE.BSE_IDX,01/07/2025,12:48:54,3956.82,0,0,0,0,0,0
CPSE.BSE_IDX,01/07/2025,12:49:02,3956.59,0,0,0,0,0,0
CPSE.BSE_IDX,01/07/2025,12:49:10,3956.35,0,0,0,0,0,0
CPSE.BSE_IDX,01/07/2025,12:49:18,3956.12,0,0,0,0,0,0
CPSE.BSE_IDX,01/07/2025,12:49:26,3955.69,0,0,0,0,0,0
CPSE.BSE_IDX,01/07/2025,12:49:34,3956.01,0,0,0,0,0,0
CPSE.BSE_IDX,01/07/2025,12:49:42,3956,0,0,0,0,0,0
CPSE.BSE_IDX,01/07/2025,12:49:50,3956.08,0,0,0,0,0,0
CPSE.BSE_IDX,01/07/2025,12:49:58,3955.9,0,0,0,0,0,0
CPSE.BSE_IDX,01/07/2025,12:50:06,3956.16,0,0,0,0,0,0
CPSE.BSE_IDX,01/07/2025,12:50:14,3956.04,0,0,0,0,0,0
CPSE.BSE_IDX,01/07/2025,12:50:22,3956.64,0,0,0,0,0,0
CPSE.BSE_IDX,01/07/2025,12:50:30,3956.77,0,0,0,0,0,0
CPSE.BSE_IDX,01/07/2025,12:50:38,3956.93,0,0,0,0,0,0
CPSE.BSE_IDX,01/07/2025,12:50:47,3956.82,0,0,0,0,0,0
CPSE.BSE_IDX,01/07/2025,12:50:54,3956.96,0,0,0,0,0,0
CPSE.BSE_IDX,01/07/2025,12:51:02,3957.24,0,0,0,0,0,0
CPSE.BSE_IDX,01/07/2025,12:51:10,3957.16,0,0,0,0,0,0
CPSE.BSE_IDX,01/07/2025,12:51:19,3957.19,0,0,0,0,0,0
CPSE.BSE_IDX,01/07/2025,12:51:26,3957.25,0,0,0,0,0,0
CPSE.BSE_IDX,01/07/2025,12:51:34,3957.4,0,0,0,0,0,0
CPSE.BSE_IDX,01/07/2025,12:51:42,3957.38,0,0,0,0,0,0
CPSE.BSE_IDX,01/07/2025,12:51:50,3957.28,0,0,0,0,0,0
CPSE.BSE_IDX,01/07/2025,12:51:58,3957.35,0,0,0,0,0,0
CPSE.BSE_IDX,01/07/2025,12:52:06,3957.47,0,0,0,0,0,0
CPSE.BSE_IDX,01/07/2025,12:52:14,3957.2,0,0,0,0,0,0
CPSE.BSE_IDX,01/07/2025,12:52:22,3956.94,0,0,0,0,0,0
CPSE.BSE_IDX,01/07/2025,12:52:30,3956.79,0,0,0,0,0,0
CPSE.BSE_IDX,01/07/2025,12:52:38,3957.23,0,0,0,0,0,0
CPSE.BSE_IDX,01/07/2025,12:52:46,3956.91,0,0,0,0,0,0
CPSE.BSE_IDX,01/07/2025,12:52:54,3957.29,0,0,0,0,0,0
CPSE.BSE_IDX,01/07/2025,12:53:02,3957.55,0,0,0,0,0,0
CPSE.BSE_IDX,01/07/2025,12:53:10,3957.86,0,0,0,0,0,0
CPSE.BSE_IDX,01/07/2025,12:53:18,3957.57,0,0,0,0,0,0
CPSE.BSE_IDX,01/07/2025,12:53:26,3957.64,0,0,0,0,0,0
CPSE.BSE_IDX,01/07/2025,12:53:34,3957.35,0,0,0,0,0,0
CPSE.BSE_IDX,01/07/2025,12:53:42,3957.57,0,0,0,0,0,0
CPSE.BSE_IDX,01/07/2025,12:53:50,3957.35,0,0,0,0,0,0
CPSE.BSE_IDX,01/07/2025,12:53:58,3957.1,0,0,0,0,0,0
CPSE.BSE_IDX,01/07/2025,12:54:06,3957.09,0,0,0,0,0,0
CPSE.BSE_IDX,01/07/2025,12:54:14,3956.88,0,0,0,0,0,0
CPSE.BSE_IDX,01/07/2025,12:54:22,3957.12,0,0,0,0,0,0
CPSE.BSE_IDX,01/07/2025,12:54:30,3957.26,0,0,0,0,0,0
CPSE.BSE_IDX,01/07/2025,12:54:38,3957.38,0,0,0,0,0,0
CPSE.BSE_IDX,01/07/2025,12:54:46,3957.48,0,0,0,0,0,0
CPSE.BSE_IDX,01/07/2025,12:54:54,3957.32,0,0,0,0,0,0
CPSE.BSE_IDX,01/07/2025,12:55:02,3957.28,0,0,0,0,0,0
CPSE.BSE_IDX,01/07/2025,12:55:10,3957.02,0,0,0,0,0,0
CPSE.BSE_IDX,01/07/2025,12:55:18,3957.24,0,0,0,0,0,0
CPSE.BSE_IDX,01/07/2025,12:55:26,3956.36,0,0,0,0,0,0
CPSE.BSE_IDX,01/07/2025,12:55:34,3956.38,0,0,0,0,0,0
CPSE.BSE_IDX,01/07/2025,12:55:42,3956.25,0,0,0,0,0,0
CPSE.BSE_IDX,01/07/2025,12:55:50,3956.53,0,0,0,0,0,0
CPSE.BSE_IDX,01/07/2025,12:55:58,3956.14,0,0,0,0,0,0
CPSE.BSE_IDX,01/07/2025,12:56:06,3956.33,0,0,0,0,0,0
CPSE.BSE_IDX,01/07/2025,12:56:15,3956.44,0,0,0,0,0,0
CPSE.BSE_IDX,01/07/2025,12:56:22,3956.43,0,0,0,0,0,0
CPSE.BSE_IDX,01/07/2025,12:56:30,3956.54,0,0,0,0,0,0
CPSE.BSE_IDX,01/07/2025,12:56:38,3956.47,0,0,0,0,0,0
CPSE.BSE_IDX,01/07/2025,12:56:46,3956.29,0,0,0,0,0,0
CPSE.BSE_IDX,01/07/2025,12:56:54,3955.81,0,0,0,0,0,0
CPSE.BSE_IDX,01/07/2025,12:57:02,3954.88,0,0,0,0,0,0
CPSE.BSE_IDX,01/07/2025,12:57:10,3954.55,0,0,0,0,0,0
CPSE.BSE_IDX,01/07/2025,12:57:18,3954.95,0,0,0,0,0,0
CPSE.BSE_IDX,01/07/2025,12:57:26,3954.97,0,0,0,0,0,0
CPSE.BSE_IDX,01/07/2025,12:57:34,3954.46,0,0,0,0,0,0
CPSE.BSE_IDX,01/07/2025,12:57:42,3954.81,0,0,0,0,0,0
CPSE.BSE_IDX,01/07/2025,12:57:51,3954.28,0,0,0,0,0,0
CPSE.BSE_IDX,01/07/2025,12:57:58,3954.48,0,0,0,0,0,0
CPSE.BSE_IDX,01/07/2025,12:58:06,3954.38,0,0,0,0,0,0
CPSE.BSE_IDX,01/07/2025,12:58:14,3954.46,0,0,0,0,0,0
CPSE.BSE_IDX,01/07/2025,12:58:22,3954.04,0,0,0,0,0,0
CPSE.BSE_IDX,01/07/2025,12:58:30,3954.4,0,0,0,0,0,0
CPSE.BSE_IDX,01/07/2025,12:58:38,3954.68,0,0,0,0,0,0
CPSE.BSE_IDX,01/07/2025,12:58:46,3954.82,0,0,0,0,0,0
CPSE.BSE_IDX,01/07/2025,12:58:54,3954.72,0,0,0,0,0,0
CPSE.BSE_IDX,01/07/2025,12:59:02,3954.68,0,0,0,0,0,0
CPSE.BSE_IDX,01/07/2025,12:59:10,3954.53,0,0,0,0,0,0
CPSE.BSE_IDX,01/07/2025,12:59:18,3954.51,0,0,0,0,0,0
CPSE.BSE_IDX,01/07/2025,12:59:26,3954.84,0,0,0,0,0,0
CPSE.BSE_IDX,01/07/2025,12:59:34,3954.89,0,0,0,0,0,0
CPSE.BSE_IDX,01/07/2025,12:59:42,3954.89,0,0,0,0,0,0
CPSE.BSE_IDX,01/07/2025,12:59:50,3955.13,0,0,0,0,0,0
CPSE.BSE_IDX,01/07/2025,12:59:58,3954.81,0,0,0,0,0,0
CPSE.BSE_IDX,01/07/2025,13:00:06,3954.82,0,0,0,0,0,0
CPSE.BSE_IDX,01/07/2025,13:00:14,3955.65,0,0,0,0,0,0
CPSE.BSE_IDX,01/07/2025,13:00:22,3955.35,0,0,0,0,0,0
CPSE.BSE_IDX,01/07/2025,13:00:30,3956.06,0,0,0,0,0,0
CPSE.BSE_IDX,01/07/2025,13:00:38,3955.53,0,0,0,0,0,0
CPSE.BSE_IDX,01/07/2025,13:00:46,3955.59,0,0,0,0,0,0
CPSE.BSE_IDX,01/07/2025,13:00:54,3955.94,0,0,0,0,0,0
CPSE.BSE_IDX,01/07/2025,13:01:02,3955.82,0,0,0,0,0,0
CPSE.BSE_IDX,01/07/2025,13:01:10,3954.93,0,0,0,0,0,0
CPSE.BSE_IDX,01/07/2025,13:01:18,3954.63,0,0,0,0,0,0
CPSE.BSE_IDX,01/07/2025,13:01:26,3954.71,0,0,0,0,0,0
CPSE.BSE_IDX,01/07/2025,13:01:35,3954.67,0,0,0,0,0,0
CPSE.BSE_IDX,01/07/2025,13:01:42,3954.62,0,0,0,0,0,0
CPSE.BSE_IDX,01/07/2025,13:01:50,3954.39,0,0,0,0,0,0
CPSE.BSE_IDX,01/07/2025,13:01:58,3954.5,0,0,0,0,0,0
CPSE.BSE_IDX,01/07/2025,13:02:06,3954.48,0,0,0,0,0,0
CPSE.BSE_IDX,01/07/2025,13:02:14,3954.73,0,0,0,0,0,0
CPSE.BSE_IDX,01/07/2025,13:02:22,3954.58,0,0,0,0,0,0
CPSE.BSE_IDX,01/07/2025,13:02:30,3954.81,0,0,0,0,0,0
CPSE.BSE_IDX,01/07/2025,13:02:39,3954.93,0,0,0,0,0,0
CPSE.BSE_IDX,01/07/2025,13:02:46,3954.17,0,0,0,0,0,0
CPSE.BSE_IDX,01/07/2025,13:02:54,3954.03,0,0,0,0,0,0
CPSE.BSE_IDX,01/07/2025,13:03:02,3953.88,0,0,0,0,0,0
CPSE.BSE_IDX,01/07/2025,13:03:10,3953.22,0,0,0,0,0,0
CPSE.BSE_IDX,01/07/2025,13:03:19,3953.12,0,0,0,0,0,0
CPSE.BSE_IDX,01/07/2025,13:03:26,3953.01,0,0,0,0,0,0
CPSE.BSE_IDX,01/07/2025,13:03:34,3953.17,0,0,0,0,0,0
CPSE.BSE_IDX,01/07/2025,13:03:42,3953.44,0,0,0,0,0,0
CPSE.BSE_IDX,01/07/2025,13:03:50,3953.34,0,0,0,0,0,0
CPSE.BSE_IDX,01/07/2025,13:03:58,3953.39,0,0,0,0,0,0
CPSE.BSE_IDX,01/07/2025,13:04:06,3953.14,0,0,0,0,0,0
CPSE.BSE_IDX,01/07/2025,13:04:14,3953.14,0,0,0,0,0,0
CPSE.BSE_IDX,01/07/2025,13:04:22,3952.77,0,0,0,0,0,0
CPSE.BSE_IDX,01/07/2025,13:04:30,3952.53,0,0,0,0,0,0
CPSE.BSE_IDX,01/07/2025,13:04:38,3952.68,0,0,0,0,0,0
CPSE.BSE_IDX,01/07/2025,13:04:46,3952.31,0,0,0,0,0,0
CPSE.BSE_IDX,01/07/2025,13:04:54,3952.37,0,0,0,0,0,0
CPSE.BSE_IDX,01/07/2025,13:05:02,3951.99,0,0,0,0,0,0
CPSE.BSE_IDX,01/07/2025,13:05:10,3951.9,0,0,0,0,0,0
CPSE.BSE_IDX,01/07/2025,13:05:18,3951.96,0,0,0,0,0,0
CPSE.BSE_IDX,01/07/2025,13:05:26,3951.92,0,0,0,0,0,0
CPSE.BSE_IDX,01/07/2025,13:05:34,3951.26,0,0,0,0,0,0
CPSE.BSE_IDX,01/07/2025,13:05:42,3951.08,0,0,0,0,0,0
CPSE.BSE_IDX,01/07/2025,13:05:50,3951,0,0,0,0,0,0
CPSE.BSE_IDX,01/07/2025,13:05:58,3951.41,0,0,0,0,0,0
CPSE.BSE_IDX,01/07/2025,13:06:06,3951.59,0,0,0,0,0,0
CPSE.BSE_IDX,01/07/2025,13:06:14,3951.67,0,0,0,0,0,0
CPSE.BSE_IDX,01/07/2025,13:06:22,3951.54,0,0,0,0,0,0
CPSE.BSE_IDX,01/07/2025,13:06:30,3951.54,0,0,0,0,0,0
CPSE.BSE_IDX,01/07/2025,13:06:38,3951.41,0,0,0,0,0,0
CPSE.BSE_IDX,01/07/2025,13:06:46,3951.2,0,0,0,0,0,0
CPSE.BSE_IDX,01/07/2025,13:06:54,3950.79,0,0,0,0,0,0
CPSE.BSE_IDX,01/07/2025,13:07:02,3951.01,0,0,0,0,0,0
CPSE.BSE_IDX,01/07/2025,13:07:10,3950.49,0,0,0,0,0,0
CPSE.BSE_IDX,01/07/2025,13:07:18,3950.68,0,0,0,0,0,0
CPSE.BSE_IDX,01/07/2025,13:07:26,3950.93,0,0,0,0,0,0
