Ticker,Date,Time,LTP,BuyPrice,BuyQty,SellPrice,SellQty,LTQ,OpenInterest
DOL100.BSE_IDX,01/07/2025,09:00:07,3247.45,0,0,0,0,0,0
DOL100.BSE_IDX,01/07/2025,09:00:15,3247.73,0,0,0,0,0,0
DOL100.BSE_IDX,01/07/2025,09:00:23,3246.58,0,0,0,0,0,0
DOL100.BSE_IDX,01/07/2025,09:00:31,3247.78,0,0,0,0,0,0
DOL100.BSE_IDX,01/07/2025,09:00:39,3245.06,0,0,0,0,0,0
DOL100.BSE_IDX,01/07/2025,09:00:47,3242.44,0,0,0,0,0,0
DOL100.BSE_IDX,01/07/2025,09:00:55,3242.61,0,0,0,0,0,0
DOL100.BSE_IDX,01/07/2025,09:01:03,3242.49,0,0,0,0,0,0
DOL100.BSE_IDX,01/07/2025,09:01:11,3242.6,0,0,0,0,0,0
DOL100.BSE_IDX,01/07/2025,09:01:19,3243.96,0,0,0,0,0,0
DOL100.BSE_IDX,01/07/2025,09:01:27,3243.17,0,0,0,0,0,0
DOL100.BSE_IDX,01/07/2025,09:01:35,3241.91,0,0,0,0,0,0
DOL100.BSE_IDX,01/07/2025,09:01:43,3240.34,0,0,0,0,0,0
DOL100.BSE_IDX,01/07/2025,09:01:51,3238.31,0,0,0,0,0,0
DOL100.BSE_IDX,01/07/2025,09:01:59,3239.32,0,0,0,0,0,0
DOL100.BSE_IDX,01/07/2025,09:02:07,3239.79,0,0,0,0,0,0
DOL100.BSE_IDX,01/07/2025,09:02:15,3240.04,0,0,0,0,0,0
DOL100.BSE_IDX,01/07/2025,09:02:23,3239.97,0,0,0,0,0,0
DOL100.BSE_IDX,01/07/2025,09:02:31,3240.55,0,0,0,0,0,0
DOL100.BSE_IDX,01/07/2025,09:02:39,3240.58,0,0,0,0,0,0
DOL100.BSE_IDX,01/07/2025,09:02:47,3239.69,0,0,0,0,0,0
DOL100.BSE_IDX,01/07/2025,09:02:55,3239.77,0,0,0,0,0,0
DOL100.BSE_IDX,01/07/2025,09:03:03,3241.93,0,0,0,0,0,0
DOL100.BSE_IDX,01/07/2025,09:03:11,3241.45,0,0,0,0,0,0
DOL100.BSE_IDX,01/07/2025,09:03:19,3241.04,0,0,0,0,0,0
DOL100.BSE_IDX,01/07/2025,09:03:27,3240.16,0,0,0,0,0,0
DOL100.BSE_IDX,01/07/2025,09:03:35,3240.51,0,0,0,0,0,0
DOL100.BSE_IDX,01/07/2025,09:03:43,3239.88,0,0,0,0,0,0
DOL100.BSE_IDX,01/07/2025,09:03:51,3238.77,0,0,0,0,0,0
DOL100.BSE_IDX,01/07/2025,09:03:59,3236.95,0,0,0,0,0,0
DOL100.BSE_IDX,01/07/2025,09:04:07,3236.65,0,0,0,0,0,0
DOL100.BSE_IDX,01/07/2025,09:04:15,3236.16,0,0,0,0,0,0
DOL100.BSE_IDX,01/07/2025,09:04:23,3236.27,0,0,0,0,0,0
DOL100.BSE_IDX,01/07/2025,09:04:31,3236.12,0,0,0,0,0,0
DOL100.BSE_IDX,01/07/2025,09:04:39,3235.86,0,0,0,0,0,0
DOL100.BSE_IDX,01/07/2025,09:04:47,3235.16,0,0,0,0,0,0
DOL100.BSE_IDX,01/07/2025,09:04:55,3234.17,0,0,0,0,0,0
DOL100.BSE_IDX,01/07/2025,09:05:03,3234.21,0,0,0,0,0,0
DOL100.BSE_IDX,01/07/2025,09:05:11,3233.65,0,0,0,0,0,0
DOL100.BSE_IDX,01/07/2025,09:05:19,3235.32,0,0,0,0,0,0
DOL100.BSE_IDX,01/07/2025,09:05:27,3235.49,0,0,0,0,0,0
DOL100.BSE_IDX,01/07/2025,09:05:35,3235.84,0,0,0,0,0,0
DOL100.BSE_IDX,01/07/2025,09:05:43,3235.46,0,0,0,0,0,0
DOL100.BSE_IDX,01/07/2025,09:05:51,3235.68,0,0,0,0,0,0
DOL100.BSE_IDX,01/07/2025,09:05:59,3236.39,0,0,0,0,0,0
DOL100.BSE_IDX,01/07/2025,09:06:07,3236.47,0,0,0,0,0,0
DOL100.BSE_IDX,01/07/2025,09:06:15,3236.48,0,0,0,0,0,0
DOL100.BSE_IDX,01/07/2025,09:06:23,3237.2,0,0,0,0,0,0
DOL100.BSE_IDX,01/07/2025,09:06:31,3237.9,0,0,0,0,0,0
DOL100.BSE_IDX,01/07/2025,09:06:39,3237.93,0,0,0,0,0,0
DOL100.BSE_IDX,01/07/2025,09:06:47,3236.97,0,0,0,0,0,0
DOL100.BSE_IDX,01/07/2025,09:06:55,3237.22,0,0,0,0,0,0
DOL100.BSE_IDX,01/07/2025,09:07:04,3237.1,0,0,0,0,0,0
DOL100.BSE_IDX,01/07/2025,09:07:11,3237.1,0,0,0,0,0,0
DOL100.BSE_IDX,01/07/2025,09:07:19,3237.1,0,0,0,0,0,0
DOL100.BSE_IDX,01/07/2025,09:07:27,3237.1,0,0,0,0,0,0
DOL100.BSE_IDX,01/07/2025,09:07:35,3237.1,0,0,0,0,0,0
DOL100.BSE_IDX,01/07/2025,09:07:43,3237.1,0,0,0,0,0,0
DOL100.BSE_IDX,01/07/2025,09:07:51,3237.1,0,0,0,0,0,0
DOL100.BSE_IDX,01/07/2025,09:07:59,3237.1,0,0,0,0,0,0
DOL100.BSE_IDX,01/07/2025,09:08:07,3237.1,0,0,0,0,0,0
DOL100.BSE_IDX,01/07/2025,09:08:15,3237.1,0,0,0,0,0,0
DOL100.BSE_IDX,01/07/2025,09:08:23,3237.1,0,0,0,0,0,0
DOL100.BSE_IDX,01/07/2025,09:08:31,3237.1,0,0,0,0,0,0
DOL100.BSE_IDX,01/07/2025,09:08:39,3237.1,0,0,0,0,0,0
DOL100.BSE_IDX,01/07/2025,09:08:47,3237.1,0,0,0,0,0,0
DOL100.BSE_IDX,01/07/2025,09:08:55,3237.1,0,0,0,0,0,0
DOL100.BSE_IDX,01/07/2025,09:09:03,3237.11,0,0,0,0,0,0
DOL100.BSE_IDX,01/07/2025,09:09:11,3237.11,0,0,0,0,0,0
DOL100.BSE_IDX,01/07/2025,09:09:19,3237.11,0,0,0,0,0,0
DOL100.BSE_IDX,01/07/2025,09:09:27,3237.11,0,0,0,0,0,0
DOL100.BSE_IDX,01/07/2025,09:09:35,3237.11,0,0,0,0,0,0
DOL100.BSE_IDX,01/07/2025,09:09:43,3237.11,0,0,0,0,0,0
DOL100.BSE_IDX,01/07/2025,09:09:51,3237.11,0,0,0,0,0,0
DOL100.BSE_IDX,01/07/2025,09:09:59,3237.11,0,0,0,0,0,0
DOL100.BSE_IDX,01/07/2025,09:10:07,3237.11,0,0,0,0,0,0
DOL100.BSE_IDX,01/07/2025,09:10:15,3237.11,0,0,0,0,0,0
DOL100.BSE_IDX,01/07/2025,09:10:23,3237.11,0,0,0,0,0,0
DOL100.BSE_IDX,01/07/2025,09:10:31,3237.11,0,0,0,0,0,0
DOL100.BSE_IDX,01/07/2025,09:10:39,3237.11,0,0,0,0,0,0
DOL100.BSE_IDX,01/07/2025,09:10:47,3237.11,0,0,0,0,0,0
DOL100.BSE_IDX,01/07/2025,09:10:55,3237.11,0,0,0,0,0,0
DOL100.BSE_IDX,01/07/2025,09:11:03,3237.11,0,0,0,0,0,0
DOL100.BSE_IDX,01/07/2025,09:11:11,3237.11,0,0,0,0,0,0
DOL100.BSE_IDX,01/07/2025,09:11:19,3237.11,0,0,0,0,0,0
DOL100.BSE_IDX,01/07/2025,09:11:27,3237.11,0,0,0,0,0,0
DOL100.BSE_IDX,01/07/2025,09:11:35,3237.11,0,0,0,0,0,0
DOL100.BSE_IDX,01/07/2025,09:11:43,3237.11,0,0,0,0,0,0
DOL100.BSE_IDX,01/07/2025,09:11:51,3237.11,0,0,0,0,0,0
DOL100.BSE_IDX,01/07/2025,09:11:59,3237.11,0,0,0,0,0,0
DOL100.BSE_IDX,01/07/2025,09:12:07,3237.11,0,0,0,0,0,0
DOL100.BSE_IDX,01/07/2025,09:12:16,3237.11,0,0,0,0,0,0
DOL100.BSE_IDX,01/07/2025,09:12:23,3237.11,0,0,0,0,0,0
DOL100.BSE_IDX,01/07/2025,09:12:31,3237.11,0,0,0,0,0,0
DOL100.BSE_IDX,01/07/2025,09:12:39,3237.11,0,0,0,0,0,0
DOL100.BSE_IDX,01/07/2025,09:12:47,3237.11,0,0,0,0,0,0
DOL100.BSE_IDX,01/07/2025,09:12:55,3237.11,0,0,0,0,0,0
DOL100.BSE_IDX,01/07/2025,09:13:03,3237.11,0,0,0,0,0,0
DOL100.BSE_IDX,01/07/2025,09:13:11,3237.11,0,0,0,0,0,0
DOL100.BSE_IDX,01/07/2025,09:13:19,3237.11,0,0,0,0,0,0
DOL100.BSE_IDX,01/07/2025,09:13:27,3237.11,0,0,0,0,0,0
DOL100.BSE_IDX,01/07/2025,09:13:35,3237.11,0,0,0,0,0,0
DOL100.BSE_IDX,01/07/2025,09:13:43,3237.11,0,0,0,0,0,0
DOL100.BSE_IDX,01/07/2025,09:13:51,3237.11,0,0,0,0,0,0
DOL100.BSE_IDX,01/07/2025,09:13:59,3237.11,0,0,0,0,0,0
DOL100.BSE_IDX,01/07/2025,09:14:07,3237.11,0,0,0,0,0,0
DOL100.BSE_IDX,01/07/2025,09:14:15,3237.11,0,0,0,0,0,0
DOL100.BSE_IDX,01/07/2025,09:14:23,3237.11,0,0,0,0,0,0
DOL100.BSE_IDX,01/07/2025,09:14:31,3237.11,0,0,0,0,0,0
DOL100.BSE_IDX,01/07/2025,09:14:39,3237.11,0,0,0,0,0,0
DOL100.BSE_IDX,01/07/2025,09:14:47,3237.11,0,0,0,0,0,0
DOL100.BSE_IDX,01/07/2025,09:14:55,3237.11,0,0,0,0,0,0
DOL100.BSE_IDX,01/07/2025,09:15:04,3238.69,0,0,0,0,0,0
DOL100.BSE_IDX,01/07/2025,09:15:11,3239.61,0,0,0,0,0,0
DOL100.BSE_IDX,01/07/2025,09:15:19,3238.1,0,0,0,0,0,0
DOL100.BSE_IDX,01/07/2025,09:15:27,3236.77,0,0,0,0,0,0
DOL100.BSE_IDX,01/07/2025,09:15:35,3236.68,0,0,0,0,0,0
DOL100.BSE_IDX,01/07/2025,09:15:43,3236.29,0,0,0,0,0,0
DOL100.BSE_IDX,01/07/2025,09:15:51,3235.76,0,0,0,0,0,0
DOL100.BSE_IDX,01/07/2025,09:15:59,3234.9,0,0,0,0,0,0
DOL100.BSE_IDX,01/07/2025,09:16:07,3234.62,0,0,0,0,0,0
DOL100.BSE_IDX,01/07/2025,09:16:15,3235.41,0,0,0,0,0,0
DOL100.BSE_IDX,01/07/2025,09:16:24,3235.63,0,0,0,0,0,0
DOL100.BSE_IDX,01/07/2025,09:16:31,3235.24,0,0,0,0,0,0
DOL100.BSE_IDX,01/07/2025,09:16:39,3235.19,0,0,0,0,0,0
DOL100.BSE_IDX,01/07/2025,09:16:48,3234.37,0,0,0,0,0,0
DOL100.BSE_IDX,01/07/2025,09:16:55,3234.43,0,0,0,0,0,0
DOL100.BSE_IDX,01/07/2025,09:17:03,3234.86,0,0,0,0,0,0
DOL100.BSE_IDX,01/07/2025,09:17:12,3234.1,0,0,0,0,0,0
DOL100.BSE_IDX,01/07/2025,09:17:19,3234.14,0,0,0,0,0,0
DOL100.BSE_IDX,01/07/2025,09:17:27,3234.39,0,0,0,0,0,0
DOL100.BSE_IDX,01/07/2025,09:17:35,3234.8,0,0,0,0,0,0
DOL100.BSE_IDX,01/07/2025,09:17:44,3235.63,0,0,0,0,0,0
DOL100.BSE_IDX,01/07/2025,09:17:51,3236.14,0,0,0,0,0,0
DOL100.BSE_IDX,01/07/2025,09:17:59,3236.02,0,0,0,0,0,0
DOL100.BSE_IDX,01/07/2025,09:18:07,3236.5,0,0,0,0,0,0
DOL100.BSE_IDX,01/07/2025,09:18:15,3236.45,0,0,0,0,0,0
DOL100.BSE_IDX,01/07/2025,09:18:23,3236.31,0,0,0,0,0,0
DOL100.BSE_IDX,01/07/2025,09:18:31,3236.24,0,0,0,0,0,0
DOL100.BSE_IDX,01/07/2025,09:18:39,3236.48,0,0,0,0,0,0
DOL100.BSE_IDX,01/07/2025,09:18:47,3236.59,0,0,0,0,0,0
DOL100.BSE_IDX,01/07/2025,09:18:56,3236.6,0,0,0,0,0,0
DOL100.BSE_IDX,01/07/2025,09:19:03,3236.37,0,0,0,0,0,0
DOL100.BSE_IDX,01/07/2025,09:19:11,3235.99,0,0,0,0,0,0
DOL100.BSE_IDX,01/07/2025,09:19:19,3235.96,0,0,0,0,0,0
DOL100.BSE_IDX,01/07/2025,09:19:28,3235.77,0,0,0,0,0,0
DOL100.BSE_IDX,01/07/2025,09:19:35,3236.24,0,0,0,0,0,0
DOL100.BSE_IDX,01/07/2025,09:19:43,3236.11,0,0,0,0,0,0
DOL100.BSE_IDX,01/07/2025,09:19:52,3236.23,0,0,0,0,0,0
DOL100.BSE_IDX,01/07/2025,09:19:59,3236.07,0,0,0,0,0,0
DOL100.BSE_IDX,01/07/2025,09:20:07,3236.47,0,0,0,0,0,0
DOL100.BSE_IDX,01/07/2025,09:20:15,3236.91,0,0,0,0,0,0
DOL100.BSE_IDX,01/07/2025,09:20:24,3236.58,0,0,0,0,0,0
DOL100.BSE_IDX,01/07/2025,09:20:31,3237,0,0,0,0,0,0
DOL100.BSE_IDX,01/07/2025,09:20:39,3237.04,0,0,0,0,0,0
DOL100.BSE_IDX,01/07/2025,09:20:47,3236.93,0,0,0,0,0,0
DOL100.BSE_IDX,01/07/2025,09:20:55,3236.65,0,0,0,0,0,0
DOL100.BSE_IDX,01/07/2025,09:21:03,3236.61,0,0,0,0,0,0
DOL100.BSE_IDX,01/07/2025,09:21:11,3237.04,0,0,0,0,0,0
DOL100.BSE_IDX,01/07/2025,09:21:19,3237.93,0,0,0,0,0,0
DOL100.BSE_IDX,01/07/2025,09:21:27,3237.9,0,0,0,0,0,0
DOL100.BSE_IDX,01/07/2025,09:21:36,3238.11,0,0,0,0,0,0
DOL100.BSE_IDX,01/07/2025,09:21:43,3238.57,0,0,0,0,0,0
DOL100.BSE_IDX,01/07/2025,09:21:51,3238.81,0,0,0,0,0,0
DOL100.BSE_IDX,01/07/2025,09:21:59,3238.86,0,0,0,0,0,0
DOL100.BSE_IDX,01/07/2025,09:22:07,3238.71,0,0,0,0,0,0
DOL100.BSE_IDX,01/07/2025,09:22:15,3238.68,0,0,0,0,0,0
DOL100.BSE_IDX,01/07/2025,09:22:23,3239.41,0,0,0,0,0,0
DOL100.BSE_IDX,01/07/2025,09:22:31,3239.83,0,0,0,0,0,0
DOL100.BSE_IDX,01/07/2025,09:22:39,3239.81,0,0,0,0,0,0
DOL100.BSE_IDX,01/07/2025,09:22:47,3240.01,0,0,0,0,0,0
DOL100.BSE_IDX,01/07/2025,09:22:55,3239.99,0,0,0,0,0,0
DOL100.BSE_IDX,01/07/2025,09:23:03,3239.87,0,0,0,0,0,0
DOL100.BSE_IDX,01/07/2025,09:23:11,3239.61,0,0,0,0,0,0
DOL100.BSE_IDX,01/07/2025,09:23:19,3239.24,0,0,0,0,0,0
DOL100.BSE_IDX,01/07/2025,09:23:27,3238.91,0,0,0,0,0,0
DOL100.BSE_IDX,01/07/2025,09:23:35,3238.67,0,0,0,0,0,0
DOL100.BSE_IDX,01/07/2025,09:23:44,3238.5,0,0,0,0,0,0
DOL100.BSE_IDX,01/07/2025,09:23:51,3238.04,0,0,0,0,0,0
DOL100.BSE_IDX,01/07/2025,09:23:59,3237.96,0,0,0,0,0,0
DOL100.BSE_IDX,01/07/2025,09:24:08,3238.49,0,0,0,0,0,0
DOL100.BSE_IDX,01/07/2025,09:24:15,3238.49,0,0,0,0,0,0
DOL100.BSE_IDX,01/07/2025,09:24:23,3238.47,0,0,0,0,0,0
DOL100.BSE_IDX,01/07/2025,09:24:32,3238.3,0,0,0,0,0,0
DOL100.BSE_IDX,01/07/2025,09:24:39,3238.29,0,0,0,0,0,0
DOL100.BSE_IDX,01/07/2025,09:24:48,3238.54,0,0,0,0,0,0
DOL100.BSE_IDX,01/07/2025,09:24:57,3238.36,0,0,0,0,0,0
DOL100.BSE_IDX,01/07/2025,09:25:03,3238.42,0,0,0,0,0,0
DOL100.BSE_IDX,01/07/2025,09:25:12,3238.83,0,0,0,0,0,0
DOL100.BSE_IDX,01/07/2025,09:25:19,3239.11,0,0,0,0,0,0
DOL100.BSE_IDX,01/07/2025,09:25:29,3239.04,0,0,0,0,0,0
DOL100.BSE_IDX,01/07/2025,09:25:35,3239.8,0,0,0,0,0,0
DOL100.BSE_IDX,01/07/2025,09:25:43,3239.81,0,0,0,0,0,0
DOL100.BSE_IDX,01/07/2025,09:25:51,3239.9,0,0,0,0,0,0
DOL100.BSE_IDX,01/07/2025,09:25:59,3239.95,0,0,0,0,0,0
DOL100.BSE_IDX,01/07/2025,09:26:08,3239.59,0,0,0,0,0,0
DOL100.BSE_IDX,01/07/2025,09:26:15,3239.39,0,0,0,0,0,0
DOL100.BSE_IDX,01/07/2025,09:26:23,3239.8,0,0,0,0,0,0
DOL100.BSE_IDX,01/07/2025,09:26:31,3239.94,0,0,0,0,0,0
DOL100.BSE_IDX,01/07/2025,09:26:39,3239.95,0,0,0,0,0,0
DOL100.BSE_IDX,01/07/2025,09:26:48,3239.99,0,0,0,0,0,0
DOL100.BSE_IDX,01/07/2025,09:26:55,3240.36,0,0,0,0,0,0
DOL100.BSE_IDX,01/07/2025,09:27:04,3240.56,0,0,0,0,0,0
DOL100.BSE_IDX,01/07/2025,09:27:12,3240.35,0,0,0,0,0,0
DOL100.BSE_IDX,01/07/2025,09:27:19,3240.53,0,0,0,0,0,0
DOL100.BSE_IDX,01/07/2025,09:27:28,3240.27,0,0,0,0,0,0
DOL100.BSE_IDX,01/07/2025,09:27:36,3240.1,0,0,0,0,0,0
DOL100.BSE_IDX,01/07/2025,09:27:44,3240.09,0,0,0,0,0,0
DOL100.BSE_IDX,01/07/2025,09:27:51,3240.14,0,0,0,0,0,0
DOL100.BSE_IDX,01/07/2025,09:28:00,3240.62,0,0,0,0,0,0
DOL100.BSE_IDX,01/07/2025,09:28:08,3240.29,0,0,0,0,0,0
DOL100.BSE_IDX,01/07/2025,09:28:16,3240.41,0,0,0,0,0,0
DOL100.BSE_IDX,01/07/2025,09:28:24,3239.99,0,0,0,0,0,0
DOL100.BSE_IDX,01/07/2025,09:28:32,3239.73,0,0,0,0,0,0
DOL100.BSE_IDX,01/07/2025,09:28:40,3239.21,0,0,0,0,0,0
DOL100.BSE_IDX,01/07/2025,09:28:48,3239.16,0,0,0,0,0,0
DOL100.BSE_IDX,01/07/2025,09:28:56,3238.97,0,0,0,0,0,0
DOL100.BSE_IDX,01/07/2025,09:29:04,3239.19,0,0,0,0,0,0
DOL100.BSE_IDX,01/07/2025,09:29:12,3239.2,0,0,0,0,0,0
DOL100.BSE_IDX,01/07/2025,09:29:20,3238.88,0,0,0,0,0,0
DOL100.BSE_IDX,01/07/2025,09:29:28,3238.9,0,0,0,0,0,0
DOL100.BSE_IDX,01/07/2025,09:29:36,3239.01,0,0,0,0,0,0
DOL100.BSE_IDX,01/07/2025,09:29:44,3239.3,0,0,0,0,0,0
DOL100.BSE_IDX,01/07/2025,09:29:52,3239.37,0,0,0,0,0,0
DOL100.BSE_IDX,01/07/2025,09:30:00,3239.59,0,0,0,0,0,0
DOL100.BSE_IDX,01/07/2025,09:30:08,3239.94,0,0,0,0,0,0
DOL100.BSE_IDX,01/07/2025,09:30:16,3241.04,0,0,0,0,0,0
DOL100.BSE_IDX,01/07/2025,09:30:24,3241.15,0,0,0,0,0,0
DOL100.BSE_IDX,01/07/2025,09:30:32,3241.46,0,0,0,0,0,0
DOL100.BSE_IDX,01/07/2025,09:30:40,3241.65,0,0,0,0,0,0
DOL100.BSE_IDX,01/07/2025,09:30:48,3241.75,0,0,0,0,0,0
DOL100.BSE_IDX,01/07/2025,09:30:56,3241.42,0,0,0,0,0,0
DOL100.BSE_IDX,01/07/2025,09:31:04,3241.51,0,0,0,0,0,0
DOL100.BSE_IDX,01/07/2025,09:31:12,3240.9,0,0,0,0,0,0
DOL100.BSE_IDX,01/07/2025,09:31:20,3240.63,0,0,0,0,0,0
DOL100.BSE_IDX,01/07/2025,09:31:28,3240.49,0,0,0,0,0,0
DOL100.BSE_IDX,01/07/2025,09:31:36,3240.38,0,0,0,0,0,0
DOL100.BSE_IDX,01/07/2025,09:31:44,3240.18,0,0,0,0,0,0
DOL100.BSE_IDX,01/07/2025,09:31:52,3240.4,0,0,0,0,0,0
DOL100.BSE_IDX,01/07/2025,09:32:00,3240.65,0,0,0,0,0,0
DOL100.BSE_IDX,01/07/2025,09:32:08,3240.29,0,0,0,0,0,0
DOL100.BSE_IDX,01/07/2025,09:32:16,3240.11,0,0,0,0,0,0
DOL100.BSE_IDX,01/07/2025,09:32:24,3240.02,0,0,0,0,0,0
DOL100.BSE_IDX,01/07/2025,09:32:32,3240.22,0,0,0,0,0,0
DOL100.BSE_IDX,01/07/2025,09:32:40,3240.09,0,0,0,0,0,0
DOL100.BSE_IDX,01/07/2025,09:32:48,3240.32,0,0,0,0,0,0
DOL100.BSE_IDX,01/07/2025,09:32:56,3240.7,0,0,0,0,0,0
DOL100.BSE_IDX,01/07/2025,09:33:04,3241.01,0,0,0,0,0,0
DOL100.BSE_IDX,01/07/2025,09:33:12,3241.14,0,0,0,0,0,0
DOL100.BSE_IDX,01/07/2025,09:33:20,3241.31,0,0,0,0,0,0
DOL100.BSE_IDX,01/07/2025,09:33:28,3241.28,0,0,0,0,0,0
DOL100.BSE_IDX,01/07/2025,09:33:36,3241.24,0,0,0,0,0,0
DOL100.BSE_IDX,01/07/2025,09:33:44,3241.14,0,0,0,0,0,0
DOL100.BSE_IDX,01/07/2025,09:33:52,3241.11,0,0,0,0,0,0
DOL100.BSE_IDX,01/07/2025,09:34:00,3241.12,0,0,0,0,0,0
DOL100.BSE_IDX,01/07/2025,09:34:08,3240.88,0,0,0,0,0,0
DOL100.BSE_IDX,01/07/2025,09:34:16,3240.76,0,0,0,0,0,0
DOL100.BSE_IDX,01/07/2025,09:34:24,3240.9,0,0,0,0,0,0
DOL100.BSE_IDX,01/07/2025,09:34:32,3240.84,0,0,0,0,0,0
DOL100.BSE_IDX,01/07/2025,09:34:40,3240.92,0,0,0,0,0,0
DOL100.BSE_IDX,01/07/2025,09:34:48,3241.03,0,0,0,0,0,0
DOL100.BSE_IDX,01/07/2025,09:34:56,3241.02,0,0,0,0,0,0
DOL100.BSE_IDX,01/07/2025,09:35:05,3240.79,0,0,0,0,0,0
DOL100.BSE_IDX,01/07/2025,09:35:12,3240.72,0,0,0,0,0,0
DOL100.BSE_IDX,01/07/2025,09:35:20,3240.26,0,0,0,0,0,0
DOL100.BSE_IDX,01/07/2025,09:35:28,3240.17,0,0,0,0,0,0
DOL100.BSE_IDX,01/07/2025,09:35:36,3240.37,0,0,0,0,0,0
DOL100.BSE_IDX,01/07/2025,09:35:44,3240.37,0,0,0,0,0,0
DOL100.BSE_IDX,01/07/2025,09:35:52,3240.11,0,0,0,0,0,0
DOL100.BSE_IDX,01/07/2025,09:36:00,3240.23,0,0,0,0,0,0
DOL100.BSE_IDX,01/07/2025,09:36:08,3240.14,0,0,0,0,0,0
DOL100.BSE_IDX,01/07/2025,09:36:16,3240.02,0,0,0,0,0,0
DOL100.BSE_IDX,01/07/2025,09:36:24,3240.07,0,0,0,0,0,0
DOL100.BSE_IDX,01/07/2025,09:36:33,3239.91,0,0,0,0,0,0
DOL100.BSE_IDX,01/07/2025,09:36:40,3239.49,0,0,0,0,0,0
DOL100.BSE_IDX,01/07/2025,09:36:48,3240.06,0,0,0,0,0,0
DOL100.BSE_IDX,01/07/2025,09:36:56,3240.02,0,0,0,0,0,0
DOL100.BSE_IDX,01/07/2025,09:37:04,3240.18,0,0,0,0,0,0
DOL100.BSE_IDX,01/07/2025,09:37:12,3240.3,0,0,0,0,0,0
DOL100.BSE_IDX,01/07/2025,09:37:20,3240.24,0,0,0,0,0,0
DOL100.BSE_IDX,01/07/2025,09:37:28,3240.38,0,0,0,0,0,0
DOL100.BSE_IDX,01/07/2025,09:37:36,3240.24,0,0,0,0,0,0
DOL100.BSE_IDX,01/07/2025,09:37:44,3240.44,0,0,0,0,0,0
DOL100.BSE_IDX,01/07/2025,09:37:52,3240.35,0,0,0,0,0,0
DOL100.BSE_IDX,01/07/2025,09:38:00,3240.47,0,0,0,0,0,0
DOL100.BSE_IDX,01/07/2025,09:38:08,3240.28,0,0,0,0,0,0
DOL100.BSE_IDX,01/07/2025,09:38:16,3240.02,0,0,0,0,0,0
DOL100.BSE_IDX,01/07/2025,09:38:24,3240.09,0,0,0,0,0,0
DOL100.BSE_IDX,01/07/2025,09:38:32,3239.89,0,0,0,0,0,0
DOL100.BSE_IDX,01/07/2025,09:38:40,3239.62,0,0,0,0,0,0
DOL100.BSE_IDX,01/07/2025,09:38:48,3239.78,0,0,0,0,0,0
DOL100.BSE_IDX,01/07/2025,09:38:56,3239.77,0,0,0,0,0,0
DOL100.BSE_IDX,01/07/2025,09:39:04,3239.29,0,0,0,0,0,0
DOL100.BSE_IDX,01/07/2025,09:39:12,3239.65,0,0,0,0,0,0
DOL100.BSE_IDX,01/07/2025,09:39:20,3239.74,0,0,0,0,0,0
DOL100.BSE_IDX,01/07/2025,09:39:28,3239.72,0,0,0,0,0,0
DOL100.BSE_IDX,01/07/2025,09:39:36,3239.9,0,0,0,0,0,0
DOL100.BSE_IDX,01/07/2025,09:39:44,3240.18,0,0,0,0,0,0
DOL100.BSE_IDX,01/07/2025,09:39:52,3240.33,0,0,0,0,0,0
DOL100.BSE_IDX,01/07/2025,09:40:00,3240.43,0,0,0,0,0,0
DOL100.BSE_IDX,01/07/2025,09:40:08,3240.67,0,0,0,0,0,0
DOL100.BSE_IDX,01/07/2025,09:40:16,3240.72,0,0,0,0,0,0
DOL100.BSE_IDX,01/07/2025,09:40:24,3240.87,0,0,0,0,0,0
DOL100.BSE_IDX,01/07/2025,09:40:32,3240.33,0,0,0,0,0,0
DOL100.BSE_IDX,01/07/2025,09:40:40,3240.29,0,0,0,0,0,0
DOL100.BSE_IDX,01/07/2025,09:40:48,3240.27,0,0,0,0,0,0
DOL100.BSE_IDX,01/07/2025,09:40:56,3240.34,0,0,0,0,0,0
DOL100.BSE_IDX,01/07/2025,09:41:04,3240.21,0,0,0,0,0,0
DOL100.BSE_IDX,01/07/2025,09:41:12,3240.39,0,0,0,0,0,0
DOL100.BSE_IDX,01/07/2025,09:41:20,3240.6,0,0,0,0,0,0
DOL100.BSE_IDX,01/07/2025,09:41:28,3240.74,0,0,0,0,0,0
DOL100.BSE_IDX,01/07/2025,09:41:36,3240.85,0,0,0,0,0,0
DOL100.BSE_IDX,01/07/2025,09:41:44,3240.59,0,0,0,0,0,0
DOL100.BSE_IDX,01/07/2025,09:41:52,3240.58,0,0,0,0,0,0
DOL100.BSE_IDX,01/07/2025,09:42:00,3240.83,0,0,0,0,0,0
DOL100.BSE_IDX,01/07/2025,09:42:08,3241.1,0,0,0,0,0,0
DOL100.BSE_IDX,01/07/2025,09:42:16,3241.05,0,0,0,0,0,0
DOL100.BSE_IDX,01/07/2025,09:42:24,3240.81,0,0,0,0,0,0
DOL100.BSE_IDX,01/07/2025,09:42:32,3240.76,0,0,0,0,0,0
DOL100.BSE_IDX,01/07/2025,09:42:40,3240.81,0,0,0,0,0,0
DOL100.BSE_IDX,01/07/2025,09:42:48,3241.04,0,0,0,0,0,0
DOL100.BSE_IDX,01/07/2025,09:42:56,3241.48,0,0,0,0,0,0
DOL100.BSE_IDX,01/07/2025,09:43:04,3241.2,0,0,0,0,0,0
DOL100.BSE_IDX,01/07/2025,09:43:12,3241.04,0,0,0,0,0,0
DOL100.BSE_IDX,01/07/2025,09:43:20,3240.91,0,0,0,0,0,0
DOL100.BSE_IDX,01/07/2025,09:43:28,3241.11,0,0,0,0,0,0
DOL100.BSE_IDX,01/07/2025,09:43:36,3240.99,0,0,0,0,0,0
DOL100.BSE_IDX,01/07/2025,09:43:44,3240.87,0,0,0,0,0,0
DOL100.BSE_IDX,01/07/2025,09:43:53,3240.74,0,0,0,0,0,0
DOL100.BSE_IDX,01/07/2025,09:44:00,3240.71,0,0,0,0,0,0
DOL100.BSE_IDX,01/07/2025,09:44:08,3240.69,0,0,0,0,0,0
DOL100.BSE_IDX,01/07/2025,09:44:16,3240.64,0,0,0,0,0,0
DOL100.BSE_IDX,01/07/2025,09:44:24,3240.92,0,0,0,0,0,0
DOL100.BSE_IDX,01/07/2025,09:44:32,3240.92,0,0,0,0,0,0
DOL100.BSE_IDX,01/07/2025,09:44:40,3240.77,0,0,0,0,0,0
DOL100.BSE_IDX,01/07/2025,09:44:48,3240.69,0,0,0,0,0,0
DOL100.BSE_IDX,01/07/2025,09:44:56,3240.53,0,0,0,0,0,0
DOL100.BSE_IDX,01/07/2025,09:45:05,3240.23,0,0,0,0,0,0
DOL100.BSE_IDX,01/07/2025,09:45:12,3239.85,0,0,0,0,0,0
DOL100.BSE_IDX,01/07/2025,09:45:20,3239.68,0,0,0,0,0,0
DOL100.BSE_IDX,01/07/2025,09:45:28,3239.93,0,0,0,0,0,0
DOL100.BSE_IDX,01/07/2025,09:45:36,3239.59,0,0,0,0,0,0
DOL100.BSE_IDX,01/07/2025,09:45:44,3239.15,0,0,0,0,0,0
DOL100.BSE_IDX,01/07/2025,09:45:52,3239.3,0,0,0,0,0,0
DOL100.BSE_IDX,01/07/2025,09:46:01,3239.22,0,0,0,0,0,0
DOL100.BSE_IDX,01/07/2025,09:46:08,3238.75,0,0,0,0,0,0
DOL100.BSE_IDX,01/07/2025,09:46:16,3238.8,0,0,0,0,0,0
DOL100.BSE_IDX,01/07/2025,09:46:24,3238.88,0,0,0,0,0,0
DOL100.BSE_IDX,01/07/2025,09:46:32,3239,0,0,0,0,0,0
DOL100.BSE_IDX,01/07/2025,09:46:40,3239.15,0,0,0,0,0,0
DOL100.BSE_IDX,01/07/2025,09:46:48,3239.02,0,0,0,0,0,0
DOL100.BSE_IDX,01/07/2025,09:46:56,3239.09,0,0,0,0,0,0
DOL100.BSE_IDX,01/07/2025,09:47:04,3238.95,0,0,0,0,0,0
DOL100.BSE_IDX,01/07/2025,09:47:12,3239.11,0,0,0,0,0,0
DOL100.BSE_IDX,01/07/2025,09:47:20,3238.96,0,0,0,0,0,0
DOL100.BSE_IDX,01/07/2025,09:47:28,3238.87,0,0,0,0,0,0
DOL100.BSE_IDX,01/07/2025,09:47:36,3238.74,0,0,0,0,0,0
DOL100.BSE_IDX,01/07/2025,09:47:44,3238.81,0,0,0,0,0,0
DOL100.BSE_IDX,01/07/2025,09:47:52,3239.31,0,0,0,0,0,0
DOL100.BSE_IDX,01/07/2025,09:48:00,3239.54,0,0,0,0,0,0
DOL100.BSE_IDX,01/07/2025,09:48:08,3239.6,0,0,0,0,0,0
DOL100.BSE_IDX,01/07/2025,09:48:16,3239.99,0,0,0,0,0,0
DOL100.BSE_IDX,01/07/2025,09:48:24,3240.42,0,0,0,0,0,0
DOL100.BSE_IDX,01/07/2025,09:48:32,3240.82,0,0,0,0,0,0
DOL100.BSE_IDX,01/07/2025,09:48:40,3240.5,0,0,0,0,0,0
DOL100.BSE_IDX,01/07/2025,09:48:48,3240.34,0,0,0,0,0,0
DOL100.BSE_IDX,01/07/2025,09:48:56,3240.4,0,0,0,0,0,0
DOL100.BSE_IDX,01/07/2025,09:49:04,3240.68,0,0,0,0,0,0
DOL100.BSE_IDX,01/07/2025,09:49:12,3240.75,0,0,0,0,0,0
DOL100.BSE_IDX,01/07/2025,09:49:20,3240.7,0,0,0,0,0,0
DOL100.BSE_IDX,01/07/2025,09:49:28,3240.86,0,0,0,0,0,0
DOL100.BSE_IDX,01/07/2025,09:49:36,3240.94,0,0,0,0,0,0
DOL100.BSE_IDX,01/07/2025,09:49:44,3241.12,0,0,0,0,0,0
DOL100.BSE_IDX,01/07/2025,09:49:52,3241.25,0,0,0,0,0,0
DOL100.BSE_IDX,01/07/2025,09:50:00,3241.15,0,0,0,0,0,0
DOL100.BSE_IDX,01/07/2025,09:50:08,3241.29,0,0,0,0,0,0
DOL100.BSE_IDX,01/07/2025,09:50:16,3241.24,0,0,0,0,0,0
DOL100.BSE_IDX,01/07/2025,09:50:24,3241.29,0,0,0,0,0,0
DOL100.BSE_IDX,01/07/2025,09:50:32,3240.83,0,0,0,0,0,0
DOL100.BSE_IDX,01/07/2025,09:50:40,3240.27,0,0,0,0,0,0
DOL100.BSE_IDX,01/07/2025,09:50:48,3240.44,0,0,0,0,0,0
DOL100.BSE_IDX,01/07/2025,09:50:57,3240.37,0,0,0,0,0,0
DOL100.BSE_IDX,01/07/2025,09:51:04,3240.36,0,0,0,0,0,0
DOL100.BSE_IDX,01/07/2025,09:51:12,3240.77,0,0,0,0,0,0
DOL100.BSE_IDX,01/07/2025,09:51:20,3240.71,0,0,0,0,0,0
DOL100.BSE_IDX,01/07/2025,09:51:28,3240.29,0,0,0,0,0,0
DOL100.BSE_IDX,01/07/2025,09:51:37,3239.77,0,0,0,0,0,0
DOL100.BSE_IDX,01/07/2025,09:51:44,3240.09,0,0,0,0,0,0
DOL100.BSE_IDX,01/07/2025,09:51:52,3239.7,0,0,0,0,0,0
DOL100.BSE_IDX,01/07/2025,09:52:01,3239.42,0,0,0,0,0,0
DOL100.BSE_IDX,01/07/2025,09:52:08,3238.95,0,0,0,0,0,0
DOL100.BSE_IDX,01/07/2025,09:52:17,3238.31,0,0,0,0,0,0
DOL100.BSE_IDX,01/07/2025,09:52:24,3238.2,0,0,0,0,0,0
DOL100.BSE_IDX,01/07/2025,09:52:32,3238.64,0,0,0,0,0,0
DOL100.BSE_IDX,01/07/2025,09:52:40,3238.61,0,0,0,0,0,0
DOL100.BSE_IDX,01/07/2025,09:52:48,3238.82,0,0,0,0,0,0
DOL100.BSE_IDX,01/07/2025,09:52:57,3238.77,0,0,0,0,0,0
DOL100.BSE_IDX,01/07/2025,09:53:04,3238.79,0,0,0,0,0,0
DOL100.BSE_IDX,01/07/2025,09:53:13,3238.92,0,0,0,0,0,0
DOL100.BSE_IDX,01/07/2025,09:53:20,3239.11,0,0,0,0,0,0
DOL100.BSE_IDX,01/07/2025,09:53:28,3239.16,0,0,0,0,0,0
DOL100.BSE_IDX,01/07/2025,09:53:36,3239.11,0,0,0,0,0,0
DOL100.BSE_IDX,01/07/2025,09:53:44,3238.86,0,0,0,0,0,0
DOL100.BSE_IDX,01/07/2025,09:53:52,3238.7,0,0,0,0,0,0
DOL100.BSE_IDX,01/07/2025,09:54:00,3238.17,0,0,0,0,0,0
DOL100.BSE_IDX,01/07/2025,09:54:08,3237.81,0,0,0,0,0,0
DOL100.BSE_IDX,01/07/2025,09:54:16,3237.8,0,0,0,0,0,0
DOL100.BSE_IDX,01/07/2025,09:54:24,3237.45,0,0,0,0,0,0
DOL100.BSE_IDX,01/07/2025,09:54:32,3237.31,0,0,0,0,0,0
DOL100.BSE_IDX,01/07/2025,09:54:40,3237.21,0,0,0,0,0,0
DOL100.BSE_IDX,01/07/2025,09:54:48,3237.23,0,0,0,0,0,0
DOL100.BSE_IDX,01/07/2025,09:54:56,3237.23,0,0,0,0,0,0
DOL100.BSE_IDX,01/07/2025,09:55:04,3237.11,0,0,0,0,0,0
DOL100.BSE_IDX,01/07/2025,09:55:12,3237.21,0,0,0,0,0,0
DOL100.BSE_IDX,01/07/2025,09:55:20,3237.05,0,0,0,0,0,0
DOL100.BSE_IDX,01/07/2025,09:55:28,3237.07,0,0,0,0,0,0
DOL100.BSE_IDX,01/07/2025,09:55:36,3237.07,0,0,0,0,0,0
DOL100.BSE_IDX,01/07/2025,09:55:44,3236.86,0,0,0,0,0,0
DOL100.BSE_IDX,01/07/2025,09:55:52,3236.62,0,0,0,0,0,0
DOL100.BSE_IDX,01/07/2025,09:56:00,3236.71,0,0,0,0,0,0
DOL100.BSE_IDX,01/07/2025,09:56:08,3236.64,0,0,0,0,0,0
DOL100.BSE_IDX,01/07/2025,09:56:16,3236.7,0,0,0,0,0,0
DOL100.BSE_IDX,01/07/2025,09:56:25,3236.79,0,0,0,0,0,0
DOL100.BSE_IDX,01/07/2025,09:56:32,3236.57,0,0,0,0,0,0
DOL100.BSE_IDX,01/07/2025,09:56:41,3236.52,0,0,0,0,0,0
DOL100.BSE_IDX,01/07/2025,09:56:48,3236.7,0,0,0,0,0,0
DOL100.BSE_IDX,01/07/2025,09:56:57,3236.53,0,0,0,0,0,0
DOL100.BSE_IDX,01/07/2025,09:57:04,3236.56,0,0,0,0,0,0
DOL100.BSE_IDX,01/07/2025,09:57:12,3236.71,0,0,0,0,0,0
DOL100.BSE_IDX,01/07/2025,09:57:20,3236.95,0,0,0,0,0,0
DOL100.BSE_IDX,01/07/2025,09:57:28,3237.01,0,0,0,0,0,0
DOL100.BSE_IDX,01/07/2025,09:57:36,3236.79,0,0,0,0,0,0
DOL100.BSE_IDX,01/07/2025,09:57:44,3237.12,0,0,0,0,0,0
DOL100.BSE_IDX,01/07/2025,09:57:52,3237.03,0,0,0,0,0,0
DOL100.BSE_IDX,01/07/2025,09:58:00,3236.93,0,0,0,0,0,0
DOL100.BSE_IDX,01/07/2025,09:58:08,3237.05,0,0,0,0,0,0
DOL100.BSE_IDX,01/07/2025,09:58:16,3237.31,0,0,0,0,0,0
DOL100.BSE_IDX,01/07/2025,09:58:24,3237,0,0,0,0,0,0
DOL100.BSE_IDX,01/07/2025,09:58:32,3237.3,0,0,0,0,0,0
DOL100.BSE_IDX,01/07/2025,09:58:40,3237.58,0,0,0,0,0,0
DOL100.BSE_IDX,01/07/2025,09:58:48,3237.76,0,0,0,0,0,0
DOL100.BSE_IDX,01/07/2025,09:58:56,3238.03,0,0,0,0,0,0
DOL100.BSE_IDX,01/07/2025,09:59:05,3238.34,0,0,0,0,0,0
DOL100.BSE_IDX,01/07/2025,09:59:12,3238.23,0,0,0,0,0,0
DOL100.BSE_IDX,01/07/2025,09:59:20,3238.38,0,0,0,0,0,0
DOL100.BSE_IDX,01/07/2025,09:59:28,3238.51,0,0,0,0,0,0
DOL100.BSE_IDX,01/07/2025,09:59:36,3238.51,0,0,0,0,0,0
DOL100.BSE_IDX,01/07/2025,09:59:45,3238.53,0,0,0,0,0,0
DOL100.BSE_IDX,01/07/2025,09:59:52,3238.48,0,0,0,0,0,0
DOL100.BSE_IDX,01/07/2025,10:00:00,3238.43,0,0,0,0,0,0
DOL100.BSE_IDX,01/07/2025,10:00:08,3238.94,0,0,0,0,0,0
DOL100.BSE_IDX,01/07/2025,10:00:16,3239.07,0,0,0,0,0,0
DOL100.BSE_IDX,01/07/2025,10:00:24,3238.86,0,0,0,0,0,0
DOL100.BSE_IDX,01/07/2025,10:00:32,3238.78,0,0,0,0,0,0
DOL100.BSE_IDX,01/07/2025,10:00:40,3238.77,0,0,0,0,0,0
DOL100.BSE_IDX,01/07/2025,10:00:48,3238.73,0,0,0,0,0,0
DOL100.BSE_IDX,01/07/2025,10:00:56,3238.67,0,0,0,0,0,0
DOL100.BSE_IDX,01/07/2025,10:01:04,3238.26,0,0,0,0,0,0
DOL100.BSE_IDX,01/07/2025,10:01:12,3237.79,0,0,0,0,0,0
DOL100.BSE_IDX,01/07/2025,10:01:21,3237.76,0,0,0,0,0,0
DOL100.BSE_IDX,01/07/2025,10:01:28,3237.55,0,0,0,0,0,0
DOL100.BSE_IDX,01/07/2025,10:01:36,3237.43,0,0,0,0,0,0
DOL100.BSE_IDX,01/07/2025,10:01:44,3237.4,0,0,0,0,0,0
DOL100.BSE_IDX,01/07/2025,10:01:52,3237.09,0,0,0,0,0,0
DOL100.BSE_IDX,01/07/2025,10:02:00,3236.95,0,0,0,0,0,0
DOL100.BSE_IDX,01/07/2025,10:02:08,3236.88,0,0,0,0,0,0
DOL100.BSE_IDX,01/07/2025,10:02:16,3236.79,0,0,0,0,0,0
DOL100.BSE_IDX,01/07/2025,10:02:24,3236.86,0,0,0,0,0,0
DOL100.BSE_IDX,01/07/2025,10:02:32,3236.43,0,0,0,0,0,0
DOL100.BSE_IDX,01/07/2025,10:02:41,3236.5,0,0,0,0,0,0
DOL100.BSE_IDX,01/07/2025,10:02:49,3236.53,0,0,0,0,0,0
DOL100.BSE_IDX,01/07/2025,10:02:56,3236.29,0,0,0,0,0,0
DOL100.BSE_IDX,01/07/2025,10:03:04,3236.14,0,0,0,0,0,0
DOL100.BSE_IDX,01/07/2025,10:03:13,3235.92,0,0,0,0,0,0
DOL100.BSE_IDX,01/07/2025,10:03:20,3235.42,0,0,0,0,0,0
DOL100.BSE_IDX,01/07/2025,10:03:29,3235.38,0,0,0,0,0,0
DOL100.BSE_IDX,01/07/2025,10:03:37,3235.68,0,0,0,0,0,0
DOL100.BSE_IDX,01/07/2025,10:03:45,3235.73,0,0,0,0,0,0
DOL100.BSE_IDX,01/07/2025,10:03:53,3235.94,0,0,0,0,0,0
DOL100.BSE_IDX,01/07/2025,10:04:01,3236.12,0,0,0,0,0,0
DOL100.BSE_IDX,01/07/2025,10:04:09,3236.1,0,0,0,0,0,0
DOL100.BSE_IDX,01/07/2025,10:04:17,3236.02,0,0,0,0,0,0
DOL100.BSE_IDX,01/07/2025,10:04:25,3235.93,0,0,0,0,0,0
DOL100.BSE_IDX,01/07/2025,10:04:33,3236.71,0,0,0,0,0,0
DOL100.BSE_IDX,01/07/2025,10:04:41,3237.12,0,0,0,0,0,0
DOL100.BSE_IDX,01/07/2025,10:04:50,3237.17,0,0,0,0,0,0
DOL100.BSE_IDX,01/07/2025,10:04:57,3237.09,0,0,0,0,0,0
DOL100.BSE_IDX,01/07/2025,10:05:05,3236.33,0,0,0,0,0,0
DOL100.BSE_IDX,01/07/2025,10:05:14,3236.13,0,0,0,0,0,0
DOL100.BSE_IDX,01/07/2025,10:05:21,3235.8,0,0,0,0,0,0
DOL100.BSE_IDX,01/07/2025,10:05:29,3234.95,0,0,0,0,0,0
DOL100.BSE_IDX,01/07/2025,10:05:37,3234.76,0,0,0,0,0,0
DOL100.BSE_IDX,01/07/2025,10:05:45,3235.52,0,0,0,0,0,0
DOL100.BSE_IDX,01/07/2025,10:05:53,3235.84,0,0,0,0,0,0
DOL100.BSE_IDX,01/07/2025,10:06:01,3235.88,0,0,0,0,0,0
DOL100.BSE_IDX,01/07/2025,10:06:09,3236.05,0,0,0,0,0,0
DOL100.BSE_IDX,01/07/2025,10:06:17,3236.3,0,0,0,0,0,0
DOL100.BSE_IDX,01/07/2025,10:06:25,3236.48,0,0,0,0,0,0
DOL100.BSE_IDX,01/07/2025,10:06:33,3236.62,0,0,0,0,0,0
DOL100.BSE_IDX,01/07/2025,10:06:41,3236.68,0,0,0,0,0,0
DOL100.BSE_IDX,01/07/2025,10:06:49,3236.57,0,0,0,0,0,0
DOL100.BSE_IDX,01/07/2025,10:06:57,3236.56,0,0,0,0,0,0
DOL100.BSE_IDX,01/07/2025,10:07:05,3236.75,0,0,0,0,0,0
DOL100.BSE_IDX,01/07/2025,10:07:13,3236.83,0,0,0,0,0,0
DOL100.BSE_IDX,01/07/2025,10:07:21,3236.88,0,0,0,0,0,0
DOL100.BSE_IDX,01/07/2025,10:07:29,3237.01,0,0,0,0,0,0
DOL100.BSE_IDX,01/07/2025,10:07:37,3237.22,0,0,0,0,0,0
DOL100.BSE_IDX,01/07/2025,10:07:45,3237.32,0,0,0,0,0,0
DOL100.BSE_IDX,01/07/2025,10:07:53,3237.31,0,0,0,0,0,0
DOL100.BSE_IDX,01/07/2025,10:08:01,3237.35,0,0,0,0,0,0
DOL100.BSE_IDX,01/07/2025,10:08:09,3237.35,0,0,0,0,0,0
DOL100.BSE_IDX,01/07/2025,10:08:17,3237.64,0,0,0,0,0,0
DOL100.BSE_IDX,01/07/2025,10:08:25,3237.69,0,0,0,0,0,0
DOL100.BSE_IDX,01/07/2025,10:08:33,3237.58,0,0,0,0,0,0
DOL100.BSE_IDX,01/07/2025,10:08:41,3237.33,0,0,0,0,0,0
DOL100.BSE_IDX,01/07/2025,10:08:49,3237.32,0,0,0,0,0,0
DOL100.BSE_IDX,01/07/2025,10:08:57,3237.07,0,0,0,0,0,0
DOL100.BSE_IDX,01/07/2025,10:09:05,3236.34,0,0,0,0,0,0
DOL100.BSE_IDX,01/07/2025,10:09:13,3236.22,0,0,0,0,0,0
DOL100.BSE_IDX,01/07/2025,10:09:21,3235.93,0,0,0,0,0,0
DOL100.BSE_IDX,01/07/2025,10:09:29,3235.83,0,0,0,0,0,0
DOL100.BSE_IDX,01/07/2025,10:09:37,3236.17,0,0,0,0,0,0
DOL100.BSE_IDX,01/07/2025,10:09:45,3236.2,0,0,0,0,0,0
DOL100.BSE_IDX,01/07/2025,10:09:53,3236.27,0,0,0,0,0,0
DOL100.BSE_IDX,01/07/2025,10:10:01,3236.56,0,0,0,0,0,0
DOL100.BSE_IDX,01/07/2025,10:10:09,3236.37,0,0,0,0,0,0
DOL100.BSE_IDX,01/07/2025,10:10:17,3236.35,0,0,0,0,0,0
DOL100.BSE_IDX,01/07/2025,10:10:25,3236.34,0,0,0,0,0,0
DOL100.BSE_IDX,01/07/2025,10:10:33,3236.45,0,0,0,0,0,0
DOL100.BSE_IDX,01/07/2025,10:10:41,3236.36,0,0,0,0,0,0
DOL100.BSE_IDX,01/07/2025,10:10:49,3236.41,0,0,0,0,0,0
DOL100.BSE_IDX,01/07/2025,10:10:57,3236.3,0,0,0,0,0,0
DOL100.BSE_IDX,01/07/2025,10:11:05,3236.26,0,0,0,0,0,0
DOL100.BSE_IDX,01/07/2025,10:11:13,3236.05,0,0,0,0,0,0
DOL100.BSE_IDX,01/07/2025,10:11:22,3236.09,0,0,0,0,0,0
DOL100.BSE_IDX,01/07/2025,10:11:29,3235.72,0,0,0,0,0,0
DOL100.BSE_IDX,01/07/2025,10:11:37,3235.67,0,0,0,0,0,0
DOL100.BSE_IDX,01/07/2025,10:11:45,3235.57,0,0,0,0,0,0
DOL100.BSE_IDX,01/07/2025,10:11:53,3235.8,0,0,0,0,0,0
DOL100.BSE_IDX,01/07/2025,10:12:01,3236.27,0,0,0,0,0,0
DOL100.BSE_IDX,01/07/2025,10:12:09,3236.32,0,0,0,0,0,0
DOL100.BSE_IDX,01/07/2025,10:12:17,3235.75,0,0,0,0,0,0
DOL100.BSE_IDX,01/07/2025,10:12:25,3235.55,0,0,0,0,0,0
DOL100.BSE_IDX,01/07/2025,10:12:33,3235.46,0,0,0,0,0,0
DOL100.BSE_IDX,01/07/2025,10:12:41,3235.35,0,0,0,0,0,0
DOL100.BSE_IDX,01/07/2025,10:12:49,3234.92,0,0,0,0,0,0
DOL100.BSE_IDX,01/07/2025,10:12:57,3234.03,0,0,0,0,0,0
DOL100.BSE_IDX,01/07/2025,10:13:05,3233.86,0,0,0,0,0,0
DOL100.BSE_IDX,01/07/2025,10:13:13,3233.92,0,0,0,0,0,0
DOL100.BSE_IDX,01/07/2025,10:13:21,3234.57,0,0,0,0,0,0
DOL100.BSE_IDX,01/07/2025,10:13:29,3234.65,0,0,0,0,0,0
DOL100.BSE_IDX,01/07/2025,10:13:37,3234.63,0,0,0,0,0,0
DOL100.BSE_IDX,01/07/2025,10:13:45,3234.54,0,0,0,0,0,0
DOL100.BSE_IDX,01/07/2025,10:13:53,3234.44,0,0,0,0,0,0
DOL100.BSE_IDX,01/07/2025,10:14:01,3234.02,0,0,0,0,0,0
DOL100.BSE_IDX,01/07/2025,10:14:09,3233.99,0,0,0,0,0,0
DOL100.BSE_IDX,01/07/2025,10:14:17,3234.15,0,0,0,0,0,0
DOL100.BSE_IDX,01/07/2025,10:14:25,3234.05,0,0,0,0,0,0
DOL100.BSE_IDX,01/07/2025,10:14:33,3234.23,0,0,0,0,0,0
DOL100.BSE_IDX,01/07/2025,10:14:41,3233.84,0,0,0,0,0,0
DOL100.BSE_IDX,01/07/2025,10:14:49,3233.85,0,0,0,0,0,0
DOL100.BSE_IDX,01/07/2025,10:14:57,3233.96,0,0,0,0,0,0
DOL100.BSE_IDX,01/07/2025,10:15:05,3233.7,0,0,0,0,0,0
DOL100.BSE_IDX,01/07/2025,10:15:13,3233.51,0,0,0,0,0,0
DOL100.BSE_IDX,01/07/2025,10:15:21,3233.57,0,0,0,0,0,0
DOL100.BSE_IDX,01/07/2025,10:15:29,3233.22,0,0,0,0,0,0
DOL100.BSE_IDX,01/07/2025,10:15:37,3233.55,0,0,0,0,0,0
DOL100.BSE_IDX,01/07/2025,10:15:45,3233.92,0,0,0,0,0,0
DOL100.BSE_IDX,01/07/2025,10:15:53,3234.04,0,0,0,0,0,0
DOL100.BSE_IDX,01/07/2025,10:16:01,3233.9,0,0,0,0,0,0
DOL100.BSE_IDX,01/07/2025,10:16:09,3234.21,0,0,0,0,0,0
DOL100.BSE_IDX,01/07/2025,10:16:17,3234.15,0,0,0,0,0,0
DOL100.BSE_IDX,01/07/2025,10:16:25,3234.27,0,0,0,0,0,0
DOL100.BSE_IDX,01/07/2025,10:16:33,3234.19,0,0,0,0,0,0
DOL100.BSE_IDX,01/07/2025,10:16:41,3234.17,0,0,0,0,0,0
DOL100.BSE_IDX,01/07/2025,10:16:49,3234.17,0,0,0,0,0,0
DOL100.BSE_IDX,01/07/2025,10:16:57,3234.17,0,0,0,0,0,0
DOL100.BSE_IDX,01/07/2025,10:17:05,3234.2,0,0,0,0,0,0
DOL100.BSE_IDX,01/07/2025,10:17:13,3234.08,0,0,0,0,0,0
DOL100.BSE_IDX,01/07/2025,10:17:21,3234.52,0,0,0,0,0,0
DOL100.BSE_IDX,01/07/2025,10:17:29,3234.41,0,0,0,0,0,0
DOL100.BSE_IDX,01/07/2025,10:17:37,3234.62,0,0,0,0,0,0
DOL100.BSE_IDX,01/07/2025,10:17:45,3234.79,0,0,0,0,0,0
DOL100.BSE_IDX,01/07/2025,10:17:53,3234.98,0,0,0,0,0,0
DOL100.BSE_IDX,01/07/2025,10:18:01,3235.03,0,0,0,0,0,0
DOL100.BSE_IDX,01/07/2025,10:18:09,3235.18,0,0,0,0,0,0
DOL100.BSE_IDX,01/07/2025,10:18:17,3235.41,0,0,0,0,0,0
DOL100.BSE_IDX,01/07/2025,10:18:25,3235.41,0,0,0,0,0,0
DOL100.BSE_IDX,01/07/2025,10:18:33,3235.33,0,0,0,0,0,0
DOL100.BSE_IDX,01/07/2025,10:18:41,3235.25,0,0,0,0,0,0
DOL100.BSE_IDX,01/07/2025,10:18:49,3235.03,0,0,0,0,0,0
DOL100.BSE_IDX,01/07/2025,10:18:57,3234.83,0,0,0,0,0,0
DOL100.BSE_IDX,01/07/2025,10:19:05,3234.45,0,0,0,0,0,0
DOL100.BSE_IDX,01/07/2025,10:19:13,3234.5,0,0,0,0,0,0
DOL100.BSE_IDX,01/07/2025,10:19:21,3234.64,0,0,0,0,0,0
DOL100.BSE_IDX,01/07/2025,10:19:29,3234.76,0,0,0,0,0,0
DOL100.BSE_IDX,01/07/2025,10:19:37,3234.38,0,0,0,0,0,0
DOL100.BSE_IDX,01/07/2025,10:19:45,3234.63,0,0,0,0,0,0
DOL100.BSE_IDX,01/07/2025,10:19:53,3234.28,0,0,0,0,0,0
DOL100.BSE_IDX,01/07/2025,10:20:01,3234.35,0,0,0,0,0,0
DOL100.BSE_IDX,01/07/2025,10:20:09,3234.53,0,0,0,0,0,0
DOL100.BSE_IDX,01/07/2025,10:20:17,3234.58,0,0,0,0,0,0
DOL100.BSE_IDX,01/07/2025,10:20:25,3234.48,0,0,0,0,0,0
DOL100.BSE_IDX,01/07/2025,10:20:33,3234.42,0,0,0,0,0,0
DOL100.BSE_IDX,01/07/2025,10:20:41,3234.57,0,0,0,0,0,0
DOL100.BSE_IDX,01/07/2025,10:20:49,3234.21,0,0,0,0,0,0
DOL100.BSE_IDX,01/07/2025,10:20:57,3234.07,0,0,0,0,0,0
DOL100.BSE_IDX,01/07/2025,10:21:05,3233.92,0,0,0,0,0,0
DOL100.BSE_IDX,01/07/2025,10:21:13,3233.71,0,0,0,0,0,0
DOL100.BSE_IDX,01/07/2025,10:21:21,3233.78,0,0,0,0,0,0
DOL100.BSE_IDX,01/07/2025,10:21:29,3233.68,0,0,0,0,0,0
DOL100.BSE_IDX,01/07/2025,10:21:37,3233.67,0,0,0,0,0,0
DOL100.BSE_IDX,01/07/2025,10:21:45,3233.31,0,0,0,0,0,0
DOL100.BSE_IDX,01/07/2025,10:21:53,3233.58,0,0,0,0,0,0
DOL100.BSE_IDX,01/07/2025,10:22:01,3233.59,0,0,0,0,0,0
DOL100.BSE_IDX,01/07/2025,10:22:09,3233.6,0,0,0,0,0,0
DOL100.BSE_IDX,01/07/2025,10:22:17,3233.33,0,0,0,0,0,0
DOL100.BSE_IDX,01/07/2025,10:22:25,3233.36,0,0,0,0,0,0
DOL100.BSE_IDX,01/07/2025,10:22:33,3233.2,0,0,0,0,0,0
DOL100.BSE_IDX,01/07/2025,10:22:41,3233.29,0,0,0,0,0,0
DOL100.BSE_IDX,01/07/2025,10:22:49,3233.18,0,0,0,0,0,0
DOL100.BSE_IDX,01/07/2025,10:22:57,3233.43,0,0,0,0,0,0
DOL100.BSE_IDX,01/07/2025,10:23:05,3233.32,0,0,0,0,0,0
DOL100.BSE_IDX,01/07/2025,10:23:13,3233.41,0,0,0,0,0,0
DOL100.BSE_IDX,01/07/2025,10:23:21,3233.29,0,0,0,0,0,0
DOL100.BSE_IDX,01/07/2025,10:23:29,3233.53,0,0,0,0,0,0
DOL100.BSE_IDX,01/07/2025,10:23:37,3233.62,0,0,0,0,0,0
DOL100.BSE_IDX,01/07/2025,10:23:45,3233.67,0,0,0,0,0,0
DOL100.BSE_IDX,01/07/2025,10:23:53,3233.56,0,0,0,0,0,0
DOL100.BSE_IDX,01/07/2025,10:24:01,3233.69,0,0,0,0,0,0
DOL100.BSE_IDX,01/07/2025,10:24:09,3233.52,0,0,0,0,0,0
DOL100.BSE_IDX,01/07/2025,10:24:17,3233.28,0,0,0,0,0,0
DOL100.BSE_IDX,01/07/2025,10:24:25,3233.32,0,0,0,0,0,0
DOL100.BSE_IDX,01/07/2025,10:24:33,3233.03,0,0,0,0,0,0
DOL100.BSE_IDX,01/07/2025,10:24:41,3233.04,0,0,0,0,0,0
DOL100.BSE_IDX,01/07/2025,10:24:49,3233.11,0,0,0,0,0,0
DOL100.BSE_IDX,01/07/2025,10:24:57,3233.18,0,0,0,0,0,0
DOL100.BSE_IDX,01/07/2025,10:25:05,3233.07,0,0,0,0,0,0
DOL100.BSE_IDX,01/07/2025,10:25:13,3233.16,0,0,0,0,0,0
DOL100.BSE_IDX,01/07/2025,10:25:21,3233.07,0,0,0,0,0,0
DOL100.BSE_IDX,01/07/2025,10:25:29,3232.94,0,0,0,0,0,0
DOL100.BSE_IDX,01/07/2025,10:25:37,3233.06,0,0,0,0,0,0
DOL100.BSE_IDX,01/07/2025,10:25:45,3233.05,0,0,0,0,0,0
DOL100.BSE_IDX,01/07/2025,10:25:53,3233.2,0,0,0,0,0,0
DOL100.BSE_IDX,01/07/2025,10:26:01,3233.4,0,0,0,0,0,0
DOL100.BSE_IDX,01/07/2025,10:26:09,3233.46,0,0,0,0,0,0
DOL100.BSE_IDX,01/07/2025,10:26:17,3233.47,0,0,0,0,0,0
DOL100.BSE_IDX,01/07/2025,10:26:25,3233.54,0,0,0,0,0,0
DOL100.BSE_IDX,01/07/2025,10:26:33,3233.48,0,0,0,0,0,0
DOL100.BSE_IDX,01/07/2025,10:26:41,3233.69,0,0,0,0,0,0
DOL100.BSE_IDX,01/07/2025,10:26:49,3233.54,0,0,0,0,0,0
DOL100.BSE_IDX,01/07/2025,10:26:57,3233.59,0,0,0,0,0,0
DOL100.BSE_IDX,01/07/2025,10:27:05,3233.76,0,0,0,0,0,0
DOL100.BSE_IDX,01/07/2025,10:27:13,3233.84,0,0,0,0,0,0
DOL100.BSE_IDX,01/07/2025,10:27:21,3233.69,0,0,0,0,0,0
DOL100.BSE_IDX,01/07/2025,10:27:29,3233.97,0,0,0,0,0,0
DOL100.BSE_IDX,01/07/2025,10:27:37,3233.93,0,0,0,0,0,0
DOL100.BSE_IDX,01/07/2025,10:27:45,3233.98,0,0,0,0,0,0
DOL100.BSE_IDX,01/07/2025,10:27:53,3234.15,0,0,0,0,0,0
DOL100.BSE_IDX,01/07/2025,10:28:01,3234.5,0,0,0,0,0,0
DOL100.BSE_IDX,01/07/2025,10:28:09,3234.68,0,0,0,0,0,0
DOL100.BSE_IDX,01/07/2025,10:28:17,3234.42,0,0,0,0,0,0
DOL100.BSE_IDX,01/07/2025,10:28:25,3234.33,0,0,0,0,0,0
DOL100.BSE_IDX,01/07/2025,10:28:33,3234.57,0,0,0,0,0,0
DOL100.BSE_IDX,01/07/2025,10:28:41,3234.52,0,0,0,0,0,0
DOL100.BSE_IDX,01/07/2025,10:28:49,3234.9,0,0,0,0,0,0
DOL100.BSE_IDX,01/07/2025,10:28:57,3234.87,0,0,0,0,0,0
DOL100.BSE_IDX,01/07/2025,10:29:05,3235.05,0,0,0,0,0,0
DOL100.BSE_IDX,01/07/2025,10:29:13,3235.11,0,0,0,0,0,0
DOL100.BSE_IDX,01/07/2025,10:29:21,3235.24,0,0,0,0,0,0
DOL100.BSE_IDX,01/07/2025,10:29:29,3235.07,0,0,0,0,0,0
DOL100.BSE_IDX,01/07/2025,10:29:37,3234.93,0,0,0,0,0,0
DOL100.BSE_IDX,01/07/2025,10:29:46,3234.93,0,0,0,0,0,0
DOL100.BSE_IDX,01/07/2025,10:29:54,3235.09,0,0,0,0,0,0
DOL100.BSE_IDX,01/07/2025,10:30:01,3235.1,0,0,0,0,0,0
DOL100.BSE_IDX,01/07/2025,10:30:09,3235.06,0,0,0,0,0,0
DOL100.BSE_IDX,01/07/2025,10:30:17,3235.37,0,0,0,0,0,0
DOL100.BSE_IDX,01/07/2025,10:30:25,3235.76,0,0,0,0,0,0
DOL100.BSE_IDX,01/07/2025,10:30:33,3235.66,0,0,0,0,0,0
DOL100.BSE_IDX,01/07/2025,10:30:41,3235.71,0,0,0,0,0,0
DOL100.BSE_IDX,01/07/2025,10:30:49,3235.55,0,0,0,0,0,0
DOL100.BSE_IDX,01/07/2025,10:30:57,3235.18,0,0,0,0,0,0
DOL100.BSE_IDX,01/07/2025,10:31:05,3235.37,0,0,0,0,0,0
DOL100.BSE_IDX,01/07/2025,10:31:13,3235.29,0,0,0,0,0,0
DOL100.BSE_IDX,01/07/2025,10:31:21,3235.14,0,0,0,0,0,0
DOL100.BSE_IDX,01/07/2025,10:31:29,3235.1,0,0,0,0,0,0
DOL100.BSE_IDX,01/07/2025,10:31:37,3234.96,0,0,0,0,0,0
DOL100.BSE_IDX,01/07/2025,10:31:45,3234.71,0,0,0,0,0,0
DOL100.BSE_IDX,01/07/2025,10:31:53,3234.95,0,0,0,0,0,0
DOL100.BSE_IDX,01/07/2025,10:32:01,3235.14,0,0,0,0,0,0
DOL100.BSE_IDX,01/07/2025,10:32:09,3234.79,0,0,0,0,0,0
DOL100.BSE_IDX,01/07/2025,10:32:17,3234.88,0,0,0,0,0,0
DOL100.BSE_IDX,01/07/2025,10:32:25,3235.04,0,0,0,0,0,0
DOL100.BSE_IDX,01/07/2025,10:32:33,3235.12,0,0,0,0,0,0
DOL100.BSE_IDX,01/07/2025,10:32:41,3235.17,0,0,0,0,0,0
DOL100.BSE_IDX,01/07/2025,10:32:49,3235.33,0,0,0,0,0,0
DOL100.BSE_IDX,01/07/2025,10:32:57,3235.64,0,0,0,0,0,0
DOL100.BSE_IDX,01/07/2025,10:33:05,3235.72,0,0,0,0,0,0
DOL100.BSE_IDX,01/07/2025,10:33:13,3235.84,0,0,0,0,0,0
DOL100.BSE_IDX,01/07/2025,10:33:21,3235.83,0,0,0,0,0,0
DOL100.BSE_IDX,01/07/2025,10:33:29,3235.8,0,0,0,0,0,0
DOL100.BSE_IDX,01/07/2025,10:33:37,3235.94,0,0,0,0,0,0
DOL100.BSE_IDX,01/07/2025,10:33:45,3236.03,0,0,0,0,0,0
DOL100.BSE_IDX,01/07/2025,10:33:53,3235.94,0,0,0,0,0,0
DOL100.BSE_IDX,01/07/2025,10:34:01,3235.67,0,0,0,0,0,0
DOL100.BSE_IDX,01/07/2025,10:34:09,3235.59,0,0,0,0,0,0
DOL100.BSE_IDX,01/07/2025,10:34:17,3235.44,0,0,0,0,0,0
DOL100.BSE_IDX,01/07/2025,10:34:25,3235.52,0,0,0,0,0,0
DOL100.BSE_IDX,01/07/2025,10:34:33,3235.64,0,0,0,0,0,0
DOL100.BSE_IDX,01/07/2025,10:34:41,3235.52,0,0,0,0,0,0
DOL100.BSE_IDX,01/07/2025,10:34:49,3235.53,0,0,0,0,0,0
DOL100.BSE_IDX,01/07/2025,10:34:58,3235.42,0,0,0,0,0,0
DOL100.BSE_IDX,01/07/2025,10:35:06,3235.55,0,0,0,0,0,0
DOL100.BSE_IDX,01/07/2025,10:35:14,3235.51,0,0,0,0,0,0
DOL100.BSE_IDX,01/07/2025,10:35:21,3235.51,0,0,0,0,0,0
DOL100.BSE_IDX,01/07/2025,10:35:29,3235.28,0,0,0,0,0,0
DOL100.BSE_IDX,01/07/2025,10:35:37,3235.1,0,0,0,0,0,0
DOL100.BSE_IDX,01/07/2025,10:35:45,3235.04,0,0,0,0,0,0
DOL100.BSE_IDX,01/07/2025,10:35:54,3235.15,0,0,0,0,0,0
DOL100.BSE_IDX,01/07/2025,10:36:02,3235.19,0,0,0,0,0,0
DOL100.BSE_IDX,01/07/2025,10:36:10,3234.96,0,0,0,0,0,0
DOL100.BSE_IDX,01/07/2025,10:36:17,3235,0,0,0,0,0,0
DOL100.BSE_IDX,01/07/2025,10:36:25,3234.84,0,0,0,0,0,0
DOL100.BSE_IDX,01/07/2025,10:36:34,3235.19,0,0,0,0,0,0
DOL100.BSE_IDX,01/07/2025,10:36:42,3235.2,0,0,0,0,0,0
DOL100.BSE_IDX,01/07/2025,10:36:49,3235.15,0,0,0,0,0,0
DOL100.BSE_IDX,01/07/2025,10:36:58,3235.02,0,0,0,0,0,0
DOL100.BSE_IDX,01/07/2025,10:37:05,3235.04,0,0,0,0,0,0
DOL100.BSE_IDX,01/07/2025,10:37:14,3234.86,0,0,0,0,0,0
DOL100.BSE_IDX,01/07/2025,10:37:21,3234.79,0,0,0,0,0,0
DOL100.BSE_IDX,01/07/2025,10:37:30,3234.77,0,0,0,0,0,0
DOL100.BSE_IDX,01/07/2025,10:37:38,3234.61,0,0,0,0,0,0
DOL100.BSE_IDX,01/07/2025,10:37:46,3234.51,0,0,0,0,0,0
DOL100.BSE_IDX,01/07/2025,10:37:54,3234.25,0,0,0,0,0,0
DOL100.BSE_IDX,01/07/2025,10:38:02,3234.21,0,0,0,0,0,0
DOL100.BSE_IDX,01/07/2025,10:38:10,3234.29,0,0,0,0,0,0
DOL100.BSE_IDX,01/07/2025,10:38:18,3234.37,0,0,0,0,0,0
DOL100.BSE_IDX,01/07/2025,10:38:26,3234.48,0,0,0,0,0,0
DOL100.BSE_IDX,01/07/2025,10:38:34,3234.3,0,0,0,0,0,0
DOL100.BSE_IDX,01/07/2025,10:38:42,3234.53,0,0,0,0,0,0
DOL100.BSE_IDX,01/07/2025,10:38:50,3234.65,0,0,0,0,0,0
DOL100.BSE_IDX,01/07/2025,10:38:58,3234.76,0,0,0,0,0,0
DOL100.BSE_IDX,01/07/2025,10:39:06,3235.22,0,0,0,0,0,0
DOL100.BSE_IDX,01/07/2025,10:39:14,3235.41,0,0,0,0,0,0
DOL100.BSE_IDX,01/07/2025,10:39:22,3235.56,0,0,0,0,0,0
DOL100.BSE_IDX,01/07/2025,10:39:30,3235.59,0,0,0,0,0,0
DOL100.BSE_IDX,01/07/2025,10:39:38,3235.6,0,0,0,0,0,0
DOL100.BSE_IDX,01/07/2025,10:39:46,3235.66,0,0,0,0,0,0
DOL100.BSE_IDX,01/07/2025,10:39:54,3235.82,0,0,0,0,0,0
DOL100.BSE_IDX,01/07/2025,10:40:02,3235.97,0,0,0,0,0,0
DOL100.BSE_IDX,01/07/2025,10:40:10,3235.63,0,0,0,0,0,0
DOL100.BSE_IDX,01/07/2025,10:40:18,3235.74,0,0,0,0,0,0
DOL100.BSE_IDX,01/07/2025,10:40:26,3235.55,0,0,0,0,0,0
DOL100.BSE_IDX,01/07/2025,10:40:34,3235.62,0,0,0,0,0,0
DOL100.BSE_IDX,01/07/2025,10:40:42,3235.46,0,0,0,0,0,0
DOL100.BSE_IDX,01/07/2025,10:40:50,3235.55,0,0,0,0,0,0
DOL100.BSE_IDX,01/07/2025,10:40:58,3235.58,0,0,0,0,0,0
DOL100.BSE_IDX,01/07/2025,10:41:06,3235.52,0,0,0,0,0,0
DOL100.BSE_IDX,01/07/2025,10:41:14,3235.29,0,0,0,0,0,0
DOL100.BSE_IDX,01/07/2025,10:41:22,3235.52,0,0,0,0,0,0
DOL100.BSE_IDX,01/07/2025,10:41:30,3235.44,0,0,0,0,0,0
DOL100.BSE_IDX,01/07/2025,10:41:38,3235.92,0,0,0,0,0,0
DOL100.BSE_IDX,01/07/2025,10:41:46,3235.68,0,0,0,0,0,0
DOL100.BSE_IDX,01/07/2025,10:41:54,3235.66,0,0,0,0,0,0
DOL100.BSE_IDX,01/07/2025,10:42:02,3235.73,0,0,0,0,0,0
DOL100.BSE_IDX,01/07/2025,10:42:10,3235.79,0,0,0,0,0,0
DOL100.BSE_IDX,01/07/2025,10:42:18,3235.92,0,0,0,0,0,0
DOL100.BSE_IDX,01/07/2025,10:42:26,3235.88,0,0,0,0,0,0
DOL100.BSE_IDX,01/07/2025,10:42:34,3235.72,0,0,0,0,0,0
DOL100.BSE_IDX,01/07/2025,10:42:42,3235.56,0,0,0,0,0,0
DOL100.BSE_IDX,01/07/2025,10:42:50,3235.54,0,0,0,0,0,0
DOL100.BSE_IDX,01/07/2025,10:42:58,3235.3,0,0,0,0,0,0
DOL100.BSE_IDX,01/07/2025,10:43:06,3235.49,0,0,0,0,0,0
DOL100.BSE_IDX,01/07/2025,10:43:14,3235.57,0,0,0,0,0,0
DOL100.BSE_IDX,01/07/2025,10:43:22,3235.46,0,0,0,0,0,0
DOL100.BSE_IDX,01/07/2025,10:43:30,3235.48,0,0,0,0,0,0
DOL100.BSE_IDX,01/07/2025,10:43:38,3235.21,0,0,0,0,0,0
DOL100.BSE_IDX,01/07/2025,10:43:46,3235.39,0,0,0,0,0,0
DOL100.BSE_IDX,01/07/2025,10:43:54,3235.15,0,0,0,0,0,0
DOL100.BSE_IDX,01/07/2025,10:44:02,3235,0,0,0,0,0,0
DOL100.BSE_IDX,01/07/2025,10:44:10,3234.71,0,0,0,0,0,0
DOL100.BSE_IDX,01/07/2025,10:44:18,3234.63,0,0,0,0,0,0
DOL100.BSE_IDX,01/07/2025,10:44:26,3234.64,0,0,0,0,0,0
DOL100.BSE_IDX,01/07/2025,10:44:34,3234.55,0,0,0,0,0,0
DOL100.BSE_IDX,01/07/2025,10:44:42,3234.59,0,0,0,0,0,0
DOL100.BSE_IDX,01/07/2025,10:44:50,3234.66,0,0,0,0,0,0
DOL100.BSE_IDX,01/07/2025,10:44:58,3234.31,0,0,0,0,0,0
DOL100.BSE_IDX,01/07/2025,10:45:07,3234.17,0,0,0,0,0,0
DOL100.BSE_IDX,01/07/2025,10:45:14,3234.24,0,0,0,0,0,0
DOL100.BSE_IDX,01/07/2025,10:45:22,3234.06,0,0,0,0,0,0
DOL100.BSE_IDX,01/07/2025,10:45:30,3234.2,0,0,0,0,0,0
DOL100.BSE_IDX,01/07/2025,10:45:38,3234.09,0,0,0,0,0,0
DOL100.BSE_IDX,01/07/2025,10:45:46,3234.36,0,0,0,0,0,0
DOL100.BSE_IDX,01/07/2025,10:45:54,3234.06,0,0,0,0,0,0
DOL100.BSE_IDX,01/07/2025,10:46:02,3233.98,0,0,0,0,0,0
DOL100.BSE_IDX,01/07/2025,10:46:10,3233.88,0,0,0,0,0,0
DOL100.BSE_IDX,01/07/2025,10:46:18,3233.98,0,0,0,0,0,0
DOL100.BSE_IDX,01/07/2025,10:46:26,3234.1,0,0,0,0,0,0
DOL100.BSE_IDX,01/07/2025,10:46:34,3233.96,0,0,0,0,0,0
DOL100.BSE_IDX,01/07/2025,10:46:42,3234,0,0,0,0,0,0
DOL100.BSE_IDX,01/07/2025,10:46:50,3234.19,0,0,0,0,0,0
DOL100.BSE_IDX,01/07/2025,10:46:58,3234.04,0,0,0,0,0,0
DOL100.BSE_IDX,01/07/2025,10:47:06,3234.12,0,0,0,0,0,0
DOL100.BSE_IDX,01/07/2025,10:47:14,3233.95,0,0,0,0,0,0
DOL100.BSE_IDX,01/07/2025,10:47:22,3233.85,0,0,0,0,0,0
DOL100.BSE_IDX,01/07/2025,10:47:30,3233.81,0,0,0,0,0,0
DOL100.BSE_IDX,01/07/2025,10:47:38,3233.97,0,0,0,0,0,0
DOL100.BSE_IDX,01/07/2025,10:47:46,3234.05,0,0,0,0,0,0
DOL100.BSE_IDX,01/07/2025,10:47:54,3234.27,0,0,0,0,0,0
DOL100.BSE_IDX,01/07/2025,10:48:02,3234.27,0,0,0,0,0,0
DOL100.BSE_IDX,01/07/2025,10:48:10,3234.2,0,0,0,0,0,0
DOL100.BSE_IDX,01/07/2025,10:48:18,3234.26,0,0,0,0,0,0
DOL100.BSE_IDX,01/07/2025,10:48:26,3234.48,0,0,0,0,0,0
DOL100.BSE_IDX,01/07/2025,10:48:34,3234.42,0,0,0,0,0,0
DOL100.BSE_IDX,01/07/2025,10:48:42,3234.45,0,0,0,0,0,0
DOL100.BSE_IDX,01/07/2025,10:48:50,3234.77,0,0,0,0,0,0
DOL100.BSE_IDX,01/07/2025,10:48:58,3234.65,0,0,0,0,0,0
DOL100.BSE_IDX,01/07/2025,10:49:06,3234.58,0,0,0,0,0,0
DOL100.BSE_IDX,01/07/2025,10:49:14,3234.21,0,0,0,0,0,0
DOL100.BSE_IDX,01/07/2025,10:49:22,3233.97,0,0,0,0,0,0
DOL100.BSE_IDX,01/07/2025,10:49:30,3233.92,0,0,0,0,0,0
DOL100.BSE_IDX,01/07/2025,10:49:38,3233.79,0,0,0,0,0,0
DOL100.BSE_IDX,01/07/2025,10:49:46,3233.84,0,0,0,0,0,0
DOL100.BSE_IDX,01/07/2025,10:49:54,3233.67,0,0,0,0,0,0
DOL100.BSE_IDX,01/07/2025,10:50:02,3233.63,0,0,0,0,0,0
DOL100.BSE_IDX,01/07/2025,10:50:10,3233.46,0,0,0,0,0,0
DOL100.BSE_IDX,01/07/2025,10:50:18,3233.5,0,0,0,0,0,0
DOL100.BSE_IDX,01/07/2025,10:50:26,3233.43,0,0,0,0,0,0
DOL100.BSE_IDX,01/07/2025,10:50:34,3233.73,0,0,0,0,0,0
DOL100.BSE_IDX,01/07/2025,10:50:42,3233.67,0,0,0,0,0,0
DOL100.BSE_IDX,01/07/2025,10:50:50,3233.53,0,0,0,0,0,0
DOL100.BSE_IDX,01/07/2025,10:50:58,3233.56,0,0,0,0,0,0
DOL100.BSE_IDX,01/07/2025,10:51:06,3233.48,0,0,0,0,0,0
DOL100.BSE_IDX,01/07/2025,10:51:14,3233.43,0,0,0,0,0,0
DOL100.BSE_IDX,01/07/2025,10:51:22,3233.3,0,0,0,0,0,0
DOL100.BSE_IDX,01/07/2025,10:51:30,3233.27,0,0,0,0,0,0
DOL100.BSE_IDX,01/07/2025,10:51:38,3233.32,0,0,0,0,0,0
DOL100.BSE_IDX,01/07/2025,10:51:46,3233.25,0,0,0,0,0,0
DOL100.BSE_IDX,01/07/2025,10:51:54,3232.97,0,0,0,0,0,0
DOL100.BSE_IDX,01/07/2025,10:52:02,3232.91,0,0,0,0,0,0
DOL100.BSE_IDX,01/07/2025,10:52:10,3232.95,0,0,0,0,0,0
DOL100.BSE_IDX,01/07/2025,10:52:18,3232.63,0,0,0,0,0,0
DOL100.BSE_IDX,01/07/2025,10:52:26,3232.45,0,0,0,0,0,0
DOL100.BSE_IDX,01/07/2025,10:52:34,3232.37,0,0,0,0,0,0
DOL100.BSE_IDX,01/07/2025,10:52:43,3232,0,0,0,0,0,0
DOL100.BSE_IDX,01/07/2025,10:52:50,3231.94,0,0,0,0,0,0
DOL100.BSE_IDX,01/07/2025,10:52:58,3231.73,0,0,0,0,0,0
DOL100.BSE_IDX,01/07/2025,10:53:06,3231.69,0,0,0,0,0,0
DOL100.BSE_IDX,01/07/2025,10:53:14,3231.62,0,0,0,0,0,0
DOL100.BSE_IDX,01/07/2025,10:53:22,3231.65,0,0,0,0,0,0
DOL100.BSE_IDX,01/07/2025,10:53:30,3231.87,0,0,0,0,0,0
DOL100.BSE_IDX,01/07/2025,10:53:38,3231.99,0,0,0,0,0,0
DOL100.BSE_IDX,01/07/2025,10:53:46,3232.12,0,0,0,0,0,0
DOL100.BSE_IDX,01/07/2025,10:53:54,3232.1,0,0,0,0,0,0
DOL100.BSE_IDX,01/07/2025,10:54:02,3232.23,0,0,0,0,0,0
DOL100.BSE_IDX,01/07/2025,10:54:10,3232.24,0,0,0,0,0,0
DOL100.BSE_IDX,01/07/2025,10:54:18,3232.26,0,0,0,0,0,0
DOL100.BSE_IDX,01/07/2025,10:54:26,3232.22,0,0,0,0,0,0
DOL100.BSE_IDX,01/07/2025,10:54:34,3232.45,0,0,0,0,0,0
DOL100.BSE_IDX,01/07/2025,10:54:42,3232.69,0,0,0,0,0,0
DOL100.BSE_IDX,01/07/2025,10:54:51,3232.79,0,0,0,0,0,0
DOL100.BSE_IDX,01/07/2025,10:54:58,3232.72,0,0,0,0,0,0
DOL100.BSE_IDX,01/07/2025,10:55:06,3232.73,0,0,0,0,0,0
DOL100.BSE_IDX,01/07/2025,10:55:14,3232.57,0,0,0,0,0,0
DOL100.BSE_IDX,01/07/2025,10:55:22,3232.6,0,0,0,0,0,0
DOL100.BSE_IDX,01/07/2025,10:55:30,3232.55,0,0,0,0,0,0
DOL100.BSE_IDX,01/07/2025,10:55:38,3232.51,0,0,0,0,0,0
DOL100.BSE_IDX,01/07/2025,10:55:46,3232.42,0,0,0,0,0,0
DOL100.BSE_IDX,01/07/2025,10:55:54,3232.42,0,0,0,0,0,0
DOL100.BSE_IDX,01/07/2025,10:56:02,3232.14,0,0,0,0,0,0
DOL100.BSE_IDX,01/07/2025,10:56:10,3232.14,0,0,0,0,0,0
DOL100.BSE_IDX,01/07/2025,10:56:18,3231.99,0,0,0,0,0,0
DOL100.BSE_IDX,01/07/2025,10:56:26,3231.79,0,0,0,0,0,0
DOL100.BSE_IDX,01/07/2025,10:56:34,3231.91,0,0,0,0,0,0
DOL100.BSE_IDX,01/07/2025,10:56:42,3231.83,0,0,0,0,0,0
DOL100.BSE_IDX,01/07/2025,10:56:50,3231.86,0,0,0,0,0,0
DOL100.BSE_IDX,01/07/2025,10:56:58,3231.58,0,0,0,0,0,0
DOL100.BSE_IDX,01/07/2025,10:57:06,3231.51,0,0,0,0,0,0
DOL100.BSE_IDX,01/07/2025,10:57:14,3231.43,0,0,0,0,0,0
DOL100.BSE_IDX,01/07/2025,10:57:22,3231.45,0,0,0,0,0,0
DOL100.BSE_IDX,01/07/2025,10:57:30,3231.33,0,0,0,0,0,0
DOL100.BSE_IDX,01/07/2025,10:57:39,3231.58,0,0,0,0,0,0
DOL100.BSE_IDX,01/07/2025,10:57:46,3231.63,0,0,0,0,0,0
DOL100.BSE_IDX,01/07/2025,10:57:54,3231.54,0,0,0,0,0,0
DOL100.BSE_IDX,01/07/2025,10:58:02,3231.5,0,0,0,0,0,0
DOL100.BSE_IDX,01/07/2025,10:58:10,3231.56,0,0,0,0,0,0
DOL100.BSE_IDX,01/07/2025,10:58:18,3231.27,0,0,0,0,0,0
DOL100.BSE_IDX,01/07/2025,10:58:26,3231.24,0,0,0,0,0,0
DOL100.BSE_IDX,01/07/2025,10:58:34,3231.38,0,0,0,0,0,0
DOL100.BSE_IDX,01/07/2025,10:58:42,3231.35,0,0,0,0,0,0
DOL100.BSE_IDX,01/07/2025,10:58:50,3231.64,0,0,0,0,0,0
DOL100.BSE_IDX,01/07/2025,10:58:58,3231.34,0,0,0,0,0,0
DOL100.BSE_IDX,01/07/2025,10:59:06,3231.27,0,0,0,0,0,0
DOL100.BSE_IDX,01/07/2025,10:59:14,3231.26,0,0,0,0,0,0
DOL100.BSE_IDX,01/07/2025,10:59:22,3231.21,0,0,0,0,0,0
DOL100.BSE_IDX,01/07/2025,10:59:30,3231.17,0,0,0,0,0,0
DOL100.BSE_IDX,01/07/2025,10:59:38,3230.99,0,0,0,0,0,0
DOL100.BSE_IDX,01/07/2025,10:59:47,3231.03,0,0,0,0,0,0
DOL100.BSE_IDX,01/07/2025,10:59:55,3231.02,0,0,0,0,0,0
DOL100.BSE_IDX,01/07/2025,11:00:03,3230.98,0,0,0,0,0,0
DOL100.BSE_IDX,01/07/2025,11:00:11,3230.8,0,0,0,0,0,0
DOL100.BSE_IDX,01/07/2025,11:00:18,3231.02,0,0,0,0,0,0
DOL100.BSE_IDX,01/07/2025,11:00:26,3231.09,0,0,0,0,0,0
DOL100.BSE_IDX,01/07/2025,11:00:34,3231.18,0,0,0,0,0,0
DOL100.BSE_IDX,01/07/2025,11:00:42,3231.06,0,0,0,0,0,0
DOL100.BSE_IDX,01/07/2025,11:00:50,3231.21,0,0,0,0,0,0
DOL100.BSE_IDX,01/07/2025,11:00:58,3231.24,0,0,0,0,0,0
DOL100.BSE_IDX,01/07/2025,11:01:06,3231.26,0,0,0,0,0,0
DOL100.BSE_IDX,01/07/2025,11:01:15,3231.39,0,0,0,0,0,0
DOL100.BSE_IDX,01/07/2025,11:01:22,3230.92,0,0,0,0,0,0
DOL100.BSE_IDX,01/07/2025,11:01:30,3230.92,0,0,0,0,0,0
DOL100.BSE_IDX,01/07/2025,11:01:38,3230.81,0,0,0,0,0,0
DOL100.BSE_IDX,01/07/2025,11:01:46,3230.48,0,0,0,0,0,0
DOL100.BSE_IDX,01/07/2025,11:01:54,3230.4,0,0,0,0,0,0
DOL100.BSE_IDX,01/07/2025,11:02:02,3230.68,0,0,0,0,0,0
DOL100.BSE_IDX,01/07/2025,11:02:10,3230.36,0,0,0,0,0,0
DOL100.BSE_IDX,01/07/2025,11:02:18,3230.48,0,0,0,0,0,0
DOL100.BSE_IDX,01/07/2025,11:02:27,3230.58,0,0,0,0,0,0
DOL100.BSE_IDX,01/07/2025,11:02:34,3230.68,0,0,0,0,0,0
DOL100.BSE_IDX,01/07/2025,11:02:42,3230.36,0,0,0,0,0,0
DOL100.BSE_IDX,01/07/2025,11:02:51,3230.46,0,0,0,0,0,0
DOL100.BSE_IDX,01/07/2025,11:02:58,3230.27,0,0,0,0,0,0
DOL100.BSE_IDX,01/07/2025,11:03:06,3230.2,0,0,0,0,0,0
DOL100.BSE_IDX,01/07/2025,11:03:14,3230.21,0,0,0,0,0,0
DOL100.BSE_IDX,01/07/2025,11:03:22,3230.21,0,0,0,0,0,0
DOL100.BSE_IDX,01/07/2025,11:03:31,3230.11,0,0,0,0,0,0
DOL100.BSE_IDX,01/07/2025,11:03:38,3230.19,0,0,0,0,0,0
DOL100.BSE_IDX,01/07/2025,11:03:46,3230.25,0,0,0,0,0,0
DOL100.BSE_IDX,01/07/2025,11:03:54,3230.16,0,0,0,0,0,0
DOL100.BSE_IDX,01/07/2025,11:04:02,3230.28,0,0,0,0,0,0
DOL100.BSE_IDX,01/07/2025,11:04:10,3230.15,0,0,0,0,0,0
DOL100.BSE_IDX,01/07/2025,11:04:18,3230.21,0,0,0,0,0,0
DOL100.BSE_IDX,01/07/2025,11:04:27,3230.22,0,0,0,0,0,0
DOL100.BSE_IDX,01/07/2025,11:04:34,3230.31,0,0,0,0,0,0
DOL100.BSE_IDX,01/07/2025,11:04:42,3230.19,0,0,0,0,0,0
DOL100.BSE_IDX,01/07/2025,11:04:51,3230.46,0,0,0,0,0,0
DOL100.BSE_IDX,01/07/2025,11:04:58,3230.46,0,0,0,0,0,0
DOL100.BSE_IDX,01/07/2025,11:05:06,3230.6,0,0,0,0,0,0
DOL100.BSE_IDX,01/07/2025,11:05:14,3230.74,0,0,0,0,0,0
DOL100.BSE_IDX,01/07/2025,11:05:22,3230.64,0,0,0,0,0,0
DOL100.BSE_IDX,01/07/2025,11:05:30,3230.79,0,0,0,0,0,0
DOL100.BSE_IDX,01/07/2025,11:05:38,3230.73,0,0,0,0,0,0
DOL100.BSE_IDX,01/07/2025,11:05:46,3230.79,0,0,0,0,0,0
DOL100.BSE_IDX,01/07/2025,11:05:54,3230.86,0,0,0,0,0,0
DOL100.BSE_IDX,01/07/2025,11:06:02,3230.87,0,0,0,0,0,0
DOL100.BSE_IDX,01/07/2025,11:06:11,3231.15,0,0,0,0,0,0
DOL100.BSE_IDX,01/07/2025,11:06:19,3231.49,0,0,0,0,0,0
DOL100.BSE_IDX,01/07/2025,11:06:26,3231.4,0,0,0,0,0,0
DOL100.BSE_IDX,01/07/2025,11:06:34,3231.11,0,0,0,0,0,0
DOL100.BSE_IDX,01/07/2025,11:06:42,3231.17,0,0,0,0,0,0
DOL100.BSE_IDX,01/07/2025,11:06:50,3231.37,0,0,0,0,0,0
DOL100.BSE_IDX,01/07/2025,11:06:58,3231.4,0,0,0,0,0,0
DOL100.BSE_IDX,01/07/2025,11:07:06,3231.36,0,0,0,0,0,0
DOL100.BSE_IDX,01/07/2025,11:07:15,3231.44,0,0,0,0,0,0
DOL100.BSE_IDX,01/07/2025,11:07:22,3231.42,0,0,0,0,0,0
DOL100.BSE_IDX,01/07/2025,11:07:30,3231.44,0,0,0,0,0,0
DOL100.BSE_IDX,01/07/2025,11:07:38,3231.44,0,0,0,0,0,0
DOL100.BSE_IDX,01/07/2025,11:07:46,3231.65,0,0,0,0,0,0
DOL100.BSE_IDX,01/07/2025,11:07:54,3231.82,0,0,0,0,0,0
DOL100.BSE_IDX,01/07/2025,11:08:02,3231.89,0,0,0,0,0,0
DOL100.BSE_IDX,01/07/2025,11:08:11,3231.81,0,0,0,0,0,0
DOL100.BSE_IDX,01/07/2025,11:08:18,3231.83,0,0,0,0,0,0
DOL100.BSE_IDX,01/07/2025,11:08:26,3231.9,0,0,0,0,0,0
DOL100.BSE_IDX,01/07/2025,11:08:35,3231.52,0,0,0,0,0,0
DOL100.BSE_IDX,01/07/2025,11:08:43,3231.58,0,0,0,0,0,0
DOL100.BSE_IDX,01/07/2025,11:08:51,3231.79,0,0,0,0,0,0
DOL100.BSE_IDX,01/07/2025,11:08:58,3231.94,0,0,0,0,0,0
DOL100.BSE_IDX,01/07/2025,11:09:07,3231.91,0,0,0,0,0,0
DOL100.BSE_IDX,01/07/2025,11:09:15,3231.49,0,0,0,0,0,0
DOL100.BSE_IDX,01/07/2025,11:09:23,3231.25,0,0,0,0,0,0
DOL100.BSE_IDX,01/07/2025,11:09:31,3231.45,0,0,0,0,0,0
DOL100.BSE_IDX,01/07/2025,11:09:39,3231.38,0,0,0,0,0,0
DOL100.BSE_IDX,01/07/2025,11:09:46,3231.63,0,0,0,0,0,0
DOL100.BSE_IDX,01/07/2025,11:09:55,3231.51,0,0,0,0,0,0
DOL100.BSE_IDX,01/07/2025,11:10:03,3231.63,0,0,0,0,0,0
DOL100.BSE_IDX,01/07/2025,11:10:11,3231.68,0,0,0,0,0,0
DOL100.BSE_IDX,01/07/2025,11:10:19,3231.53,0,0,0,0,0,0
DOL100.BSE_IDX,01/07/2025,11:10:27,3231.58,0,0,0,0,0,0
DOL100.BSE_IDX,01/07/2025,11:10:35,3231.75,0,0,0,0,0,0
DOL100.BSE_IDX,01/07/2025,11:10:43,3231.79,0,0,0,0,0,0
DOL100.BSE_IDX,01/07/2025,11:10:51,3231.76,0,0,0,0,0,0
DOL100.BSE_IDX,01/07/2025,11:10:59,3231.76,0,0,0,0,0,0
DOL100.BSE_IDX,01/07/2025,11:11:07,3231.94,0,0,0,0,0,0
DOL100.BSE_IDX,01/07/2025,11:11:15,3231.83,0,0,0,0,0,0
DOL100.BSE_IDX,01/07/2025,11:11:23,3231.8,0,0,0,0,0,0
DOL100.BSE_IDX,01/07/2025,11:11:31,3231.72,0,0,0,0,0,0
DOL100.BSE_IDX,01/07/2025,11:11:39,3231.65,0,0,0,0,0,0
DOL100.BSE_IDX,01/07/2025,11:11:47,3231.53,0,0,0,0,0,0
DOL100.BSE_IDX,01/07/2025,11:11:55,3231.57,0,0,0,0,0,0
DOL100.BSE_IDX,01/07/2025,11:12:03,3231.61,0,0,0,0,0,0
DOL100.BSE_IDX,01/07/2025,11:12:11,3231.69,0,0,0,0,0,0
DOL100.BSE_IDX,01/07/2025,11:12:19,3231.62,0,0,0,0,0,0
DOL100.BSE_IDX,01/07/2025,11:12:27,3231.58,0,0,0,0,0,0
DOL100.BSE_IDX,01/07/2025,11:12:35,3231.73,0,0,0,0,0,0
DOL100.BSE_IDX,01/07/2025,11:12:43,3231.49,0,0,0,0,0,0
DOL100.BSE_IDX,01/07/2025,11:12:51,3231.55,0,0,0,0,0,0
DOL100.BSE_IDX,01/07/2025,11:12:59,3231.58,0,0,0,0,0,0
DOL100.BSE_IDX,01/07/2025,11:13:07,3231.65,0,0,0,0,0,0
DOL100.BSE_IDX,01/07/2025,11:13:16,3231.56,0,0,0,0,0,0
DOL100.BSE_IDX,01/07/2025,11:13:23,3231.42,0,0,0,0,0,0
DOL100.BSE_IDX,01/07/2025,11:13:31,3231.37,0,0,0,0,0,0
DOL100.BSE_IDX,01/07/2025,11:13:39,3231.4,0,0,0,0,0,0
DOL100.BSE_IDX,01/07/2025,11:13:47,3231.56,0,0,0,0,0,0
DOL100.BSE_IDX,01/07/2025,11:13:55,3231.63,0,0,0,0,0,0
DOL100.BSE_IDX,01/07/2025,11:14:03,3231.81,0,0,0,0,0,0
DOL100.BSE_IDX,01/07/2025,11:14:11,3231.59,0,0,0,0,0,0
DOL100.BSE_IDX,01/07/2025,11:14:19,3231.75,0,0,0,0,0,0
DOL100.BSE_IDX,01/07/2025,11:14:27,3231.99,0,0,0,0,0,0
DOL100.BSE_IDX,01/07/2025,11:14:35,3232.03,0,0,0,0,0,0
DOL100.BSE_IDX,01/07/2025,11:14:43,3232.07,0,0,0,0,0,0
DOL100.BSE_IDX,01/07/2025,11:14:51,3232.13,0,0,0,0,0,0
DOL100.BSE_IDX,01/07/2025,11:14:59,3232.17,0,0,0,0,0,0
DOL100.BSE_IDX,01/07/2025,11:15:07,3232.24,0,0,0,0,0,0
DOL100.BSE_IDX,01/07/2025,11:15:15,3232.25,0,0,0,0,0,0
DOL100.BSE_IDX,01/07/2025,11:15:23,3232.45,0,0,0,0,0,0
DOL100.BSE_IDX,01/07/2025,11:15:31,3232.19,0,0,0,0,0,0
DOL100.BSE_IDX,01/07/2025,11:15:39,3232.4,0,0,0,0,0,0
DOL100.BSE_IDX,01/07/2025,11:15:47,3232.44,0,0,0,0,0,0
DOL100.BSE_IDX,01/07/2025,11:15:56,3232.63,0,0,0,0,0,0
DOL100.BSE_IDX,01/07/2025,11:16:03,3232.38,0,0,0,0,0,0
DOL100.BSE_IDX,01/07/2025,11:16:11,3232.31,0,0,0,0,0,0
DOL100.BSE_IDX,01/07/2025,11:16:19,3232.34,0,0,0,0,0,0
DOL100.BSE_IDX,01/07/2025,11:16:27,3231.95,0,0,0,0,0,0
DOL100.BSE_IDX,01/07/2025,11:16:35,3231.86,0,0,0,0,0,0
DOL100.BSE_IDX,01/07/2025,11:16:43,3231.68,0,0,0,0,0,0
DOL100.BSE_IDX,01/07/2025,11:16:51,3231.72,0,0,0,0,0,0
DOL100.BSE_IDX,01/07/2025,11:16:59,3231.71,0,0,0,0,0,0
DOL100.BSE_IDX,01/07/2025,11:17:07,3231.73,0,0,0,0,0,0
DOL100.BSE_IDX,01/07/2025,11:17:15,3231.93,0,0,0,0,0,0
DOL100.BSE_IDX,01/07/2025,11:17:23,3232.27,0,0,0,0,0,0
DOL100.BSE_IDX,01/07/2025,11:17:31,3232.66,0,0,0,0,0,0
DOL100.BSE_IDX,01/07/2025,11:17:39,3232.88,0,0,0,0,0,0
DOL100.BSE_IDX,01/07/2025,11:17:47,3233.27,0,0,0,0,0,0
DOL100.BSE_IDX,01/07/2025,11:17:57,3233.29,0,0,0,0,0,0
DOL100.BSE_IDX,01/07/2025,11:18:03,3233.27,0,0,0,0,0,0
DOL100.BSE_IDX,01/07/2025,11:18:11,3233.19,0,0,0,0,0,0
DOL100.BSE_IDX,01/07/2025,11:18:19,3233.19,0,0,0,0,0,0
DOL100.BSE_IDX,01/07/2025,11:18:27,3233.28,0,0,0,0,0,0
DOL100.BSE_IDX,01/07/2025,11:18:35,3233.54,0,0,0,0,0,0
DOL100.BSE_IDX,01/07/2025,11:18:44,3233.49,0,0,0,0,0,0
DOL100.BSE_IDX,01/07/2025,11:18:51,3233.7,0,0,0,0,0,0
DOL100.BSE_IDX,01/07/2025,11:18:59,3233.37,0,0,0,0,0,0
DOL100.BSE_IDX,01/07/2025,11:19:08,3233.3,0,0,0,0,0,0
DOL100.BSE_IDX,01/07/2025,11:19:15,3233.43,0,0,0,0,0,0
DOL100.BSE_IDX,01/07/2025,11:19:23,3233.34,0,0,0,0,0,0
DOL100.BSE_IDX,01/07/2025,11:19:31,3233.17,0,0,0,0,0,0
DOL100.BSE_IDX,01/07/2025,11:19:39,3233.07,0,0,0,0,0,0
DOL100.BSE_IDX,01/07/2025,11:19:47,3232.97,0,0,0,0,0,0
DOL100.BSE_IDX,01/07/2025,11:19:55,3232.46,0,0,0,0,0,0
DOL100.BSE_IDX,01/07/2025,11:20:03,3232.43,0,0,0,0,0,0
DOL100.BSE_IDX,01/07/2025,11:20:11,3232.69,0,0,0,0,0,0
DOL100.BSE_IDX,01/07/2025,11:20:19,3232.7,0,0,0,0,0,0
DOL100.BSE_IDX,01/07/2025,11:20:27,3232.78,0,0,0,0,0,0
DOL100.BSE_IDX,01/07/2025,11:20:35,3232.94,0,0,0,0,0,0
DOL100.BSE_IDX,01/07/2025,11:20:43,3232.94,0,0,0,0,0,0
DOL100.BSE_IDX,01/07/2025,11:20:51,3232.92,0,0,0,0,0,0
DOL100.BSE_IDX,01/07/2025,11:20:59,3232.98,0,0,0,0,0,0
DOL100.BSE_IDX,01/07/2025,11:21:07,3232.87,0,0,0,0,0,0
DOL100.BSE_IDX,01/07/2025,11:21:15,3232.97,0,0,0,0,0,0
DOL100.BSE_IDX,01/07/2025,11:21:24,3233.02,0,0,0,0,0,0
DOL100.BSE_IDX,01/07/2025,11:21:31,3233.04,0,0,0,0,0,0
DOL100.BSE_IDX,01/07/2025,11:21:39,3232.79,0,0,0,0,0,0
DOL100.BSE_IDX,01/07/2025,11:21:47,3232.75,0,0,0,0,0,0
DOL100.BSE_IDX,01/07/2025,11:21:56,3232.86,0,0,0,0,0,0
DOL100.BSE_IDX,01/07/2025,11:22:03,3232.91,0,0,0,0,0,0
DOL100.BSE_IDX,01/07/2025,11:22:11,3232.8,0,0,0,0,0,0
DOL100.BSE_IDX,01/07/2025,11:22:19,3232.86,0,0,0,0,0,0
DOL100.BSE_IDX,01/07/2025,11:22:28,3232.84,0,0,0,0,0,0
DOL100.BSE_IDX,01/07/2025,11:22:35,3232.9,0,0,0,0,0,0
DOL100.BSE_IDX,01/07/2025,11:22:43,3232.8,0,0,0,0,0,0
DOL100.BSE_IDX,01/07/2025,11:22:51,3232.75,0,0,0,0,0,0
DOL100.BSE_IDX,01/07/2025,11:22:59,3232.79,0,0,0,0,0,0
DOL100.BSE_IDX,01/07/2025,11:23:07,3232.78,0,0,0,0,0,0
DOL100.BSE_IDX,01/07/2025,11:23:15,3233,0,0,0,0,0,0
DOL100.BSE_IDX,01/07/2025,11:23:23,3232.92,0,0,0,0,0,0
DOL100.BSE_IDX,01/07/2025,11:23:31,3232.85,0,0,0,0,0,0
DOL100.BSE_IDX,01/07/2025,11:23:39,3232.83,0,0,0,0,0,0
DOL100.BSE_IDX,01/07/2025,11:23:47,3232.9,0,0,0,0,0,0
DOL100.BSE_IDX,01/07/2025,11:23:55,3232.84,0,0,0,0,0,0
DOL100.BSE_IDX,01/07/2025,11:24:04,3232.64,0,0,0,0,0,0
DOL100.BSE_IDX,01/07/2025,11:24:11,3232.8,0,0,0,0,0,0
DOL100.BSE_IDX,01/07/2025,11:24:19,3232.68,0,0,0,0,0,0
DOL100.BSE_IDX,01/07/2025,11:24:27,3232.64,0,0,0,0,0,0
DOL100.BSE_IDX,01/07/2025,11:24:35,3232.44,0,0,0,0,0,0
DOL100.BSE_IDX,01/07/2025,11:24:43,3232.46,0,0,0,0,0,0
DOL100.BSE_IDX,01/07/2025,11:24:52,3232.36,0,0,0,0,0,0
DOL100.BSE_IDX,01/07/2025,11:25:00,3232.45,0,0,0,0,0,0
DOL100.BSE_IDX,01/07/2025,11:25:07,3232.6,0,0,0,0,0,0
DOL100.BSE_IDX,01/07/2025,11:25:15,3232.55,0,0,0,0,0,0
DOL100.BSE_IDX,01/07/2025,11:25:23,3232.39,0,0,0,0,0,0
DOL100.BSE_IDX,01/07/2025,11:25:31,3232.44,0,0,0,0,0,0
DOL100.BSE_IDX,01/07/2025,11:25:41,3232.33,0,0,0,0,0,0
DOL100.BSE_IDX,01/07/2025,11:25:47,3232.13,0,0,0,0,0,0
DOL100.BSE_IDX,01/07/2025,11:25:55,3232.1,0,0,0,0,0,0
DOL100.BSE_IDX,01/07/2025,11:26:03,3232.22,0,0,0,0,0,0
DOL100.BSE_IDX,01/07/2025,11:26:11,3232.05,0,0,0,0,0,0
DOL100.BSE_IDX,01/07/2025,11:26:19,3232.17,0,0,0,0,0,0
DOL100.BSE_IDX,01/07/2025,11:26:27,3232.17,0,0,0,0,0,0
DOL100.BSE_IDX,01/07/2025,11:26:35,3232.26,0,0,0,0,0,0
DOL100.BSE_IDX,01/07/2025,11:26:43,3232.26,0,0,0,0,0,0
DOL100.BSE_IDX,01/07/2025,11:26:51,3232.16,0,0,0,0,0,0
DOL100.BSE_IDX,01/07/2025,11:26:59,3232.3,0,0,0,0,0,0
DOL100.BSE_IDX,01/07/2025,11:27:07,3232.25,0,0,0,0,0,0
DOL100.BSE_IDX,01/07/2025,11:27:15,3232.32,0,0,0,0,0,0
DOL100.BSE_IDX,01/07/2025,11:27:23,3232.16,0,0,0,0,0,0
DOL100.BSE_IDX,01/07/2025,11:27:31,3232.31,0,0,0,0,0,0
DOL100.BSE_IDX,01/07/2025,11:27:39,3232.38,0,0,0,0,0,0
DOL100.BSE_IDX,01/07/2025,11:27:47,3232.35,0,0,0,0,0,0
DOL100.BSE_IDX,01/07/2025,11:27:55,3232.41,0,0,0,0,0,0
DOL100.BSE_IDX,01/07/2025,11:28:03,3232.42,0,0,0,0,0,0
DOL100.BSE_IDX,01/07/2025,11:28:11,3232.26,0,0,0,0,0,0
DOL100.BSE_IDX,01/07/2025,11:28:19,3232.04,0,0,0,0,0,0
DOL100.BSE_IDX,01/07/2025,11:28:27,3232.12,0,0,0,0,0,0
DOL100.BSE_IDX,01/07/2025,11:28:36,3232.45,0,0,0,0,0,0
DOL100.BSE_IDX,01/07/2025,11:28:43,3232.41,0,0,0,0,0,0
DOL100.BSE_IDX,01/07/2025,11:28:51,3232.48,0,0,0,0,0,0
DOL100.BSE_IDX,01/07/2025,11:28:59,3232.49,0,0,0,0,0,0
DOL100.BSE_IDX,01/07/2025,11:29:07,3232.44,0,0,0,0,0,0
DOL100.BSE_IDX,01/07/2025,11:29:16,3232.42,0,0,0,0,0,0
DOL100.BSE_IDX,01/07/2025,11:29:24,3232.29,0,0,0,0,0,0
DOL100.BSE_IDX,01/07/2025,11:29:31,3232.37,0,0,0,0,0,0
DOL100.BSE_IDX,01/07/2025,11:29:39,3232.5,0,0,0,0,0,0
DOL100.BSE_IDX,01/07/2025,11:29:47,3232.66,0,0,0,0,0,0
DOL100.BSE_IDX,01/07/2025,11:29:55,3232.72,0,0,0,0,0,0
DOL100.BSE_IDX,01/07/2025,11:30:03,3232.92,0,0,0,0,0,0
DOL100.BSE_IDX,01/07/2025,11:30:11,3232.79,0,0,0,0,0,0
DOL100.BSE_IDX,01/07/2025,11:30:19,3232.89,0,0,0,0,0,0
DOL100.BSE_IDX,01/07/2025,11:30:27,3232.88,0,0,0,0,0,0
DOL100.BSE_IDX,01/07/2025,11:30:35,3232.84,0,0,0,0,0,0
DOL100.BSE_IDX,01/07/2025,11:30:43,3233.03,0,0,0,0,0,0
DOL100.BSE_IDX,01/07/2025,11:30:51,3233.02,0,0,0,0,0,0
DOL100.BSE_IDX,01/07/2025,11:30:59,3232.97,0,0,0,0,0,0
DOL100.BSE_IDX,01/07/2025,11:31:07,3232.69,0,0,0,0,0,0
DOL100.BSE_IDX,01/07/2025,11:31:15,3232.49,0,0,0,0,0,0
DOL100.BSE_IDX,01/07/2025,11:31:23,3232.37,0,0,0,0,0,0
DOL100.BSE_IDX,01/07/2025,11:31:31,3232.31,0,0,0,0,0,0
DOL100.BSE_IDX,01/07/2025,11:31:39,3232.31,0,0,0,0,0,0
DOL100.BSE_IDX,01/07/2025,11:31:47,3232.39,0,0,0,0,0,0
DOL100.BSE_IDX,01/07/2025,11:31:55,3232.46,0,0,0,0,0,0
DOL100.BSE_IDX,01/07/2025,11:32:04,3232.33,0,0,0,0,0,0
DOL100.BSE_IDX,01/07/2025,11:32:11,3232.28,0,0,0,0,0,0
DOL100.BSE_IDX,01/07/2025,11:32:19,3232.47,0,0,0,0,0,0
DOL100.BSE_IDX,01/07/2025,11:32:27,3232.36,0,0,0,0,0,0
DOL100.BSE_IDX,01/07/2025,11:32:35,3232.41,0,0,0,0,0,0
DOL100.BSE_IDX,01/07/2025,11:32:43,3232.37,0,0,0,0,0,0
DOL100.BSE_IDX,01/07/2025,11:32:51,3232.18,0,0,0,0,0,0
DOL100.BSE_IDX,01/07/2025,11:32:59,3232.11,0,0,0,0,0,0
DOL100.BSE_IDX,01/07/2025,11:33:07,3231.91,0,0,0,0,0,0
DOL100.BSE_IDX,01/07/2025,11:33:15,3231.58,0,0,0,0,0,0
DOL100.BSE_IDX,01/07/2025,11:33:23,3231.73,0,0,0,0,0,0
DOL100.BSE_IDX,01/07/2025,11:33:31,3231.61,0,0,0,0,0,0
DOL100.BSE_IDX,01/07/2025,11:33:39,3231.76,0,0,0,0,0,0
DOL100.BSE_IDX,01/07/2025,11:33:47,3231.57,0,0,0,0,0,0
DOL100.BSE_IDX,01/07/2025,11:33:55,3231.62,0,0,0,0,0,0
DOL100.BSE_IDX,01/07/2025,11:34:03,3231.63,0,0,0,0,0,0
DOL100.BSE_IDX,01/07/2025,11:34:12,3231.43,0,0,0,0,0,0
DOL100.BSE_IDX,01/07/2025,11:34:19,3231.47,0,0,0,0,0,0
DOL100.BSE_IDX,01/07/2025,11:34:27,3231.31,0,0,0,0,0,0
DOL100.BSE_IDX,01/07/2025,11:34:35,3231.28,0,0,0,0,0,0
DOL100.BSE_IDX,01/07/2025,11:34:43,3231.4,0,0,0,0,0,0
DOL100.BSE_IDX,01/07/2025,11:34:51,3231.5,0,0,0,0,0,0
DOL100.BSE_IDX,01/07/2025,11:34:59,3231.41,0,0,0,0,0,0
DOL100.BSE_IDX,01/07/2025,11:35:07,3231.45,0,0,0,0,0,0
DOL100.BSE_IDX,01/07/2025,11:35:16,3231.5,0,0,0,0,0,0
DOL100.BSE_IDX,01/07/2025,11:35:23,3231.78,0,0,0,0,0,0
DOL100.BSE_IDX,01/07/2025,11:35:32,3231.65,0,0,0,0,0,0
DOL100.BSE_IDX,01/07/2025,11:35:39,3231.7,0,0,0,0,0,0
DOL100.BSE_IDX,01/07/2025,11:35:47,3231.76,0,0,0,0,0,0
DOL100.BSE_IDX,01/07/2025,11:35:55,3231.7,0,0,0,0,0,0
DOL100.BSE_IDX,01/07/2025,11:36:04,3231.63,0,0,0,0,0,0
DOL100.BSE_IDX,01/07/2025,11:36:11,3231.79,0,0,0,0,0,0
DOL100.BSE_IDX,01/07/2025,11:36:19,3231.61,0,0,0,0,0,0
DOL100.BSE_IDX,01/07/2025,11:36:28,3231.76,0,0,0,0,0,0
DOL100.BSE_IDX,01/07/2025,11:36:35,3231.56,0,0,0,0,0,0
DOL100.BSE_IDX,01/07/2025,11:36:43,3231.61,0,0,0,0,0,0
DOL100.BSE_IDX,01/07/2025,11:36:54,3231.78,0,0,0,0,0,0
DOL100.BSE_IDX,01/07/2025,11:36:59,3231.82,0,0,0,0,0,0
DOL100.BSE_IDX,01/07/2025,11:37:07,3231.84,0,0,0,0,0,0
DOL100.BSE_IDX,01/07/2025,11:37:15,3231.9,0,0,0,0,0,0
DOL100.BSE_IDX,01/07/2025,11:37:23,3231.81,0,0,0,0,0,0
DOL100.BSE_IDX,01/07/2025,11:37:31,3231.9,0,0,0,0,0,0
DOL100.BSE_IDX,01/07/2025,11:37:41,3231.72,0,0,0,0,0,0
DOL100.BSE_IDX,01/07/2025,11:37:47,3231.84,0,0,0,0,0,0
DOL100.BSE_IDX,01/07/2025,11:37:55,3232.03,0,0,0,0,0,0
DOL100.BSE_IDX,01/07/2025,11:38:03,3232.04,0,0,0,0,0,0
DOL100.BSE_IDX,01/07/2025,11:38:11,3231.91,0,0,0,0,0,0
DOL100.BSE_IDX,01/07/2025,11:38:20,3231.76,0,0,0,0,0,0
DOL100.BSE_IDX,01/07/2025,11:38:27,3231.87,0,0,0,0,0,0
DOL100.BSE_IDX,01/07/2025,11:38:35,3232,0,0,0,0,0,0
DOL100.BSE_IDX,01/07/2025,11:38:43,3231.9,0,0,0,0,0,0
DOL100.BSE_IDX,01/07/2025,11:38:51,3231.92,0,0,0,0,0,0
DOL100.BSE_IDX,01/07/2025,11:38:59,3231.83,0,0,0,0,0,0
DOL100.BSE_IDX,01/07/2025,11:39:07,3231.87,0,0,0,0,0,0
DOL100.BSE_IDX,01/07/2025,11:39:16,3231.93,0,0,0,0,0,0
DOL100.BSE_IDX,01/07/2025,11:39:23,3232.07,0,0,0,0,0,0
DOL100.BSE_IDX,01/07/2025,11:39:31,3232.16,0,0,0,0,0,0
DOL100.BSE_IDX,01/07/2025,11:39:39,3231.96,0,0,0,0,0,0
DOL100.BSE_IDX,01/07/2025,11:39:47,3232.02,0,0,0,0,0,0
DOL100.BSE_IDX,01/07/2025,11:39:55,3231.98,0,0,0,0,0,0
DOL100.BSE_IDX,01/07/2025,11:40:03,3232.2,0,0,0,0,0,0
DOL100.BSE_IDX,01/07/2025,11:40:11,3232.32,0,0,0,0,0,0
DOL100.BSE_IDX,01/07/2025,11:40:19,3232.21,0,0,0,0,0,0
DOL100.BSE_IDX,01/07/2025,11:40:27,3232.25,0,0,0,0,0,0
DOL100.BSE_IDX,01/07/2025,11:40:35,3232.18,0,0,0,0,0,0
DOL100.BSE_IDX,01/07/2025,11:40:43,3232.25,0,0,0,0,0,0
DOL100.BSE_IDX,01/07/2025,11:40:51,3232.17,0,0,0,0,0,0
DOL100.BSE_IDX,01/07/2025,11:41:00,3232.38,0,0,0,0,0,0
DOL100.BSE_IDX,01/07/2025,11:41:07,3232.28,0,0,0,0,0,0
DOL100.BSE_IDX,01/07/2025,11:41:15,3232.23,0,0,0,0,0,0
DOL100.BSE_IDX,01/07/2025,11:41:24,3232.35,0,0,0,0,0,0
DOL100.BSE_IDX,01/07/2025,11:41:32,3232.36,0,0,0,0,0,0
DOL100.BSE_IDX,01/07/2025,11:41:39,3232.52,0,0,0,0,0,0
DOL100.BSE_IDX,01/07/2025,11:41:48,3232.33,0,0,0,0,0,0
DOL100.BSE_IDX,01/07/2025,11:41:56,3232.17,0,0,0,0,0,0
DOL100.BSE_IDX,01/07/2025,11:42:04,3232.47,0,0,0,0,0,0
DOL100.BSE_IDX,01/07/2025,11:42:12,3232.44,0,0,0,0,0,0
DOL100.BSE_IDX,01/07/2025,11:42:20,3232.38,0,0,0,0,0,0
DOL100.BSE_IDX,01/07/2025,11:42:28,3232.4,0,0,0,0,0,0
DOL100.BSE_IDX,01/07/2025,11:42:36,3232.6,0,0,0,0,0,0
DOL100.BSE_IDX,01/07/2025,11:42:44,3232.67,0,0,0,0,0,0
DOL100.BSE_IDX,01/07/2025,11:42:52,3232.81,0,0,0,0,0,0
DOL100.BSE_IDX,01/07/2025,11:43:00,3232.71,0,0,0,0,0,0
DOL100.BSE_IDX,01/07/2025,11:43:08,3232.62,0,0,0,0,0,0
DOL100.BSE_IDX,01/07/2025,11:43:16,3232.82,0,0,0,0,0,0
DOL100.BSE_IDX,01/07/2025,11:43:24,3232.9,0,0,0,0,0,0
DOL100.BSE_IDX,01/07/2025,11:43:32,3232.76,0,0,0,0,0,0
DOL100.BSE_IDX,01/07/2025,11:43:40,3232.6,0,0,0,0,0,0
DOL100.BSE_IDX,01/07/2025,11:43:48,3232.64,0,0,0,0,0,0
DOL100.BSE_IDX,01/07/2025,11:43:56,3232.47,0,0,0,0,0,0
DOL100.BSE_IDX,01/07/2025,11:44:04,3232.59,0,0,0,0,0,0
DOL100.BSE_IDX,01/07/2025,11:44:12,3232.71,0,0,0,0,0,0
DOL100.BSE_IDX,01/07/2025,11:44:20,3232.64,0,0,0,0,0,0
DOL100.BSE_IDX,01/07/2025,11:44:28,3232.32,0,0,0,0,0,0
DOL100.BSE_IDX,01/07/2025,11:44:36,3231.63,0,0,0,0,0,0
DOL100.BSE_IDX,01/07/2025,11:44:44,3231.49,0,0,0,0,0,0
DOL100.BSE_IDX,01/07/2025,11:44:52,3231.28,0,0,0,0,0,0
DOL100.BSE_IDX,01/07/2025,11:45:00,3231.08,0,0,0,0,0,0
DOL100.BSE_IDX,01/07/2025,11:45:08,3231.62,0,0,0,0,0,0
DOL100.BSE_IDX,01/07/2025,11:45:16,3231.7,0,0,0,0,0,0
DOL100.BSE_IDX,01/07/2025,11:45:24,3231.93,0,0,0,0,0,0
DOL100.BSE_IDX,01/07/2025,11:45:32,3231.95,0,0,0,0,0,0
DOL100.BSE_IDX,01/07/2025,11:45:40,3232.33,0,0,0,0,0,0
DOL100.BSE_IDX,01/07/2025,11:45:48,3232.36,0,0,0,0,0,0
DOL100.BSE_IDX,01/07/2025,11:45:56,3232.64,0,0,0,0,0,0
DOL100.BSE_IDX,01/07/2025,11:46:04,3233.25,0,0,0,0,0,0
DOL100.BSE_IDX,01/07/2025,11:46:12,3233.62,0,0,0,0,0,0
DOL100.BSE_IDX,01/07/2025,11:46:20,3233.28,0,0,0,0,0,0
DOL100.BSE_IDX,01/07/2025,11:46:28,3233.13,0,0,0,0,0,0
DOL100.BSE_IDX,01/07/2025,11:46:36,3233.12,0,0,0,0,0,0
DOL100.BSE_IDX,01/07/2025,11:46:44,3232.98,0,0,0,0,0,0
DOL100.BSE_IDX,01/07/2025,11:46:52,3233.04,0,0,0,0,0,0
DOL100.BSE_IDX,01/07/2025,11:47:00,3232.89,0,0,0,0,0,0
DOL100.BSE_IDX,01/07/2025,11:47:08,3232.88,0,0,0,0,0,0
DOL100.BSE_IDX,01/07/2025,11:47:16,3232.5,0,0,0,0,0,0
DOL100.BSE_IDX,01/07/2025,11:47:24,3232.4,0,0,0,0,0,0
DOL100.BSE_IDX,01/07/2025,11:47:32,3232.44,0,0,0,0,0,0
DOL100.BSE_IDX,01/07/2025,11:47:40,3232.47,0,0,0,0,0,0
DOL100.BSE_IDX,01/07/2025,11:47:48,3232.44,0,0,0,0,0,0
DOL100.BSE_IDX,01/07/2025,11:47:56,3232.04,0,0,0,0,0,0
DOL100.BSE_IDX,01/07/2025,11:48:04,3232.03,0,0,0,0,0,0
DOL100.BSE_IDX,01/07/2025,11:48:12,3232.1,0,0,0,0,0,0
DOL100.BSE_IDX,01/07/2025,11:48:20,3232.32,0,0,0,0,0,0
DOL100.BSE_IDX,01/07/2025,11:48:28,3232.38,0,0,0,0,0,0
DOL100.BSE_IDX,01/07/2025,11:48:36,3232.31,0,0,0,0,0,0
DOL100.BSE_IDX,01/07/2025,11:48:44,3232.46,0,0,0,0,0,0
DOL100.BSE_IDX,01/07/2025,11:48:52,3232.43,0,0,0,0,0,0
DOL100.BSE_IDX,01/07/2025,11:49:01,3232.38,0,0,0,0,0,0
DOL100.BSE_IDX,01/07/2025,11:49:09,3232.36,0,0,0,0,0,0
DOL100.BSE_IDX,01/07/2025,11:49:16,3232.41,0,0,0,0,0,0
DOL100.BSE_IDX,01/07/2025,11:49:24,3232.37,0,0,0,0,0,0
DOL100.BSE_IDX,01/07/2025,11:49:32,3232.37,0,0,0,0,0,0
DOL100.BSE_IDX,01/07/2025,11:49:40,3232.39,0,0,0,0,0,0
DOL100.BSE_IDX,01/07/2025,11:49:49,3232.17,0,0,0,0,0,0
DOL100.BSE_IDX,01/07/2025,11:49:56,3232.17,0,0,0,0,0,0
DOL100.BSE_IDX,01/07/2025,11:50:04,3232.24,0,0,0,0,0,0
DOL100.BSE_IDX,01/07/2025,11:50:12,3232.06,0,0,0,0,0,0
DOL100.BSE_IDX,01/07/2025,11:50:20,3231.99,0,0,0,0,0,0
DOL100.BSE_IDX,01/07/2025,11:50:28,3232.12,0,0,0,0,0,0
DOL100.BSE_IDX,01/07/2025,11:50:36,3232.12,0,0,0,0,0,0
DOL100.BSE_IDX,01/07/2025,11:50:44,3232.1,0,0,0,0,0,0
DOL100.BSE_IDX,01/07/2025,11:50:52,3232.1,0,0,0,0,0,0
DOL100.BSE_IDX,01/07/2025,11:51:00,3232.09,0,0,0,0,0,0
DOL100.BSE_IDX,01/07/2025,11:51:08,3232.29,0,0,0,0,0,0
DOL100.BSE_IDX,01/07/2025,11:51:16,3232.3,0,0,0,0,0,0
DOL100.BSE_IDX,01/07/2025,11:51:24,3231.96,0,0,0,0,0,0
DOL100.BSE_IDX,01/07/2025,11:51:32,3231.99,0,0,0,0,0,0
DOL100.BSE_IDX,01/07/2025,11:51:40,3232.04,0,0,0,0,0,0
DOL100.BSE_IDX,01/07/2025,11:51:48,3232.16,0,0,0,0,0,0
DOL100.BSE_IDX,01/07/2025,11:51:56,3232.14,0,0,0,0,0,0
DOL100.BSE_IDX,01/07/2025,11:52:04,3232.11,0,0,0,0,0,0
DOL100.BSE_IDX,01/07/2025,11:52:12,3231.87,0,0,0,0,0,0
DOL100.BSE_IDX,01/07/2025,11:52:20,3231.86,0,0,0,0,0,0
DOL100.BSE_IDX,01/07/2025,11:52:28,3231.99,0,0,0,0,0,0
DOL100.BSE_IDX,01/07/2025,11:52:36,3231.86,0,0,0,0,0,0
DOL100.BSE_IDX,01/07/2025,11:52:44,3231.8,0,0,0,0,0,0
DOL100.BSE_IDX,01/07/2025,11:52:52,3231.75,0,0,0,0,0,0
DOL100.BSE_IDX,01/07/2025,11:53:00,3231.52,0,0,0,0,0,0
DOL100.BSE_IDX,01/07/2025,11:53:08,3231.39,0,0,0,0,0,0
DOL100.BSE_IDX,01/07/2025,11:53:16,3231.22,0,0,0,0,0,0
DOL100.BSE_IDX,01/07/2025,11:53:24,3231.1,0,0,0,0,0,0
DOL100.BSE_IDX,01/07/2025,11:53:32,3231.07,0,0,0,0,0,0
DOL100.BSE_IDX,01/07/2025,11:53:40,3231.23,0,0,0,0,0,0
DOL100.BSE_IDX,01/07/2025,11:53:48,3231.1,0,0,0,0,0,0
DOL100.BSE_IDX,01/07/2025,11:53:56,3230.95,0,0,0,0,0,0
DOL100.BSE_IDX,01/07/2025,11:54:04,3230.72,0,0,0,0,0,0
DOL100.BSE_IDX,01/07/2025,11:54:12,3230.33,0,0,0,0,0,0
DOL100.BSE_IDX,01/07/2025,11:54:20,3230.3,0,0,0,0,0,0
DOL100.BSE_IDX,01/07/2025,11:54:28,3230.39,0,0,0,0,0,0
DOL100.BSE_IDX,01/07/2025,11:54:36,3230.35,0,0,0,0,0,0
DOL100.BSE_IDX,01/07/2025,11:54:44,3230.32,0,0,0,0,0,0
DOL100.BSE_IDX,01/07/2025,11:54:52,3230.24,0,0,0,0,0,0
DOL100.BSE_IDX,01/07/2025,11:55:00,3230.19,0,0,0,0,0,0
DOL100.BSE_IDX,01/07/2025,11:55:08,3230.31,0,0,0,0,0,0
DOL100.BSE_IDX,01/07/2025,11:55:17,3230.23,0,0,0,0,0,0
DOL100.BSE_IDX,01/07/2025,11:55:24,3230.23,0,0,0,0,0,0
DOL100.BSE_IDX,01/07/2025,11:55:32,3230.16,0,0,0,0,0,0
DOL100.BSE_IDX,01/07/2025,11:55:40,3230.16,0,0,0,0,0,0
DOL100.BSE_IDX,01/07/2025,11:55:48,3229.99,0,0,0,0,0,0
DOL100.BSE_IDX,01/07/2025,11:55:56,3230.09,0,0,0,0,0,0
DOL100.BSE_IDX,01/07/2025,11:56:05,3230.11,0,0,0,0,0,0
DOL100.BSE_IDX,01/07/2025,11:56:12,3229.97,0,0,0,0,0,0
DOL100.BSE_IDX,01/07/2025,11:56:20,3229.28,0,0,0,0,0,0
DOL100.BSE_IDX,01/07/2025,11:56:28,3229.04,0,0,0,0,0,0
DOL100.BSE_IDX,01/07/2025,11:56:36,3229.11,0,0,0,0,0,0
DOL100.BSE_IDX,01/07/2025,11:56:44,3229.59,0,0,0,0,0,0
DOL100.BSE_IDX,01/07/2025,11:56:52,3229.22,0,0,0,0,0,0
DOL100.BSE_IDX,01/07/2025,11:57:00,3229.2,0,0,0,0,0,0
DOL100.BSE_IDX,01/07/2025,11:57:08,3229.07,0,0,0,0,0,0
DOL100.BSE_IDX,01/07/2025,11:57:16,3229.21,0,0,0,0,0,0
DOL100.BSE_IDX,01/07/2025,11:57:24,3229.29,0,0,0,0,0,0
DOL100.BSE_IDX,01/07/2025,11:57:32,3229.28,0,0,0,0,0,0
DOL100.BSE_IDX,01/07/2025,11:57:40,3229.22,0,0,0,0,0,0
DOL100.BSE_IDX,01/07/2025,11:57:48,3229.28,0,0,0,0,0,0
DOL100.BSE_IDX,01/07/2025,11:57:56,3229.28,0,0,0,0,0,0
DOL100.BSE_IDX,01/07/2025,11:58:04,3229.27,0,0,0,0,0,0
DOL100.BSE_IDX,01/07/2025,11:58:12,3229.29,0,0,0,0,0,0
DOL100.BSE_IDX,01/07/2025,11:58:20,3229.26,0,0,0,0,0,0
DOL100.BSE_IDX,01/07/2025,11:58:28,3229.22,0,0,0,0,0,0
DOL100.BSE_IDX,01/07/2025,11:58:36,3229.43,0,0,0,0,0,0
DOL100.BSE_IDX,01/07/2025,11:58:44,3229.63,0,0,0,0,0,0
DOL100.BSE_IDX,01/07/2025,11:58:52,3229.71,0,0,0,0,0,0
DOL100.BSE_IDX,01/07/2025,11:59:00,3229.57,0,0,0,0,0,0
DOL100.BSE_IDX,01/07/2025,11:59:08,3229.74,0,0,0,0,0,0
DOL100.BSE_IDX,01/07/2025,11:59:16,3229.76,0,0,0,0,0,0
DOL100.BSE_IDX,01/07/2025,11:59:24,3229.97,0,0,0,0,0,0
DOL100.BSE_IDX,01/07/2025,11:59:32,3230.25,0,0,0,0,0,0
DOL100.BSE_IDX,01/07/2025,11:59:40,3230.33,0,0,0,0,0,0
DOL100.BSE_IDX,01/07/2025,11:59:48,3230.46,0,0,0,0,0,0
DOL100.BSE_IDX,01/07/2025,11:59:56,3230.51,0,0,0,0,0,0
DOL100.BSE_IDX,01/07/2025,12:00:05,3230.63,0,0,0,0,0,0
DOL100.BSE_IDX,01/07/2025,12:00:12,3230.55,0,0,0,0,0,0
DOL100.BSE_IDX,01/07/2025,12:00:20,3230.34,0,0,0,0,0,0
DOL100.BSE_IDX,01/07/2025,12:00:28,3230.21,0,0,0,0,0,0
DOL100.BSE_IDX,01/07/2025,12:00:37,3230.18,0,0,0,0,0,0
DOL100.BSE_IDX,01/07/2025,12:00:44,3230.06,0,0,0,0,0,0
DOL100.BSE_IDX,01/07/2025,12:00:52,3230.09,0,0,0,0,0,0
DOL100.BSE_IDX,01/07/2025,12:01:00,3230.14,0,0,0,0,0,0
DOL100.BSE_IDX,01/07/2025,12:01:08,3230.13,0,0,0,0,0,0
DOL100.BSE_IDX,01/07/2025,12:01:16,3230.23,0,0,0,0,0,0
DOL100.BSE_IDX,01/07/2025,12:01:24,3230.33,0,0,0,0,0,0
DOL100.BSE_IDX,01/07/2025,12:01:32,3230.38,0,0,0,0,0,0
DOL100.BSE_IDX,01/07/2025,12:01:40,3230.43,0,0,0,0,0,0
DOL100.BSE_IDX,01/07/2025,12:01:48,3230.35,0,0,0,0,0,0
DOL100.BSE_IDX,01/07/2025,12:01:57,3230.28,0,0,0,0,0,0
DOL100.BSE_IDX,01/07/2025,12:02:04,3230.36,0,0,0,0,0,0
DOL100.BSE_IDX,01/07/2025,12:02:12,3230.44,0,0,0,0,0,0
DOL100.BSE_IDX,01/07/2025,12:02:20,3230.36,0,0,0,0,0,0
DOL100.BSE_IDX,01/07/2025,12:02:28,3230.16,0,0,0,0,0,0
DOL100.BSE_IDX,01/07/2025,12:02:36,3230.28,0,0,0,0,0,0
DOL100.BSE_IDX,01/07/2025,12:02:44,3230.32,0,0,0,0,0,0
DOL100.BSE_IDX,01/07/2025,12:02:52,3230.52,0,0,0,0,0,0
DOL100.BSE_IDX,01/07/2025,12:03:00,3230.49,0,0,0,0,0,0
DOL100.BSE_IDX,01/07/2025,12:03:08,3230.43,0,0,0,0,0,0
DOL100.BSE_IDX,01/07/2025,12:03:17,3230.47,0,0,0,0,0,0
DOL100.BSE_IDX,01/07/2025,12:03:24,3230.46,0,0,0,0,0,0
DOL100.BSE_IDX,01/07/2025,12:03:32,3230.6,0,0,0,0,0,0
DOL100.BSE_IDX,01/07/2025,12:03:40,3230.64,0,0,0,0,0,0
DOL100.BSE_IDX,01/07/2025,12:03:48,3230.51,0,0,0,0,0,0
DOL100.BSE_IDX,01/07/2025,12:03:56,3230.45,0,0,0,0,0,0
DOL100.BSE_IDX,01/07/2025,12:04:04,3230.52,0,0,0,0,0,0
DOL100.BSE_IDX,01/07/2025,12:04:12,3230.55,0,0,0,0,0,0
DOL100.BSE_IDX,01/07/2025,12:04:20,3230.47,0,0,0,0,0,0
DOL100.BSE_IDX,01/07/2025,12:04:28,3230.68,0,0,0,0,0,0
DOL100.BSE_IDX,01/07/2025,12:04:36,3230.77,0,0,0,0,0,0
DOL100.BSE_IDX,01/07/2025,12:04:44,3230.74,0,0,0,0,0,0
DOL100.BSE_IDX,01/07/2025,12:04:52,3230.65,0,0,0,0,0,0
DOL100.BSE_IDX,01/07/2025,12:05:01,3230.56,0,0,0,0,0,0
DOL100.BSE_IDX,01/07/2025,12:05:08,3230.57,0,0,0,0,0,0
DOL100.BSE_IDX,01/07/2025,12:05:16,3230.72,0,0,0,0,0,0
DOL100.BSE_IDX,01/07/2025,12:05:24,3230.55,0,0,0,0,0,0
DOL100.BSE_IDX,01/07/2025,12:05:32,3230.37,0,0,0,0,0,0
DOL100.BSE_IDX,01/07/2025,12:05:40,3230.49,0,0,0,0,0,0
DOL100.BSE_IDX,01/07/2025,12:05:48,3230.21,0,0,0,0,0,0
DOL100.BSE_IDX,01/07/2025,12:05:56,3230.43,0,0,0,0,0,0
DOL100.BSE_IDX,01/07/2025,12:06:04,3230.51,0,0,0,0,0,0
DOL100.BSE_IDX,01/07/2025,12:06:12,3230.6,0,0,0,0,0,0
DOL100.BSE_IDX,01/07/2025,12:06:20,3230.63,0,0,0,0,0,0
DOL100.BSE_IDX,01/07/2025,12:06:28,3230.51,0,0,0,0,0,0
DOL100.BSE_IDX,01/07/2025,12:06:36,3230.34,0,0,0,0,0,0
DOL100.BSE_IDX,01/07/2025,12:06:44,3230.47,0,0,0,0,0,0
DOL100.BSE_IDX,01/07/2025,12:06:53,3230.36,0,0,0,0,0,0
DOL100.BSE_IDX,01/07/2025,12:07:00,3230.2,0,0,0,0,0,0
DOL100.BSE_IDX,01/07/2025,12:07:08,3230.23,0,0,0,0,0,0
DOL100.BSE_IDX,01/07/2025,12:07:16,3230.27,0,0,0,0,0,0
DOL100.BSE_IDX,01/07/2025,12:07:24,3230.15,0,0,0,0,0,0
DOL100.BSE_IDX,01/07/2025,12:07:32,3230.07,0,0,0,0,0,0
DOL100.BSE_IDX,01/07/2025,12:07:40,3230.09,0,0,0,0,0,0
DOL100.BSE_IDX,01/07/2025,12:07:48,3230.22,0,0,0,0,0,0
DOL100.BSE_IDX,01/07/2025,12:07:56,3230.03,0,0,0,0,0,0
DOL100.BSE_IDX,01/07/2025,12:08:04,3230.12,0,0,0,0,0,0
DOL100.BSE_IDX,01/07/2025,12:08:12,3230.14,0,0,0,0,0,0
DOL100.BSE_IDX,01/07/2025,12:08:20,3229.93,0,0,0,0,0,0
DOL100.BSE_IDX,01/07/2025,12:08:28,3229.88,0,0,0,0,0,0
DOL100.BSE_IDX,01/07/2025,12:08:36,3229.84,0,0,0,0,0,0
DOL100.BSE_IDX,01/07/2025,12:08:44,3229.95,0,0,0,0,0,0
DOL100.BSE_IDX,01/07/2025,12:08:52,3230.15,0,0,0,0,0,0
DOL100.BSE_IDX,01/07/2025,12:09:00,3230.14,0,0,0,0,0,0
DOL100.BSE_IDX,01/07/2025,12:09:08,3230.09,0,0,0,0,0,0
DOL100.BSE_IDX,01/07/2025,12:09:16,3230.25,0,0,0,0,0,0
DOL100.BSE_IDX,01/07/2025,12:09:25,3230.16,0,0,0,0,0,0
DOL100.BSE_IDX,01/07/2025,12:09:32,3230.27,0,0,0,0,0,0
DOL100.BSE_IDX,01/07/2025,12:09:40,3230.45,0,0,0,0,0,0
DOL100.BSE_IDX,01/07/2025,12:09:48,3230.38,0,0,0,0,0,0
DOL100.BSE_IDX,01/07/2025,12:09:57,3230.46,0,0,0,0,0,0
DOL100.BSE_IDX,01/07/2025,12:10:05,3230.32,0,0,0,0,0,0
DOL100.BSE_IDX,01/07/2025,12:10:13,3230.2,0,0,0,0,0,0
DOL100.BSE_IDX,01/07/2025,12:10:22,3230.47,0,0,0,0,0,0
DOL100.BSE_IDX,01/07/2025,12:10:28,3230.47,0,0,0,0,0,0
DOL100.BSE_IDX,01/07/2025,12:10:36,3230.32,0,0,0,0,0,0
DOL100.BSE_IDX,01/07/2025,12:10:45,3230.26,0,0,0,0,0,0
DOL100.BSE_IDX,01/07/2025,12:10:52,3230.36,0,0,0,0,0,0
DOL100.BSE_IDX,01/07/2025,12:11:00,3230.41,0,0,0,0,0,0
DOL100.BSE_IDX,01/07/2025,12:11:08,3230.51,0,0,0,0,0,0
DOL100.BSE_IDX,01/07/2025,12:11:17,3230.51,0,0,0,0,0,0
DOL100.BSE_IDX,01/07/2025,12:11:24,3230.56,0,0,0,0,0,0
DOL100.BSE_IDX,01/07/2025,12:11:32,3230.49,0,0,0,0,0,0
DOL100.BSE_IDX,01/07/2025,12:11:40,3230.56,0,0,0,0,0,0
DOL100.BSE_IDX,01/07/2025,12:11:49,3230.88,0,0,0,0,0,0
DOL100.BSE_IDX,01/07/2025,12:11:57,3231.06,0,0,0,0,0,0
DOL100.BSE_IDX,01/07/2025,12:12:05,3231.17,0,0,0,0,0,0
DOL100.BSE_IDX,01/07/2025,12:12:13,3231.29,0,0,0,0,0,0
DOL100.BSE_IDX,01/07/2025,12:12:21,3231.46,0,0,0,0,0,0
DOL100.BSE_IDX,01/07/2025,12:12:29,3231.36,0,0,0,0,0,0
DOL100.BSE_IDX,01/07/2025,12:12:37,3231.48,0,0,0,0,0,0
DOL100.BSE_IDX,01/07/2025,12:12:45,3231.44,0,0,0,0,0,0
DOL100.BSE_IDX,01/07/2025,12:12:53,3231.16,0,0,0,0,0,0
DOL100.BSE_IDX,01/07/2025,12:13:01,3231.28,0,0,0,0,0,0
DOL100.BSE_IDX,01/07/2025,12:13:09,3231.36,0,0,0,0,0,0
DOL100.BSE_IDX,01/07/2025,12:13:17,3231.39,0,0,0,0,0,0
DOL100.BSE_IDX,01/07/2025,12:13:25,3231.42,0,0,0,0,0,0
DOL100.BSE_IDX,01/07/2025,12:13:33,3231.51,0,0,0,0,0,0
DOL100.BSE_IDX,01/07/2025,12:13:41,3231.7,0,0,0,0,0,0
DOL100.BSE_IDX,01/07/2025,12:13:49,3231.54,0,0,0,0,0,0
DOL100.BSE_IDX,01/07/2025,12:13:57,3231.51,0,0,0,0,0,0
DOL100.BSE_IDX,01/07/2025,12:14:05,3231.54,0,0,0,0,0,0
DOL100.BSE_IDX,01/07/2025,12:14:13,3231.55,0,0,0,0,0,0
DOL100.BSE_IDX,01/07/2025,12:14:21,3231.68,0,0,0,0,0,0
DOL100.BSE_IDX,01/07/2025,12:14:29,3231.64,0,0,0,0,0,0
DOL100.BSE_IDX,01/07/2025,12:14:37,3231.62,0,0,0,0,0,0
DOL100.BSE_IDX,01/07/2025,12:14:46,3231.68,0,0,0,0,0,0
DOL100.BSE_IDX,01/07/2025,12:14:54,3231.53,0,0,0,0,0,0
DOL100.BSE_IDX,01/07/2025,12:15:01,3231.53,0,0,0,0,0,0
DOL100.BSE_IDX,01/07/2025,12:15:09,3231.57,0,0,0,0,0,0
DOL100.BSE_IDX,01/07/2025,12:15:17,3231.75,0,0,0,0,0,0
DOL100.BSE_IDX,01/07/2025,12:15:25,3231.79,0,0,0,0,0,0
DOL100.BSE_IDX,01/07/2025,12:15:33,3231.73,0,0,0,0,0,0
DOL100.BSE_IDX,01/07/2025,12:15:41,3231.68,0,0,0,0,0,0
DOL100.BSE_IDX,01/07/2025,12:15:49,3231.55,0,0,0,0,0,0
DOL100.BSE_IDX,01/07/2025,12:15:57,3231.64,0,0,0,0,0,0
DOL100.BSE_IDX,01/07/2025,12:16:05,3231.59,0,0,0,0,0,0
DOL100.BSE_IDX,01/07/2025,12:16:13,3231.66,0,0,0,0,0,0
DOL100.BSE_IDX,01/07/2025,12:16:21,3231.8,0,0,0,0,0,0
DOL100.BSE_IDX,01/07/2025,12:16:29,3231.98,0,0,0,0,0,0
DOL100.BSE_IDX,01/07/2025,12:16:37,3232.11,0,0,0,0,0,0
DOL100.BSE_IDX,01/07/2025,12:16:45,3232.02,0,0,0,0,0,0
DOL100.BSE_IDX,01/07/2025,12:16:53,3231.7,0,0,0,0,0,0
DOL100.BSE_IDX,01/07/2025,12:17:01,3231.64,0,0,0,0,0,0
DOL100.BSE_IDX,01/07/2025,12:17:09,3231.77,0,0,0,0,0,0
DOL100.BSE_IDX,01/07/2025,12:17:17,3231.96,0,0,0,0,0,0
DOL100.BSE_IDX,01/07/2025,12:17:25,3231.7,0,0,0,0,0,0
DOL100.BSE_IDX,01/07/2025,12:17:33,3231.89,0,0,0,0,0,0
DOL100.BSE_IDX,01/07/2025,12:17:41,3231.84,0,0,0,0,0,0
DOL100.BSE_IDX,01/07/2025,12:17:49,3231.93,0,0,0,0,0,0
DOL100.BSE_IDX,01/07/2025,12:17:57,3231.97,0,0,0,0,0,0
DOL100.BSE_IDX,01/07/2025,12:18:05,3232.1,0,0,0,0,0,0
DOL100.BSE_IDX,01/07/2025,12:18:13,3232.13,0,0,0,0,0,0
DOL100.BSE_IDX,01/07/2025,12:18:21,3232.04,0,0,0,0,0,0
DOL100.BSE_IDX,01/07/2025,12:18:29,3232.13,0,0,0,0,0,0
DOL100.BSE_IDX,01/07/2025,12:18:37,3232.14,0,0,0,0,0,0
DOL100.BSE_IDX,01/07/2025,12:18:45,3232.23,0,0,0,0,0,0
DOL100.BSE_IDX,01/07/2025,12:18:53,3232.25,0,0,0,0,0,0
DOL100.BSE_IDX,01/07/2025,12:19:01,3232.42,0,0,0,0,0,0
DOL100.BSE_IDX,01/07/2025,12:19:09,3232.57,0,0,0,0,0,0
DOL100.BSE_IDX,01/07/2025,12:19:17,3232.5,0,0,0,0,0,0
DOL100.BSE_IDX,01/07/2025,12:19:25,3232.6,0,0,0,0,0,0
DOL100.BSE_IDX,01/07/2025,12:19:33,3232.74,0,0,0,0,0,0
DOL100.BSE_IDX,01/07/2025,12:19:41,3232.93,0,0,0,0,0,0
DOL100.BSE_IDX,01/07/2025,12:19:49,3233.04,0,0,0,0,0,0
DOL100.BSE_IDX,01/07/2025,12:19:57,3233.09,0,0,0,0,0,0
DOL100.BSE_IDX,01/07/2025,12:20:05,3233.27,0,0,0,0,0,0
DOL100.BSE_IDX,01/07/2025,12:20:13,3233.05,0,0,0,0,0,0
DOL100.BSE_IDX,01/07/2025,12:20:21,3233.54,0,0,0,0,0,0
DOL100.BSE_IDX,01/07/2025,12:20:29,3234.04,0,0,0,0,0,0
DOL100.BSE_IDX,01/07/2025,12:20:37,3234.18,0,0,0,0,0,0
DOL100.BSE_IDX,01/07/2025,12:20:45,3233.89,0,0,0,0,0,0
DOL100.BSE_IDX,01/07/2025,12:20:53,3234.08,0,0,0,0,0,0
DOL100.BSE_IDX,01/07/2025,12:21:01,3234.08,0,0,0,0,0,0
DOL100.BSE_IDX,01/07/2025,12:21:09,3234.06,0,0,0,0,0,0
DOL100.BSE_IDX,01/07/2025,12:21:17,3233.72,0,0,0,0,0,0
DOL100.BSE_IDX,01/07/2025,12:21:25,3233.78,0,0,0,0,0,0
DOL100.BSE_IDX,01/07/2025,12:21:33,3233.8,0,0,0,0,0,0
DOL100.BSE_IDX,01/07/2025,12:21:41,3234.08,0,0,0,0,0,0
DOL100.BSE_IDX,01/07/2025,12:21:49,3234.22,0,0,0,0,0,0
DOL100.BSE_IDX,01/07/2025,12:21:57,3234.29,0,0,0,0,0,0
DOL100.BSE_IDX,01/07/2025,12:22:05,3234.51,0,0,0,0,0,0
DOL100.BSE_IDX,01/07/2025,12:22:13,3234.39,0,0,0,0,0,0
DOL100.BSE_IDX,01/07/2025,12:22:21,3234.34,0,0,0,0,0,0
DOL100.BSE_IDX,01/07/2025,12:22:29,3234.24,0,0,0,0,0,0
DOL100.BSE_IDX,01/07/2025,12:22:37,3234.01,0,0,0,0,0,0
DOL100.BSE_IDX,01/07/2025,12:22:45,3233.85,0,0,0,0,0,0
DOL100.BSE_IDX,01/07/2025,12:22:53,3233.83,0,0,0,0,0,0
DOL100.BSE_IDX,01/07/2025,12:23:02,3233.99,0,0,0,0,0,0
DOL100.BSE_IDX,01/07/2025,12:23:09,3233.99,0,0,0,0,0,0
DOL100.BSE_IDX,01/07/2025,12:23:17,3233.96,0,0,0,0,0,0
DOL100.BSE_IDX,01/07/2025,12:23:25,3233.89,0,0,0,0,0,0
DOL100.BSE_IDX,01/07/2025,12:23:33,3233.76,0,0,0,0,0,0
DOL100.BSE_IDX,01/07/2025,12:23:41,3233.89,0,0,0,0,0,0
DOL100.BSE_IDX,01/07/2025,12:23:49,3233.98,0,0,0,0,0,0
DOL100.BSE_IDX,01/07/2025,12:23:57,3234.01,0,0,0,0,0,0
DOL100.BSE_IDX,01/07/2025,12:24:05,3234.05,0,0,0,0,0,0
DOL100.BSE_IDX,01/07/2025,12:24:13,3234.2,0,0,0,0,0,0
DOL100.BSE_IDX,01/07/2025,12:24:21,3234.35,0,0,0,0,0,0
DOL100.BSE_IDX,01/07/2025,12:24:29,3234.25,0,0,0,0,0,0
DOL100.BSE_IDX,01/07/2025,12:24:37,3234.25,0,0,0,0,0,0
DOL100.BSE_IDX,01/07/2025,12:24:45,3234.34,0,0,0,0,0,0
DOL100.BSE_IDX,01/07/2025,12:24:53,3234.26,0,0,0,0,0,0
DOL100.BSE_IDX,01/07/2025,12:25:01,3234.32,0,0,0,0,0,0
DOL100.BSE_IDX,01/07/2025,12:25:09,3234.35,0,0,0,0,0,0
DOL100.BSE_IDX,01/07/2025,12:25:17,3234.31,0,0,0,0,0,0
DOL100.BSE_IDX,01/07/2025,12:25:25,3234.4,0,0,0,0,0,0
DOL100.BSE_IDX,01/07/2025,12:25:33,3234.57,0,0,0,0,0,0
DOL100.BSE_IDX,01/07/2025,12:25:41,3234.61,0,0,0,0,0,0
DOL100.BSE_IDX,01/07/2025,12:25:49,3234.55,0,0,0,0,0,0
DOL100.BSE_IDX,01/07/2025,12:25:57,3234.73,0,0,0,0,0,0
DOL100.BSE_IDX,01/07/2025,12:26:05,3234.72,0,0,0,0,0,0
DOL100.BSE_IDX,01/07/2025,12:26:13,3234.69,0,0,0,0,0,0
DOL100.BSE_IDX,01/07/2025,12:26:21,3234.61,0,0,0,0,0,0
DOL100.BSE_IDX,01/07/2025,12:26:31,3234.65,0,0,0,0,0,0
DOL100.BSE_IDX,01/07/2025,12:26:37,3234.93,0,0,0,0,0,0
DOL100.BSE_IDX,01/07/2025,12:26:45,3234.97,0,0,0,0,0,0
DOL100.BSE_IDX,01/07/2025,12:26:53,3234.87,0,0,0,0,0,0
DOL100.BSE_IDX,01/07/2025,12:27:01,3234.61,0,0,0,0,0,0
DOL100.BSE_IDX,01/07/2025,12:27:09,3234.57,0,0,0,0,0,0
DOL100.BSE_IDX,01/07/2025,12:27:17,3234.65,0,0,0,0,0,0
DOL100.BSE_IDX,01/07/2025,12:27:25,3234.71,0,0,0,0,0,0
DOL100.BSE_IDX,01/07/2025,12:27:33,3234.57,0,0,0,0,0,0
DOL100.BSE_IDX,01/07/2025,12:27:41,3234.71,0,0,0,0,0,0
DOL100.BSE_IDX,01/07/2025,12:27:49,3234.58,0,0,0,0,0,0
DOL100.BSE_IDX,01/07/2025,12:27:57,3234.57,0,0,0,0,0,0
DOL100.BSE_IDX,01/07/2025,12:28:05,3234.52,0,0,0,0,0,0
DOL100.BSE_IDX,01/07/2025,12:28:13,3234.63,0,0,0,0,0,0
DOL100.BSE_IDX,01/07/2025,12:28:21,3234.5,0,0,0,0,0,0
DOL100.BSE_IDX,01/07/2025,12:28:29,3234.34,0,0,0,0,0,0
DOL100.BSE_IDX,01/07/2025,12:28:37,3234.51,0,0,0,0,0,0
DOL100.BSE_IDX,01/07/2025,12:28:45,3234.19,0,0,0,0,0,0
DOL100.BSE_IDX,01/07/2025,12:28:53,3233.82,0,0,0,0,0,0
DOL100.BSE_IDX,01/07/2025,12:29:01,3233.68,0,0,0,0,0,0
DOL100.BSE_IDX,01/07/2025,12:29:10,3233.53,0,0,0,0,0,0
DOL100.BSE_IDX,01/07/2025,12:29:18,3233.59,0,0,0,0,0,0
DOL100.BSE_IDX,01/07/2025,12:29:25,3233.84,0,0,0,0,0,0
DOL100.BSE_IDX,01/07/2025,12:29:33,3233.68,0,0,0,0,0,0
DOL100.BSE_IDX,01/07/2025,12:29:41,3233.57,0,0,0,0,0,0
DOL100.BSE_IDX,01/07/2025,12:29:49,3233.54,0,0,0,0,0,0
DOL100.BSE_IDX,01/07/2025,12:29:57,3233.72,0,0,0,0,0,0
DOL100.BSE_IDX,01/07/2025,12:30:05,3234.36,0,0,0,0,0,0
DOL100.BSE_IDX,01/07/2025,12:30:13,3234.42,0,0,0,0,0,0
DOL100.BSE_IDX,01/07/2025,12:30:22,3234.32,0,0,0,0,0,0
DOL100.BSE_IDX,01/07/2025,12:30:29,3234.05,0,0,0,0,0,0
DOL100.BSE_IDX,01/07/2025,12:30:37,3233.92,0,0,0,0,0,0
DOL100.BSE_IDX,01/07/2025,12:30:45,3234,0,0,0,0,0,0
DOL100.BSE_IDX,01/07/2025,12:30:53,3234.12,0,0,0,0,0,0
DOL100.BSE_IDX,01/07/2025,12:31:01,3234.23,0,0,0,0,0,0
DOL100.BSE_IDX,01/07/2025,12:31:09,3233.74,0,0,0,0,0,0
DOL100.BSE_IDX,01/07/2025,12:31:17,3233.36,0,0,0,0,0,0
DOL100.BSE_IDX,01/07/2025,12:31:25,3233.24,0,0,0,0,0,0
DOL100.BSE_IDX,01/07/2025,12:31:34,3233.17,0,0,0,0,0,0
DOL100.BSE_IDX,01/07/2025,12:31:41,3232.97,0,0,0,0,0,0
DOL100.BSE_IDX,01/07/2025,12:31:49,3232.89,0,0,0,0,0,0
DOL100.BSE_IDX,01/07/2025,12:31:57,3232.83,0,0,0,0,0,0
DOL100.BSE_IDX,01/07/2025,12:32:05,3232.87,0,0,0,0,0,0
DOL100.BSE_IDX,01/07/2025,12:32:13,3232.99,0,0,0,0,0,0
DOL100.BSE_IDX,01/07/2025,12:32:21,3233,0,0,0,0,0,0
DOL100.BSE_IDX,01/07/2025,12:32:29,3233.06,0,0,0,0,0,0
DOL100.BSE_IDX,01/07/2025,12:32:37,3233,0,0,0,0,0,0
DOL100.BSE_IDX,01/07/2025,12:32:45,3232.96,0,0,0,0,0,0
DOL100.BSE_IDX,01/07/2025,12:32:53,3232.81,0,0,0,0,0,0
DOL100.BSE_IDX,01/07/2025,12:33:01,3232.91,0,0,0,0,0,0
DOL100.BSE_IDX,01/07/2025,12:33:09,3232.85,0,0,0,0,0,0
DOL100.BSE_IDX,01/07/2025,12:33:17,3232.72,0,0,0,0,0,0
DOL100.BSE_IDX,01/07/2025,12:33:26,3232.75,0,0,0,0,0,0
DOL100.BSE_IDX,01/07/2025,12:33:33,3232.79,0,0,0,0,0,0
DOL100.BSE_IDX,01/07/2025,12:33:41,3232.89,0,0,0,0,0,0
DOL100.BSE_IDX,01/07/2025,12:33:49,3232.82,0,0,0,0,0,0
DOL100.BSE_IDX,01/07/2025,12:33:57,3232.81,0,0,0,0,0,0
DOL100.BSE_IDX,01/07/2025,12:34:05,3232.97,0,0,0,0,0,0
DOL100.BSE_IDX,01/07/2025,12:34:13,3233.1,0,0,0,0,0,0
DOL100.BSE_IDX,01/07/2025,12:34:21,3233.14,0,0,0,0,0,0
DOL100.BSE_IDX,01/07/2025,12:34:29,3233.36,0,0,0,0,0,0
DOL100.BSE_IDX,01/07/2025,12:34:37,3233.39,0,0,0,0,0,0
DOL100.BSE_IDX,01/07/2025,12:34:45,3233.46,0,0,0,0,0,0
DOL100.BSE_IDX,01/07/2025,12:34:53,3233.65,0,0,0,0,0,0
DOL100.BSE_IDX,01/07/2025,12:35:01,3233.78,0,0,0,0,0,0
DOL100.BSE_IDX,01/07/2025,12:35:09,3233.85,0,0,0,0,0,0
DOL100.BSE_IDX,01/07/2025,12:35:17,3234,0,0,0,0,0,0
DOL100.BSE_IDX,01/07/2025,12:35:25,3234.16,0,0,0,0,0,0
DOL100.BSE_IDX,01/07/2025,12:35:33,3234.21,0,0,0,0,0,0
DOL100.BSE_IDX,01/07/2025,12:35:41,3234.1,0,0,0,0,0,0
DOL100.BSE_IDX,01/07/2025,12:35:49,3234.38,0,0,0,0,0,0
DOL100.BSE_IDX,01/07/2025,12:35:57,3234.14,0,0,0,0,0,0
DOL100.BSE_IDX,01/07/2025,12:36:05,3234.5,0,0,0,0,0,0
DOL100.BSE_IDX,01/07/2025,12:36:13,3234.55,0,0,0,0,0,0
DOL100.BSE_IDX,01/07/2025,12:36:21,3234.29,0,0,0,0,0,0
DOL100.BSE_IDX,01/07/2025,12:36:29,3234.37,0,0,0,0,0,0
DOL100.BSE_IDX,01/07/2025,12:36:37,3234.38,0,0,0,0,0,0
DOL100.BSE_IDX,01/07/2025,12:36:45,3234.53,0,0,0,0,0,0
DOL100.BSE_IDX,01/07/2025,12:36:53,3234.54,0,0,0,0,0,0
DOL100.BSE_IDX,01/07/2025,12:37:01,3234.65,0,0,0,0,0,0
DOL100.BSE_IDX,01/07/2025,12:37:09,3234.74,0,0,0,0,0,0
DOL100.BSE_IDX,01/07/2025,12:37:17,3234.63,0,0,0,0,0,0
DOL100.BSE_IDX,01/07/2025,12:37:25,3234.38,0,0,0,0,0,0
DOL100.BSE_IDX,01/07/2025,12:37:33,3234.36,0,0,0,0,0,0
DOL100.BSE_IDX,01/07/2025,12:37:41,3234.13,0,0,0,0,0,0
DOL100.BSE_IDX,01/07/2025,12:37:49,3234.08,0,0,0,0,0,0
DOL100.BSE_IDX,01/07/2025,12:37:57,3233.95,0,0,0,0,0,0
DOL100.BSE_IDX,01/07/2025,12:38:05,3234.02,0,0,0,0,0,0
DOL100.BSE_IDX,01/07/2025,12:38:13,3234.05,0,0,0,0,0,0
DOL100.BSE_IDX,01/07/2025,12:38:22,3234.27,0,0,0,0,0,0
DOL100.BSE_IDX,01/07/2025,12:38:29,3234.2,0,0,0,0,0,0
DOL100.BSE_IDX,01/07/2025,12:38:39,3234.29,0,0,0,0,0,0
DOL100.BSE_IDX,01/07/2025,12:38:45,3234.3,0,0,0,0,0,0
DOL100.BSE_IDX,01/07/2025,12:38:53,3234.44,0,0,0,0,0,0
DOL100.BSE_IDX,01/07/2025,12:39:01,3234.4,0,0,0,0,0,0
DOL100.BSE_IDX,01/07/2025,12:39:10,3234.21,0,0,0,0,0,0
DOL100.BSE_IDX,01/07/2025,12:39:17,3234.39,0,0,0,0,0,0
DOL100.BSE_IDX,01/07/2025,12:39:25,3234.35,0,0,0,0,0,0
DOL100.BSE_IDX,01/07/2025,12:39:34,3234.32,0,0,0,0,0,0
DOL100.BSE_IDX,01/07/2025,12:39:42,3234.45,0,0,0,0,0,0
DOL100.BSE_IDX,01/07/2025,12:39:49,3234.45,0,0,0,0,0,0
DOL100.BSE_IDX,01/07/2025,12:39:57,3234.44,0,0,0,0,0,0
DOL100.BSE_IDX,01/07/2025,12:40:05,3234.57,0,0,0,0,0,0
DOL100.BSE_IDX,01/07/2025,12:40:14,3234.4,0,0,0,0,0,0
DOL100.BSE_IDX,01/07/2025,12:40:21,3234.46,0,0,0,0,0,0
DOL100.BSE_IDX,01/07/2025,12:40:29,3234.38,0,0,0,0,0,0
DOL100.BSE_IDX,01/07/2025,12:40:37,3234.45,0,0,0,0,0,0
DOL100.BSE_IDX,01/07/2025,12:40:45,3234.39,0,0,0,0,0,0
DOL100.BSE_IDX,01/07/2025,12:40:54,3234.44,0,0,0,0,0,0
DOL100.BSE_IDX,01/07/2025,12:41:01,3234.41,0,0,0,0,0,0
DOL100.BSE_IDX,01/07/2025,12:41:09,3234.27,0,0,0,0,0,0
DOL100.BSE_IDX,01/07/2025,12:41:17,3234.31,0,0,0,0,0,0
DOL100.BSE_IDX,01/07/2025,12:41:25,3234.25,0,0,0,0,0,0
DOL100.BSE_IDX,01/07/2025,12:41:33,3234.25,0,0,0,0,0,0
DOL100.BSE_IDX,01/07/2025,12:41:41,3234.32,0,0,0,0,0,0
DOL100.BSE_IDX,01/07/2025,12:41:49,3234.53,0,0,0,0,0,0
DOL100.BSE_IDX,01/07/2025,12:41:57,3234.48,0,0,0,0,0,0
DOL100.BSE_IDX,01/07/2025,12:42:05,3234.39,0,0,0,0,0,0
DOL100.BSE_IDX,01/07/2025,12:42:13,3234.44,0,0,0,0,0,0
DOL100.BSE_IDX,01/07/2025,12:42:21,3234.43,0,0,0,0,0,0
DOL100.BSE_IDX,01/07/2025,12:42:29,3234.62,0,0,0,0,0,0
DOL100.BSE_IDX,01/07/2025,12:42:37,3234.51,0,0,0,0,0,0
DOL100.BSE_IDX,01/07/2025,12:42:45,3234.52,0,0,0,0,0,0
DOL100.BSE_IDX,01/07/2025,12:42:53,3234.53,0,0,0,0,0,0
DOL100.BSE_IDX,01/07/2025,12:43:01,3234.62,0,0,0,0,0,0
DOL100.BSE_IDX,01/07/2025,12:43:10,3234.6,0,0,0,0,0,0
DOL100.BSE_IDX,01/07/2025,12:43:17,3234.61,0,0,0,0,0,0
DOL100.BSE_IDX,01/07/2025,12:43:26,3234.66,0,0,0,0,0,0
DOL100.BSE_IDX,01/07/2025,12:43:33,3234.63,0,0,0,0,0,0
DOL100.BSE_IDX,01/07/2025,12:43:41,3234.3,0,0,0,0,0,0
DOL100.BSE_IDX,01/07/2025,12:43:49,3234.29,0,0,0,0,0,0
DOL100.BSE_IDX,01/07/2025,12:43:58,3234.26,0,0,0,0,0,0
DOL100.BSE_IDX,01/07/2025,12:44:05,3234.33,0,0,0,0,0,0
DOL100.BSE_IDX,01/07/2025,12:44:14,3234.25,0,0,0,0,0,0
DOL100.BSE_IDX,01/07/2025,12:44:21,3233.95,0,0,0,0,0,0
DOL100.BSE_IDX,01/07/2025,12:44:29,3233.89,0,0,0,0,0,0
DOL100.BSE_IDX,01/07/2025,12:44:38,3233.85,0,0,0,0,0,0
DOL100.BSE_IDX,01/07/2025,12:44:45,3233.92,0,0,0,0,0,0
DOL100.BSE_IDX,01/07/2025,12:44:53,3233.77,0,0,0,0,0,0
DOL100.BSE_IDX,01/07/2025,12:45:01,3233.81,0,0,0,0,0,0
DOL100.BSE_IDX,01/07/2025,12:45:11,3233.8,0,0,0,0,0,0
DOL100.BSE_IDX,01/07/2025,12:45:17,3233.69,0,0,0,0,0,0
DOL100.BSE_IDX,01/07/2025,12:45:25,3233.68,0,0,0,0,0,0
DOL100.BSE_IDX,01/07/2025,12:45:34,3233.75,0,0,0,0,0,0
DOL100.BSE_IDX,01/07/2025,12:45:42,3233.59,0,0,0,0,0,0
DOL100.BSE_IDX,01/07/2025,12:45:50,3233.7,0,0,0,0,0,0
DOL100.BSE_IDX,01/07/2025,12:45:58,3233.62,0,0,0,0,0,0
DOL100.BSE_IDX,01/07/2025,12:46:06,3233.69,0,0,0,0,0,0
DOL100.BSE_IDX,01/07/2025,12:46:14,3233.6,0,0,0,0,0,0
DOL100.BSE_IDX,01/07/2025,12:46:22,3233.6,0,0,0,0,0,0
DOL100.BSE_IDX,01/07/2025,12:46:30,3233.44,0,0,0,0,0,0
DOL100.BSE_IDX,01/07/2025,12:46:38,3233.39,0,0,0,0,0,0
DOL100.BSE_IDX,01/07/2025,12:46:46,3233.51,0,0,0,0,0,0
DOL100.BSE_IDX,01/07/2025,12:46:54,3233.25,0,0,0,0,0,0
DOL100.BSE_IDX,01/07/2025,12:47:02,3233.29,0,0,0,0,0,0
DOL100.BSE_IDX,01/07/2025,12:47:10,3233.27,0,0,0,0,0,0
DOL100.BSE_IDX,01/07/2025,12:47:18,3233.3,0,0,0,0,0,0
DOL100.BSE_IDX,01/07/2025,12:47:26,3233.33,0,0,0,0,0,0
DOL100.BSE_IDX,01/07/2025,12:47:34,3233.48,0,0,0,0,0,0
DOL100.BSE_IDX,01/07/2025,12:47:42,3233.25,0,0,0,0,0,0
DOL100.BSE_IDX,01/07/2025,12:47:50,3233.43,0,0,0,0,0,0
DOL100.BSE_IDX,01/07/2025,12:47:58,3233.48,0,0,0,0,0,0
DOL100.BSE_IDX,01/07/2025,12:48:06,3233.57,0,0,0,0,0,0
DOL100.BSE_IDX,01/07/2025,12:48:14,3233.7,0,0,0,0,0,0
DOL100.BSE_IDX,01/07/2025,12:48:22,3233.68,0,0,0,0,0,0
DOL100.BSE_IDX,01/07/2025,12:48:30,3233.89,0,0,0,0,0,0
DOL100.BSE_IDX,01/07/2025,12:48:38,3233.86,0,0,0,0,0,0
DOL100.BSE_IDX,01/07/2025,12:48:46,3233.79,0,0,0,0,0,0
DOL100.BSE_IDX,01/07/2025,12:48:54,3233.85,0,0,0,0,0,0
DOL100.BSE_IDX,01/07/2025,12:49:02,3233.81,0,0,0,0,0,0
DOL100.BSE_IDX,01/07/2025,12:49:10,3233.85,0,0,0,0,0,0
DOL100.BSE_IDX,01/07/2025,12:49:18,3233.78,0,0,0,0,0,0
DOL100.BSE_IDX,01/07/2025,12:49:26,3233.78,0,0,0,0,0,0
DOL100.BSE_IDX,01/07/2025,12:49:34,3233.75,0,0,0,0,0,0
DOL100.BSE_IDX,01/07/2025,12:49:42,3233.85,0,0,0,0,0,0
DOL100.BSE_IDX,01/07/2025,12:49:50,3234.02,0,0,0,0,0,0
DOL100.BSE_IDX,01/07/2025,12:49:58,3234.08,0,0,0,0,0,0
DOL100.BSE_IDX,01/07/2025,12:50:06,3234.14,0,0,0,0,0,0
DOL100.BSE_IDX,01/07/2025,12:50:14,3234.07,0,0,0,0,0,0
DOL100.BSE_IDX,01/07/2025,12:50:22,3234.16,0,0,0,0,0,0
DOL100.BSE_IDX,01/07/2025,12:50:30,3234.21,0,0,0,0,0,0
DOL100.BSE_IDX,01/07/2025,12:50:38,3234.17,0,0,0,0,0,0
DOL100.BSE_IDX,01/07/2025,12:50:47,3234.25,0,0,0,0,0,0
DOL100.BSE_IDX,01/07/2025,12:50:54,3234.27,0,0,0,0,0,0
DOL100.BSE_IDX,01/07/2025,12:51:02,3234.27,0,0,0,0,0,0
DOL100.BSE_IDX,01/07/2025,12:51:10,3234.4,0,0,0,0,0,0
DOL100.BSE_IDX,01/07/2025,12:51:19,3234.55,0,0,0,0,0,0
DOL100.BSE_IDX,01/07/2025,12:51:26,3234.44,0,0,0,0,0,0
DOL100.BSE_IDX,01/07/2025,12:51:34,3234.48,0,0,0,0,0,0
DOL100.BSE_IDX,01/07/2025,12:51:42,3234.44,0,0,0,0,0,0
DOL100.BSE_IDX,01/07/2025,12:51:50,3234.36,0,0,0,0,0,0
DOL100.BSE_IDX,01/07/2025,12:51:58,3234.38,0,0,0,0,0,0
DOL100.BSE_IDX,01/07/2025,12:52:06,3234.28,0,0,0,0,0,0
DOL100.BSE_IDX,01/07/2025,12:52:14,3234.25,0,0,0,0,0,0
DOL100.BSE_IDX,01/07/2025,12:52:22,3234.35,0,0,0,0,0,0
DOL100.BSE_IDX,01/07/2025,12:52:30,3234.38,0,0,0,0,0,0
DOL100.BSE_IDX,01/07/2025,12:52:38,3234.31,0,0,0,0,0,0
DOL100.BSE_IDX,01/07/2025,12:52:46,3234.28,0,0,0,0,0,0
DOL100.BSE_IDX,01/07/2025,12:52:54,3234.32,0,0,0,0,0,0
DOL100.BSE_IDX,01/07/2025,12:53:02,3234.35,0,0,0,0,0,0
DOL100.BSE_IDX,01/07/2025,12:53:10,3234.37,0,0,0,0,0,0
DOL100.BSE_IDX,01/07/2025,12:53:18,3234.29,0,0,0,0,0,0
DOL100.BSE_IDX,01/07/2025,12:53:26,3234.12,0,0,0,0,0,0
DOL100.BSE_IDX,01/07/2025,12:53:34,3234.05,0,0,0,0,0,0
DOL100.BSE_IDX,01/07/2025,12:53:42,3233.84,0,0,0,0,0,0
DOL100.BSE_IDX,01/07/2025,12:53:50,3233.8,0,0,0,0,0,0
DOL100.BSE_IDX,01/07/2025,12:53:58,3233.84,0,0,0,0,0,0
DOL100.BSE_IDX,01/07/2025,12:54:06,3233.89,0,0,0,0,0,0
DOL100.BSE_IDX,01/07/2025,12:54:14,3233.75,0,0,0,0,0,0
DOL100.BSE_IDX,01/07/2025,12:54:22,3233.68,0,0,0,0,0,0
DOL100.BSE_IDX,01/07/2025,12:54:30,3233.66,0,0,0,0,0,0
DOL100.BSE_IDX,01/07/2025,12:54:38,3233.63,0,0,0,0,0,0
DOL100.BSE_IDX,01/07/2025,12:54:46,3233.53,0,0,0,0,0,0
DOL100.BSE_IDX,01/07/2025,12:54:54,3233.44,0,0,0,0,0,0
DOL100.BSE_IDX,01/07/2025,12:55:02,3233.39,0,0,0,0,0,0
DOL100.BSE_IDX,01/07/2025,12:55:10,3233.22,0,0,0,0,0,0
DOL100.BSE_IDX,01/07/2025,12:55:18,3233.31,0,0,0,0,0,0
DOL100.BSE_IDX,01/07/2025,12:55:26,3233.37,0,0,0,0,0,0
DOL100.BSE_IDX,01/07/2025,12:55:34,3233.6,0,0,0,0,0,0
DOL100.BSE_IDX,01/07/2025,12:55:42,3233.69,0,0,0,0,0,0
DOL100.BSE_IDX,01/07/2025,12:55:50,3233.73,0,0,0,0,0,0
DOL100.BSE_IDX,01/07/2025,12:55:58,3233.83,0,0,0,0,0,0
DOL100.BSE_IDX,01/07/2025,12:56:06,3233.65,0,0,0,0,0,0
DOL100.BSE_IDX,01/07/2025,12:56:15,3233.78,0,0,0,0,0,0
DOL100.BSE_IDX,01/07/2025,12:56:22,3234.02,0,0,0,0,0,0
DOL100.BSE_IDX,01/07/2025,12:56:30,3233.84,0,0,0,0,0,0
DOL100.BSE_IDX,01/07/2025,12:56:38,3233.63,0,0,0,0,0,0
DOL100.BSE_IDX,01/07/2025,12:56:46,3233.4,0,0,0,0,0,0
DOL100.BSE_IDX,01/07/2025,12:56:54,3233.54,0,0,0,0,0,0
DOL100.BSE_IDX,01/07/2025,12:57:02,3233.25,0,0,0,0,0,0
DOL100.BSE_IDX,01/07/2025,12:57:10,3233.18,0,0,0,0,0,0
DOL100.BSE_IDX,01/07/2025,12:57:18,3233.23,0,0,0,0,0,0
DOL100.BSE_IDX,01/07/2025,12:57:26,3233.03,0,0,0,0,0,0
DOL100.BSE_IDX,01/07/2025,12:57:34,3233.17,0,0,0,0,0,0
DOL100.BSE_IDX,01/07/2025,12:57:42,3233.18,0,0,0,0,0,0
DOL100.BSE_IDX,01/07/2025,12:57:51,3233.13,0,0,0,0,0,0
DOL100.BSE_IDX,01/07/2025,12:57:58,3233.01,0,0,0,0,0,0
DOL100.BSE_IDX,01/07/2025,12:58:06,3233.17,0,0,0,0,0,0
DOL100.BSE_IDX,01/07/2025,12:58:14,3233.17,0,0,0,0,0,0
DOL100.BSE_IDX,01/07/2025,12:58:22,3233.12,0,0,0,0,0,0
DOL100.BSE_IDX,01/07/2025,12:58:30,3233.16,0,0,0,0,0,0
