Ticker,Date,Time,LTP,BuyPrice,BuyQty,SellPrice,SellQty,LTQ,OpenInterest
DOL200.BSE_IDX,01/07/2025,09:00:07,2265.13,0,0,0,0,0,0
DOL200.BSE_IDX,01/07/2025,09:00:15,2264.41,0,0,0,0,0,0
DOL200.BSE_IDX,01/07/2025,09:00:23,2263.59,0,0,0,0,0,0
DOL200.BSE_IDX,01/07/2025,09:00:31,2264.31,0,0,0,0,0,0
DOL200.BSE_IDX,01/07/2025,09:00:39,2262.74,0,0,0,0,0,0
DOL200.BSE_IDX,01/07/2025,09:00:47,2260.36,0,0,0,0,0,0
DOL200.BSE_IDX,01/07/2025,09:00:55,2260.51,0,0,0,0,0,0
DOL200.BSE_IDX,01/07/2025,09:01:03,2260.49,0,0,0,0,0,0
DOL200.BSE_IDX,01/07/2025,09:01:11,2260.56,0,0,0,0,0,0
DOL200.BSE_IDX,01/07/2025,09:01:19,2261.38,0,0,0,0,0,0
DOL200.BSE_IDX,01/07/2025,09:01:27,2260.9,0,0,0,0,0,0
DOL200.BSE_IDX,01/07/2025,09:01:35,2259.91,0,0,0,0,0,0
DOL200.BSE_IDX,01/07/2025,09:01:43,2259.09,0,0,0,0,0,0
DOL200.BSE_IDX,01/07/2025,09:01:51,2257.87,0,0,0,0,0,0
DOL200.BSE_IDX,01/07/2025,09:01:59,2258.4,0,0,0,0,0,0
DOL200.BSE_IDX,01/07/2025,09:02:07,2258.69,0,0,0,0,0,0
DOL200.BSE_IDX,01/07/2025,09:02:15,2258.84,0,0,0,0,0,0
DOL200.BSE_IDX,01/07/2025,09:02:23,2258.55,0,0,0,0,0,0
DOL200.BSE_IDX,01/07/2025,09:02:31,2259.19,0,0,0,0,0,0
DOL200.BSE_IDX,01/07/2025,09:02:39,2259.21,0,0,0,0,0,0
DOL200.BSE_IDX,01/07/2025,09:02:47,2258.63,0,0,0,0,0,0
DOL200.BSE_IDX,01/07/2025,09:02:55,2258.71,0,0,0,0,0,0
DOL200.BSE_IDX,01/07/2025,09:03:03,2260,0,0,0,0,0,0
DOL200.BSE_IDX,01/07/2025,09:03:11,2259.73,0,0,0,0,0,0
DOL200.BSE_IDX,01/07/2025,09:03:19,2259.57,0,0,0,0,0,0
DOL200.BSE_IDX,01/07/2025,09:03:27,2259.08,0,0,0,0,0,0
DOL200.BSE_IDX,01/07/2025,09:03:35,2259.22,0,0,0,0,0,0
DOL200.BSE_IDX,01/07/2025,09:03:43,2258.99,0,0,0,0,0,0
DOL200.BSE_IDX,01/07/2025,09:03:51,2258.24,0,0,0,0,0,0
DOL200.BSE_IDX,01/07/2025,09:03:59,2257.17,0,0,0,0,0,0
DOL200.BSE_IDX,01/07/2025,09:04:07,2256.94,0,0,0,0,0,0
DOL200.BSE_IDX,01/07/2025,09:04:15,2256.68,0,0,0,0,0,0
DOL200.BSE_IDX,01/07/2025,09:04:23,2256.74,0,0,0,0,0,0
DOL200.BSE_IDX,01/07/2025,09:04:31,2256.7,0,0,0,0,0,0
DOL200.BSE_IDX,01/07/2025,09:04:39,2256.65,0,0,0,0,0,0
DOL200.BSE_IDX,01/07/2025,09:04:47,2256.16,0,0,0,0,0,0
DOL200.BSE_IDX,01/07/2025,09:04:55,2255.55,0,0,0,0,0,0
DOL200.BSE_IDX,01/07/2025,09:05:03,2255.6,0,0,0,0,0,0
DOL200.BSE_IDX,01/07/2025,09:05:11,2255.3,0,0,0,0,0,0
DOL200.BSE_IDX,01/07/2025,09:05:19,2256.32,0,0,0,0,0,0
DOL200.BSE_IDX,01/07/2025,09:05:27,2256.28,0,0,0,0,0,0
DOL200.BSE_IDX,01/07/2025,09:05:35,2256.45,0,0,0,0,0,0
DOL200.BSE_IDX,01/07/2025,09:05:43,2256.2,0,0,0,0,0,0
DOL200.BSE_IDX,01/07/2025,09:05:51,2256.36,0,0,0,0,0,0
DOL200.BSE_IDX,01/07/2025,09:05:59,2256.95,0,0,0,0,0,0
DOL200.BSE_IDX,01/07/2025,09:06:07,2256.91,0,0,0,0,0,0
DOL200.BSE_IDX,01/07/2025,09:06:15,2256.98,0,0,0,0,0,0
DOL200.BSE_IDX,01/07/2025,09:06:23,2257.43,0,0,0,0,0,0
DOL200.BSE_IDX,01/07/2025,09:06:31,2257.96,0,0,0,0,0,0
DOL200.BSE_IDX,01/07/2025,09:06:39,2257.98,0,0,0,0,0,0
DOL200.BSE_IDX,01/07/2025,09:06:47,2257.41,0,0,0,0,0,0
DOL200.BSE_IDX,01/07/2025,09:06:55,2257.64,0,0,0,0,0,0
DOL200.BSE_IDX,01/07/2025,09:07:04,2257.7,0,0,0,0,0,0
DOL200.BSE_IDX,01/07/2025,09:07:11,2257.7,0,0,0,0,0,0
DOL200.BSE_IDX,01/07/2025,09:07:19,2257.7,0,0,0,0,0,0
DOL200.BSE_IDX,01/07/2025,09:07:27,2257.7,0,0,0,0,0,0
DOL200.BSE_IDX,01/07/2025,09:07:35,2257.7,0,0,0,0,0,0
DOL200.BSE_IDX,01/07/2025,09:07:43,2257.7,0,0,0,0,0,0
DOL200.BSE_IDX,01/07/2025,09:07:51,2257.7,0,0,0,0,0,0
DOL200.BSE_IDX,01/07/2025,09:07:59,2257.7,0,0,0,0,0,0
DOL200.BSE_IDX,01/07/2025,09:08:07,2257.7,0,0,0,0,0,0
DOL200.BSE_IDX,01/07/2025,09:08:15,2257.7,0,0,0,0,0,0
DOL200.BSE_IDX,01/07/2025,09:08:23,2257.7,0,0,0,0,0,0
DOL200.BSE_IDX,01/07/2025,09:08:31,2257.7,0,0,0,0,0,0
DOL200.BSE_IDX,01/07/2025,09:08:39,2257.7,0,0,0,0,0,0
DOL200.BSE_IDX,01/07/2025,09:08:47,2257.7,0,0,0,0,0,0
DOL200.BSE_IDX,01/07/2025,09:08:55,2257.7,0,0,0,0,0,0
DOL200.BSE_IDX,01/07/2025,09:09:03,2257.62,0,0,0,0,0,0
DOL200.BSE_IDX,01/07/2025,09:09:11,2257.62,0,0,0,0,0,0
DOL200.BSE_IDX,01/07/2025,09:09:19,2257.62,0,0,0,0,0,0
DOL200.BSE_IDX,01/07/2025,09:09:27,2257.62,0,0,0,0,0,0
DOL200.BSE_IDX,01/07/2025,09:09:35,2257.62,0,0,0,0,0,0
DOL200.BSE_IDX,01/07/2025,09:09:43,2257.62,0,0,0,0,0,0
DOL200.BSE_IDX,01/07/2025,09:09:51,2257.62,0,0,0,0,0,0
DOL200.BSE_IDX,01/07/2025,09:09:59,2257.62,0,0,0,0,0,0
DOL200.BSE_IDX,01/07/2025,09:10:07,2257.62,0,0,0,0,0,0
DOL200.BSE_IDX,01/07/2025,09:10:15,2257.62,0,0,0,0,0,0
DOL200.BSE_IDX,01/07/2025,09:10:23,2257.62,0,0,0,0,0,0
DOL200.BSE_IDX,01/07/2025,09:10:31,2257.62,0,0,0,0,0,0
DOL200.BSE_IDX,01/07/2025,09:10:39,2257.62,0,0,0,0,0,0
DOL200.BSE_IDX,01/07/2025,09:10:47,2257.62,0,0,0,0,0,0
DOL200.BSE_IDX,01/07/2025,09:10:55,2257.62,0,0,0,0,0,0
DOL200.BSE_IDX,01/07/2025,09:11:03,2257.62,0,0,0,0,0,0
DOL200.BSE_IDX,01/07/2025,09:11:11,2257.62,0,0,0,0,0,0
DOL200.BSE_IDX,01/07/2025,09:11:19,2257.62,0,0,0,0,0,0
DOL200.BSE_IDX,01/07/2025,09:11:27,2257.62,0,0,0,0,0,0
DOL200.BSE_IDX,01/07/2025,09:11:35,2257.62,0,0,0,0,0,0
DOL200.BSE_IDX,01/07/2025,09:11:43,2257.62,0,0,0,0,0,0
DOL200.BSE_IDX,01/07/2025,09:11:51,2257.62,0,0,0,0,0,0
DOL200.BSE_IDX,01/07/2025,09:11:59,2257.62,0,0,0,0,0,0
DOL200.BSE_IDX,01/07/2025,09:12:07,2257.62,0,0,0,0,0,0
DOL200.BSE_IDX,01/07/2025,09:12:16,2257.62,0,0,0,0,0,0
DOL200.BSE_IDX,01/07/2025,09:12:23,2257.62,0,0,0,0,0,0
DOL200.BSE_IDX,01/07/2025,09:12:31,2257.62,0,0,0,0,0,0
DOL200.BSE_IDX,01/07/2025,09:12:39,2257.62,0,0,0,0,0,0
DOL200.BSE_IDX,01/07/2025,09:12:47,2257.62,0,0,0,0,0,0
DOL200.BSE_IDX,01/07/2025,09:12:55,2257.62,0,0,0,0,0,0
DOL200.BSE_IDX,01/07/2025,09:13:03,2257.62,0,0,0,0,0,0
DOL200.BSE_IDX,01/07/2025,09:13:11,2257.62,0,0,0,0,0,0
DOL200.BSE_IDX,01/07/2025,09:13:19,2257.62,0,0,0,0,0,0
DOL200.BSE_IDX,01/07/2025,09:13:27,2257.62,0,0,0,0,0,0
DOL200.BSE_IDX,01/07/2025,09:13:35,2257.62,0,0,0,0,0,0
DOL200.BSE_IDX,01/07/2025,09:13:43,2257.62,0,0,0,0,0,0
DOL200.BSE_IDX,01/07/2025,09:13:51,2257.62,0,0,0,0,0,0
DOL200.BSE_IDX,01/07/2025,09:13:59,2257.62,0,0,0,0,0,0
DOL200.BSE_IDX,01/07/2025,09:14:07,2257.62,0,0,0,0,0,0
DOL200.BSE_IDX,01/07/2025,09:14:15,2257.62,0,0,0,0,0,0
DOL200.BSE_IDX,01/07/2025,09:14:23,2257.62,0,0,0,0,0,0
DOL200.BSE_IDX,01/07/2025,09:14:31,2257.62,0,0,0,0,0,0
DOL200.BSE_IDX,01/07/2025,09:14:39,2257.62,0,0,0,0,0,0
DOL200.BSE_IDX,01/07/2025,09:14:47,2257.62,0,0,0,0,0,0
DOL200.BSE_IDX,01/07/2025,09:14:55,2257.62,0,0,0,0,0,0
DOL200.BSE_IDX,01/07/2025,09:15:04,2258.25,0,0,0,0,0,0
DOL200.BSE_IDX,01/07/2025,09:15:11,2258.67,0,0,0,0,0,0
DOL200.BSE_IDX,01/07/2025,09:15:19,2257.7,0,0,0,0,0,0
DOL200.BSE_IDX,01/07/2025,09:15:27,2256.69,0,0,0,0,0,0
DOL200.BSE_IDX,01/07/2025,09:15:35,2256.68,0,0,0,0,0,0
DOL200.BSE_IDX,01/07/2025,09:15:43,2256.47,0,0,0,0,0,0
DOL200.BSE_IDX,01/07/2025,09:15:51,2256.11,0,0,0,0,0,0
DOL200.BSE_IDX,01/07/2025,09:15:59,2255.57,0,0,0,0,0,0
DOL200.BSE_IDX,01/07/2025,09:16:07,2255.46,0,0,0,0,0,0
DOL200.BSE_IDX,01/07/2025,09:16:15,2255.96,0,0,0,0,0,0
DOL200.BSE_IDX,01/07/2025,09:16:24,2256.12,0,0,0,0,0,0
DOL200.BSE_IDX,01/07/2025,09:16:31,2255.94,0,0,0,0,0,0
DOL200.BSE_IDX,01/07/2025,09:16:39,2255.86,0,0,0,0,0,0
DOL200.BSE_IDX,01/07/2025,09:16:48,2255.44,0,0,0,0,0,0
DOL200.BSE_IDX,01/07/2025,09:16:55,2255.51,0,0,0,0,0,0
DOL200.BSE_IDX,01/07/2025,09:17:03,2255.72,0,0,0,0,0,0
DOL200.BSE_IDX,01/07/2025,09:17:12,2255.2,0,0,0,0,0,0
DOL200.BSE_IDX,01/07/2025,09:17:19,2255.22,0,0,0,0,0,0
DOL200.BSE_IDX,01/07/2025,09:17:27,2255.36,0,0,0,0,0,0
DOL200.BSE_IDX,01/07/2025,09:17:35,2255.61,0,0,0,0,0,0
DOL200.BSE_IDX,01/07/2025,09:17:44,2256.17,0,0,0,0,0,0
DOL200.BSE_IDX,01/07/2025,09:17:51,2256.44,0,0,0,0,0,0
DOL200.BSE_IDX,01/07/2025,09:17:59,2256.37,0,0,0,0,0,0
DOL200.BSE_IDX,01/07/2025,09:18:07,2256.68,0,0,0,0,0,0
DOL200.BSE_IDX,01/07/2025,09:18:15,2256.63,0,0,0,0,0,0
DOL200.BSE_IDX,01/07/2025,09:18:23,2256.55,0,0,0,0,0,0
DOL200.BSE_IDX,01/07/2025,09:18:31,2256.44,0,0,0,0,0,0
DOL200.BSE_IDX,01/07/2025,09:18:39,2256.62,0,0,0,0,0,0
DOL200.BSE_IDX,01/07/2025,09:18:47,2256.7,0,0,0,0,0,0
DOL200.BSE_IDX,01/07/2025,09:18:56,2256.71,0,0,0,0,0,0
DOL200.BSE_IDX,01/07/2025,09:19:03,2256.59,0,0,0,0,0,0
DOL200.BSE_IDX,01/07/2025,09:19:11,2256.36,0,0,0,0,0,0
DOL200.BSE_IDX,01/07/2025,09:19:19,2256.4,0,0,0,0,0,0
DOL200.BSE_IDX,01/07/2025,09:19:28,2256.26,0,0,0,0,0,0
DOL200.BSE_IDX,01/07/2025,09:19:35,2256.54,0,0,0,0,0,0
DOL200.BSE_IDX,01/07/2025,09:19:43,2256.4,0,0,0,0,0,0
DOL200.BSE_IDX,01/07/2025,09:19:52,2256.5,0,0,0,0,0,0
DOL200.BSE_IDX,01/07/2025,09:19:59,2256.37,0,0,0,0,0,0
DOL200.BSE_IDX,01/07/2025,09:20:07,2256.65,0,0,0,0,0,0
DOL200.BSE_IDX,01/07/2025,09:20:15,2256.89,0,0,0,0,0,0
DOL200.BSE_IDX,01/07/2025,09:20:24,2256.67,0,0,0,0,0,0
DOL200.BSE_IDX,01/07/2025,09:20:31,2256.92,0,0,0,0,0,0
DOL200.BSE_IDX,01/07/2025,09:20:39,2256.9,0,0,0,0,0,0
DOL200.BSE_IDX,01/07/2025,09:20:47,2256.84,0,0,0,0,0,0
DOL200.BSE_IDX,01/07/2025,09:20:55,2256.63,0,0,0,0,0,0
DOL200.BSE_IDX,01/07/2025,09:21:03,2256.64,0,0,0,0,0,0
DOL200.BSE_IDX,01/07/2025,09:21:11,2256.88,0,0,0,0,0,0
DOL200.BSE_IDX,01/07/2025,09:21:19,2257.52,0,0,0,0,0,0
DOL200.BSE_IDX,01/07/2025,09:21:27,2257.49,0,0,0,0,0,0
DOL200.BSE_IDX,01/07/2025,09:21:36,2257.62,0,0,0,0,0,0
DOL200.BSE_IDX,01/07/2025,09:21:43,2257.91,0,0,0,0,0,0
DOL200.BSE_IDX,01/07/2025,09:21:51,2258.06,0,0,0,0,0,0
DOL200.BSE_IDX,01/07/2025,09:21:59,2258.11,0,0,0,0,0,0
DOL200.BSE_IDX,01/07/2025,09:22:07,2258.02,0,0,0,0,0,0
DOL200.BSE_IDX,01/07/2025,09:22:15,2258.03,0,0,0,0,0,0
DOL200.BSE_IDX,01/07/2025,09:22:23,2258.48,0,0,0,0,0,0
DOL200.BSE_IDX,01/07/2025,09:22:31,2258.75,0,0,0,0,0,0
DOL200.BSE_IDX,01/07/2025,09:22:39,2258.77,0,0,0,0,0,0
DOL200.BSE_IDX,01/07/2025,09:22:47,2258.88,0,0,0,0,0,0
DOL200.BSE_IDX,01/07/2025,09:22:55,2258.89,0,0,0,0,0,0
DOL200.BSE_IDX,01/07/2025,09:23:03,2258.83,0,0,0,0,0,0
DOL200.BSE_IDX,01/07/2025,09:23:11,2258.64,0,0,0,0,0,0
DOL200.BSE_IDX,01/07/2025,09:23:19,2258.43,0,0,0,0,0,0
DOL200.BSE_IDX,01/07/2025,09:23:27,2258.24,0,0,0,0,0,0
DOL200.BSE_IDX,01/07/2025,09:23:35,2258.09,0,0,0,0,0,0
DOL200.BSE_IDX,01/07/2025,09:23:44,2258.01,0,0,0,0,0,0
DOL200.BSE_IDX,01/07/2025,09:23:51,2257.72,0,0,0,0,0,0
DOL200.BSE_IDX,01/07/2025,09:23:59,2257.66,0,0,0,0,0,0
DOL200.BSE_IDX,01/07/2025,09:24:08,2257.97,0,0,0,0,0,0
DOL200.BSE_IDX,01/07/2025,09:24:15,2257.96,0,0,0,0,0,0
DOL200.BSE_IDX,01/07/2025,09:24:23,2257.95,0,0,0,0,0,0
DOL200.BSE_IDX,01/07/2025,09:24:32,2257.82,0,0,0,0,0,0
DOL200.BSE_IDX,01/07/2025,09:24:39,2257.81,0,0,0,0,0,0
DOL200.BSE_IDX,01/07/2025,09:24:48,2257.96,0,0,0,0,0,0
DOL200.BSE_IDX,01/07/2025,09:24:57,2257.87,0,0,0,0,0,0
DOL200.BSE_IDX,01/07/2025,09:25:03,2257.93,0,0,0,0,0,0
DOL200.BSE_IDX,01/07/2025,09:25:12,2258.12,0,0,0,0,0,0
DOL200.BSE_IDX,01/07/2025,09:25:19,2258.28,0,0,0,0,0,0
DOL200.BSE_IDX,01/07/2025,09:25:29,2258.19,0,0,0,0,0,0
DOL200.BSE_IDX,01/07/2025,09:25:35,2258.64,0,0,0,0,0,0
DOL200.BSE_IDX,01/07/2025,09:25:43,2258.64,0,0,0,0,0,0
DOL200.BSE_IDX,01/07/2025,09:25:51,2258.67,0,0,0,0,0,0
DOL200.BSE_IDX,01/07/2025,09:25:59,2258.7,0,0,0,0,0,0
DOL200.BSE_IDX,01/07/2025,09:26:08,2258.47,0,0,0,0,0,0
DOL200.BSE_IDX,01/07/2025,09:26:15,2258.35,0,0,0,0,0,0
DOL200.BSE_IDX,01/07/2025,09:26:23,2258.6,0,0,0,0,0,0
DOL200.BSE_IDX,01/07/2025,09:26:31,2258.7,0,0,0,0,0,0
DOL200.BSE_IDX,01/07/2025,09:26:39,2258.71,0,0,0,0,0,0
DOL200.BSE_IDX,01/07/2025,09:26:48,2258.73,0,0,0,0,0,0
DOL200.BSE_IDX,01/07/2025,09:26:55,2258.93,0,0,0,0,0,0
DOL200.BSE_IDX,01/07/2025,09:27:04,2259.06,0,0,0,0,0,0
DOL200.BSE_IDX,01/07/2025,09:27:12,2258.91,0,0,0,0,0,0
DOL200.BSE_IDX,01/07/2025,09:27:19,2259.01,0,0,0,0,0,0
DOL200.BSE_IDX,01/07/2025,09:27:28,2258.87,0,0,0,0,0,0
DOL200.BSE_IDX,01/07/2025,09:27:36,2258.79,0,0,0,0,0,0
DOL200.BSE_IDX,01/07/2025,09:27:44,2258.74,0,0,0,0,0,0
DOL200.BSE_IDX,01/07/2025,09:27:51,2258.79,0,0,0,0,0,0
DOL200.BSE_IDX,01/07/2025,09:28:00,2259.06,0,0,0,0,0,0
DOL200.BSE_IDX,01/07/2025,09:28:08,2258.85,0,0,0,0,0,0
DOL200.BSE_IDX,01/07/2025,09:28:16,2258.8,0,0,0,0,0,0
DOL200.BSE_IDX,01/07/2025,09:28:24,2258.52,0,0,0,0,0,0
DOL200.BSE_IDX,01/07/2025,09:28:32,2258.36,0,0,0,0,0,0
DOL200.BSE_IDX,01/07/2025,09:28:40,2258.06,0,0,0,0,0,0
DOL200.BSE_IDX,01/07/2025,09:28:48,2258.04,0,0,0,0,0,0
DOL200.BSE_IDX,01/07/2025,09:28:56,2257.92,0,0,0,0,0,0
DOL200.BSE_IDX,01/07/2025,09:29:04,2258.03,0,0,0,0,0,0
DOL200.BSE_IDX,01/07/2025,09:29:12,2258.03,0,0,0,0,0,0
DOL200.BSE_IDX,01/07/2025,09:29:20,2257.8,0,0,0,0,0,0
DOL200.BSE_IDX,01/07/2025,09:29:28,2257.79,0,0,0,0,0,0
DOL200.BSE_IDX,01/07/2025,09:29:36,2257.83,0,0,0,0,0,0
DOL200.BSE_IDX,01/07/2025,09:29:44,2258.03,0,0,0,0,0,0
DOL200.BSE_IDX,01/07/2025,09:29:52,2258.07,0,0,0,0,0,0
DOL200.BSE_IDX,01/07/2025,09:30:00,2258.24,0,0,0,0,0,0
DOL200.BSE_IDX,01/07/2025,09:30:08,2258.52,0,0,0,0,0,0
DOL200.BSE_IDX,01/07/2025,09:30:16,2259.2,0,0,0,0,0,0
DOL200.BSE_IDX,01/07/2025,09:30:24,2259.3,0,0,0,0,0,0
DOL200.BSE_IDX,01/07/2025,09:30:32,2259.5,0,0,0,0,0,0
DOL200.BSE_IDX,01/07/2025,09:30:40,2259.64,0,0,0,0,0,0
DOL200.BSE_IDX,01/07/2025,09:30:48,2259.67,0,0,0,0,0,0
DOL200.BSE_IDX,01/07/2025,09:30:56,2259.4,0,0,0,0,0,0
DOL200.BSE_IDX,01/07/2025,09:31:04,2259.43,0,0,0,0,0,0
DOL200.BSE_IDX,01/07/2025,09:31:12,2259.02,0,0,0,0,0,0
DOL200.BSE_IDX,01/07/2025,09:31:20,2258.79,0,0,0,0,0,0
DOL200.BSE_IDX,01/07/2025,09:31:28,2258.68,0,0,0,0,0,0
DOL200.BSE_IDX,01/07/2025,09:31:36,2258.6,0,0,0,0,0,0
DOL200.BSE_IDX,01/07/2025,09:31:44,2258.45,0,0,0,0,0,0
DOL200.BSE_IDX,01/07/2025,09:31:52,2258.6,0,0,0,0,0,0
DOL200.BSE_IDX,01/07/2025,09:32:00,2258.76,0,0,0,0,0,0
DOL200.BSE_IDX,01/07/2025,09:32:08,2258.52,0,0,0,0,0,0
DOL200.BSE_IDX,01/07/2025,09:32:16,2258.4,0,0,0,0,0,0
DOL200.BSE_IDX,01/07/2025,09:32:24,2258.37,0,0,0,0,0,0
DOL200.BSE_IDX,01/07/2025,09:32:32,2258.52,0,0,0,0,0,0
DOL200.BSE_IDX,01/07/2025,09:32:40,2258.45,0,0,0,0,0,0
DOL200.BSE_IDX,01/07/2025,09:32:48,2258.63,0,0,0,0,0,0
DOL200.BSE_IDX,01/07/2025,09:32:56,2258.9,0,0,0,0,0,0
DOL200.BSE_IDX,01/07/2025,09:33:04,2259.12,0,0,0,0,0,0
DOL200.BSE_IDX,01/07/2025,09:33:12,2259.21,0,0,0,0,0,0
DOL200.BSE_IDX,01/07/2025,09:33:20,2259.32,0,0,0,0,0,0
DOL200.BSE_IDX,01/07/2025,09:33:28,2259.35,0,0,0,0,0,0
DOL200.BSE_IDX,01/07/2025,09:33:36,2259.29,0,0,0,0,0,0
DOL200.BSE_IDX,01/07/2025,09:33:44,2259.21,0,0,0,0,0,0
DOL200.BSE_IDX,01/07/2025,09:33:52,2259.2,0,0,0,0,0,0
DOL200.BSE_IDX,01/07/2025,09:34:00,2259.19,0,0,0,0,0,0
DOL200.BSE_IDX,01/07/2025,09:34:08,2259.08,0,0,0,0,0,0
DOL200.BSE_IDX,01/07/2025,09:34:16,2258.97,0,0,0,0,0,0
DOL200.BSE_IDX,01/07/2025,09:34:24,2259.07,0,0,0,0,0,0
DOL200.BSE_IDX,01/07/2025,09:34:32,2259.09,0,0,0,0,0,0
DOL200.BSE_IDX,01/07/2025,09:34:40,2259.19,0,0,0,0,0,0
DOL200.BSE_IDX,01/07/2025,09:34:48,2259.27,0,0,0,0,0,0
DOL200.BSE_IDX,01/07/2025,09:34:56,2259.28,0,0,0,0,0,0
DOL200.BSE_IDX,01/07/2025,09:35:05,2259.14,0,0,0,0,0,0
DOL200.BSE_IDX,01/07/2025,09:35:12,2259.08,0,0,0,0,0,0
DOL200.BSE_IDX,01/07/2025,09:35:20,2258.78,0,0,0,0,0,0
DOL200.BSE_IDX,01/07/2025,09:35:28,2258.72,0,0,0,0,0,0
DOL200.BSE_IDX,01/07/2025,09:35:36,2258.85,0,0,0,0,0,0
DOL200.BSE_IDX,01/07/2025,09:35:44,2258.86,0,0,0,0,0,0
DOL200.BSE_IDX,01/07/2025,09:35:52,2258.72,0,0,0,0,0,0
DOL200.BSE_IDX,01/07/2025,09:36:00,2258.78,0,0,0,0,0,0
DOL200.BSE_IDX,01/07/2025,09:36:08,2258.71,0,0,0,0,0,0
DOL200.BSE_IDX,01/07/2025,09:36:16,2258.64,0,0,0,0,0,0
DOL200.BSE_IDX,01/07/2025,09:36:24,2258.63,0,0,0,0,0,0
DOL200.BSE_IDX,01/07/2025,09:36:33,2258.52,0,0,0,0,0,0
DOL200.BSE_IDX,01/07/2025,09:36:40,2258.25,0,0,0,0,0,0
DOL200.BSE_IDX,01/07/2025,09:36:48,2258.59,0,0,0,0,0,0
DOL200.BSE_IDX,01/07/2025,09:36:56,2258.58,0,0,0,0,0,0
DOL200.BSE_IDX,01/07/2025,09:37:04,2258.7,0,0,0,0,0,0
DOL200.BSE_IDX,01/07/2025,09:37:12,2258.8,0,0,0,0,0,0
DOL200.BSE_IDX,01/07/2025,09:37:20,2258.75,0,0,0,0,0,0
DOL200.BSE_IDX,01/07/2025,09:37:28,2258.86,0,0,0,0,0,0
DOL200.BSE_IDX,01/07/2025,09:37:36,2258.75,0,0,0,0,0,0
DOL200.BSE_IDX,01/07/2025,09:37:44,2258.84,0,0,0,0,0,0
DOL200.BSE_IDX,01/07/2025,09:37:52,2258.78,0,0,0,0,0,0
DOL200.BSE_IDX,01/07/2025,09:38:00,2258.86,0,0,0,0,0,0
DOL200.BSE_IDX,01/07/2025,09:38:08,2258.71,0,0,0,0,0,0
DOL200.BSE_IDX,01/07/2025,09:38:16,2258.53,0,0,0,0,0,0
DOL200.BSE_IDX,01/07/2025,09:38:24,2258.57,0,0,0,0,0,0
DOL200.BSE_IDX,01/07/2025,09:38:32,2258.4,0,0,0,0,0,0
DOL200.BSE_IDX,01/07/2025,09:38:40,2258.15,0,0,0,0,0,0
DOL200.BSE_IDX,01/07/2025,09:38:48,2258.23,0,0,0,0,0,0
DOL200.BSE_IDX,01/07/2025,09:38:56,2258.21,0,0,0,0,0,0
DOL200.BSE_IDX,01/07/2025,09:39:04,2257.9,0,0,0,0,0,0
DOL200.BSE_IDX,01/07/2025,09:39:12,2258.12,0,0,0,0,0,0
DOL200.BSE_IDX,01/07/2025,09:39:20,2258.23,0,0,0,0,0,0
DOL200.BSE_IDX,01/07/2025,09:39:28,2258.24,0,0,0,0,0,0
DOL200.BSE_IDX,01/07/2025,09:39:36,2258.34,0,0,0,0,0,0
DOL200.BSE_IDX,01/07/2025,09:39:44,2258.5,0,0,0,0,0,0
DOL200.BSE_IDX,01/07/2025,09:39:52,2258.6,0,0,0,0,0,0
DOL200.BSE_IDX,01/07/2025,09:40:00,2258.67,0,0,0,0,0,0
DOL200.BSE_IDX,01/07/2025,09:40:08,2258.83,0,0,0,0,0,0
DOL200.BSE_IDX,01/07/2025,09:40:16,2258.87,0,0,0,0,0,0
DOL200.BSE_IDX,01/07/2025,09:40:24,2258.98,0,0,0,0,0,0
DOL200.BSE_IDX,01/07/2025,09:40:32,2258.63,0,0,0,0,0,0
DOL200.BSE_IDX,01/07/2025,09:40:40,2258.62,0,0,0,0,0,0
DOL200.BSE_IDX,01/07/2025,09:40:48,2258.59,0,0,0,0,0,0
DOL200.BSE_IDX,01/07/2025,09:40:56,2258.57,0,0,0,0,0,0
DOL200.BSE_IDX,01/07/2025,09:41:04,2258.42,0,0,0,0,0,0
DOL200.BSE_IDX,01/07/2025,09:41:12,2258.53,0,0,0,0,0,0
DOL200.BSE_IDX,01/07/2025,09:41:20,2258.66,0,0,0,0,0,0
DOL200.BSE_IDX,01/07/2025,09:41:28,2258.75,0,0,0,0,0,0
DOL200.BSE_IDX,01/07/2025,09:41:36,2258.84,0,0,0,0,0,0
DOL200.BSE_IDX,01/07/2025,09:41:44,2258.67,0,0,0,0,0,0
DOL200.BSE_IDX,01/07/2025,09:41:52,2258.67,0,0,0,0,0,0
DOL200.BSE_IDX,01/07/2025,09:42:00,2258.8,0,0,0,0,0,0
DOL200.BSE_IDX,01/07/2025,09:42:08,2258.96,0,0,0,0,0,0
DOL200.BSE_IDX,01/07/2025,09:42:16,2258.93,0,0,0,0,0,0
DOL200.BSE_IDX,01/07/2025,09:42:24,2258.77,0,0,0,0,0,0
DOL200.BSE_IDX,01/07/2025,09:42:32,2258.74,0,0,0,0,0,0
DOL200.BSE_IDX,01/07/2025,09:42:40,2258.75,0,0,0,0,0,0
DOL200.BSE_IDX,01/07/2025,09:42:48,2258.92,0,0,0,0,0,0
DOL200.BSE_IDX,01/07/2025,09:42:56,2259.19,0,0,0,0,0,0
DOL200.BSE_IDX,01/07/2025,09:43:04,2259.03,0,0,0,0,0,0
DOL200.BSE_IDX,01/07/2025,09:43:12,2258.93,0,0,0,0,0,0
DOL200.BSE_IDX,01/07/2025,09:43:20,2258.85,0,0,0,0,0,0
DOL200.BSE_IDX,01/07/2025,09:43:28,2258.96,0,0,0,0,0,0
DOL200.BSE_IDX,01/07/2025,09:43:36,2258.9,0,0,0,0,0,0
DOL200.BSE_IDX,01/07/2025,09:43:44,2258.84,0,0,0,0,0,0
DOL200.BSE_IDX,01/07/2025,09:43:53,2258.76,0,0,0,0,0,0
DOL200.BSE_IDX,01/07/2025,09:44:00,2258.76,0,0,0,0,0,0
DOL200.BSE_IDX,01/07/2025,09:44:08,2258.74,0,0,0,0,0,0
DOL200.BSE_IDX,01/07/2025,09:44:16,2258.67,0,0,0,0,0,0
DOL200.BSE_IDX,01/07/2025,09:44:24,2258.82,0,0,0,0,0,0
DOL200.BSE_IDX,01/07/2025,09:44:32,2258.84,0,0,0,0,0,0
DOL200.BSE_IDX,01/07/2025,09:44:40,2258.75,0,0,0,0,0,0
DOL200.BSE_IDX,01/07/2025,09:44:48,2258.69,0,0,0,0,0,0
DOL200.BSE_IDX,01/07/2025,09:44:56,2258.55,0,0,0,0,0,0
DOL200.BSE_IDX,01/07/2025,09:45:05,2258.34,0,0,0,0,0,0
DOL200.BSE_IDX,01/07/2025,09:45:12,2258.05,0,0,0,0,0,0
DOL200.BSE_IDX,01/07/2025,09:45:20,2257.9,0,0,0,0,0,0
DOL200.BSE_IDX,01/07/2025,09:45:28,2258.05,0,0,0,0,0,0
DOL200.BSE_IDX,01/07/2025,09:45:36,2257.83,0,0,0,0,0,0
DOL200.BSE_IDX,01/07/2025,09:45:44,2257.52,0,0,0,0,0,0
DOL200.BSE_IDX,01/07/2025,09:45:52,2257.58,0,0,0,0,0,0
DOL200.BSE_IDX,01/07/2025,09:46:01,2257.54,0,0,0,0,0,0
DOL200.BSE_IDX,01/07/2025,09:46:08,2257.25,0,0,0,0,0,0
DOL200.BSE_IDX,01/07/2025,09:46:16,2257.3,0,0,0,0,0,0
DOL200.BSE_IDX,01/07/2025,09:46:24,2257.36,0,0,0,0,0,0
DOL200.BSE_IDX,01/07/2025,09:46:32,2257.43,0,0,0,0,0,0
DOL200.BSE_IDX,01/07/2025,09:46:40,2257.51,0,0,0,0,0,0
DOL200.BSE_IDX,01/07/2025,09:46:48,2257.44,0,0,0,0,0,0
DOL200.BSE_IDX,01/07/2025,09:46:56,2257.48,0,0,0,0,0,0
DOL200.BSE_IDX,01/07/2025,09:47:04,2257.4,0,0,0,0,0,0
DOL200.BSE_IDX,01/07/2025,09:47:12,2257.51,0,0,0,0,0,0
DOL200.BSE_IDX,01/07/2025,09:47:20,2257.4,0,0,0,0,0,0
DOL200.BSE_IDX,01/07/2025,09:47:28,2257.33,0,0,0,0,0,0
DOL200.BSE_IDX,01/07/2025,09:47:36,2257.24,0,0,0,0,0,0
DOL200.BSE_IDX,01/07/2025,09:47:44,2257.3,0,0,0,0,0,0
DOL200.BSE_IDX,01/07/2025,09:47:52,2257.66,0,0,0,0,0,0
DOL200.BSE_IDX,01/07/2025,09:48:00,2257.82,0,0,0,0,0,0
DOL200.BSE_IDX,01/07/2025,09:48:08,2257.88,0,0,0,0,0,0
DOL200.BSE_IDX,01/07/2025,09:48:16,2258.17,0,0,0,0,0,0
DOL200.BSE_IDX,01/07/2025,09:48:24,2258.47,0,0,0,0,0,0
DOL200.BSE_IDX,01/07/2025,09:48:32,2258.68,0,0,0,0,0,0
DOL200.BSE_IDX,01/07/2025,09:48:40,2258.48,0,0,0,0,0,0
DOL200.BSE_IDX,01/07/2025,09:48:48,2258.4,0,0,0,0,0,0
DOL200.BSE_IDX,01/07/2025,09:48:56,2258.46,0,0,0,0,0,0
DOL200.BSE_IDX,01/07/2025,09:49:04,2258.63,0,0,0,0,0,0
DOL200.BSE_IDX,01/07/2025,09:49:12,2258.66,0,0,0,0,0,0
DOL200.BSE_IDX,01/07/2025,09:49:20,2258.65,0,0,0,0,0,0
DOL200.BSE_IDX,01/07/2025,09:49:28,2258.75,0,0,0,0,0,0
DOL200.BSE_IDX,01/07/2025,09:49:36,2258.81,0,0,0,0,0,0
DOL200.BSE_IDX,01/07/2025,09:49:44,2258.93,0,0,0,0,0,0
DOL200.BSE_IDX,01/07/2025,09:49:52,2259.01,0,0,0,0,0,0
DOL200.BSE_IDX,01/07/2025,09:50:00,2258.95,0,0,0,0,0,0
DOL200.BSE_IDX,01/07/2025,09:50:08,2259.04,0,0,0,0,0,0
DOL200.BSE_IDX,01/07/2025,09:50:16,2259.06,0,0,0,0,0,0
DOL200.BSE_IDX,01/07/2025,09:50:24,2259.09,0,0,0,0,0,0
DOL200.BSE_IDX,01/07/2025,09:50:32,2258.81,0,0,0,0,0,0
DOL200.BSE_IDX,01/07/2025,09:50:40,2258.47,0,0,0,0,0,0
DOL200.BSE_IDX,01/07/2025,09:50:48,2258.52,0,0,0,0,0,0
DOL200.BSE_IDX,01/07/2025,09:50:57,2258.42,0,0,0,0,0,0
DOL200.BSE_IDX,01/07/2025,09:51:04,2258.39,0,0,0,0,0,0
DOL200.BSE_IDX,01/07/2025,09:51:12,2258.62,0,0,0,0,0,0
DOL200.BSE_IDX,01/07/2025,09:51:20,2258.56,0,0,0,0,0,0
DOL200.BSE_IDX,01/07/2025,09:51:28,2258.3,0,0,0,0,0,0
DOL200.BSE_IDX,01/07/2025,09:51:37,2257.97,0,0,0,0,0,0
DOL200.BSE_IDX,01/07/2025,09:51:44,2258.18,0,0,0,0,0,0
DOL200.BSE_IDX,01/07/2025,09:51:52,2257.94,0,0,0,0,0,0
DOL200.BSE_IDX,01/07/2025,09:52:01,2257.76,0,0,0,0,0,0
DOL200.BSE_IDX,01/07/2025,09:52:08,2257.47,0,0,0,0,0,0
DOL200.BSE_IDX,01/07/2025,09:52:17,2257.07,0,0,0,0,0,0
DOL200.BSE_IDX,01/07/2025,09:52:24,2256.97,0,0,0,0,0,0
DOL200.BSE_IDX,01/07/2025,09:52:32,2257.23,0,0,0,0,0,0
DOL200.BSE_IDX,01/07/2025,09:52:40,2257.18,0,0,0,0,0,0
DOL200.BSE_IDX,01/07/2025,09:52:48,2257.3,0,0,0,0,0,0
DOL200.BSE_IDX,01/07/2025,09:52:57,2257.26,0,0,0,0,0,0
DOL200.BSE_IDX,01/07/2025,09:53:04,2257.28,0,0,0,0,0,0
DOL200.BSE_IDX,01/07/2025,09:53:13,2257.36,0,0,0,0,0,0
DOL200.BSE_IDX,01/07/2025,09:53:20,2257.49,0,0,0,0,0,0
DOL200.BSE_IDX,01/07/2025,09:53:28,2257.53,0,0,0,0,0,0
DOL200.BSE_IDX,01/07/2025,09:53:36,2257.5,0,0,0,0,0,0
DOL200.BSE_IDX,01/07/2025,09:53:44,2257.35,0,0,0,0,0,0
DOL200.BSE_IDX,01/07/2025,09:53:52,2257.28,0,0,0,0,0,0
DOL200.BSE_IDX,01/07/2025,09:54:00,2256.93,0,0,0,0,0,0
DOL200.BSE_IDX,01/07/2025,09:54:08,2256.66,0,0,0,0,0,0
DOL200.BSE_IDX,01/07/2025,09:54:16,2256.63,0,0,0,0,0,0
DOL200.BSE_IDX,01/07/2025,09:54:24,2256.41,0,0,0,0,0,0
DOL200.BSE_IDX,01/07/2025,09:54:32,2256.34,0,0,0,0,0,0
DOL200.BSE_IDX,01/07/2025,09:54:40,2256.23,0,0,0,0,0,0
DOL200.BSE_IDX,01/07/2025,09:54:48,2256.26,0,0,0,0,0,0
DOL200.BSE_IDX,01/07/2025,09:54:56,2256.23,0,0,0,0,0,0
DOL200.BSE_IDX,01/07/2025,09:55:04,2256.09,0,0,0,0,0,0
DOL200.BSE_IDX,01/07/2025,09:55:12,2256.16,0,0,0,0,0,0
DOL200.BSE_IDX,01/07/2025,09:55:20,2256.07,0,0,0,0,0,0
DOL200.BSE_IDX,01/07/2025,09:55:28,2256.09,0,0,0,0,0,0
DOL200.BSE_IDX,01/07/2025,09:55:36,2256.09,0,0,0,0,0,0
DOL200.BSE_IDX,01/07/2025,09:55:44,2255.92,0,0,0,0,0,0
DOL200.BSE_IDX,01/07/2025,09:55:52,2255.78,0,0,0,0,0,0
DOL200.BSE_IDX,01/07/2025,09:56:00,2255.8,0,0,0,0,0,0
DOL200.BSE_IDX,01/07/2025,09:56:08,2255.76,0,0,0,0,0,0
DOL200.BSE_IDX,01/07/2025,09:56:16,2255.79,0,0,0,0,0,0
DOL200.BSE_IDX,01/07/2025,09:56:25,2255.84,0,0,0,0,0,0
DOL200.BSE_IDX,01/07/2025,09:56:32,2255.7,0,0,0,0,0,0
DOL200.BSE_IDX,01/07/2025,09:56:41,2255.69,0,0,0,0,0,0
DOL200.BSE_IDX,01/07/2025,09:56:48,2255.78,0,0,0,0,0,0
DOL200.BSE_IDX,01/07/2025,09:56:57,2255.69,0,0,0,0,0,0
DOL200.BSE_IDX,01/07/2025,09:57:04,2255.7,0,0,0,0,0,0
DOL200.BSE_IDX,01/07/2025,09:57:12,2255.84,0,0,0,0,0,0
DOL200.BSE_IDX,01/07/2025,09:57:20,2256.01,0,0,0,0,0,0
DOL200.BSE_IDX,01/07/2025,09:57:28,2256.04,0,0,0,0,0,0
DOL200.BSE_IDX,01/07/2025,09:57:36,2255.92,0,0,0,0,0,0
DOL200.BSE_IDX,01/07/2025,09:57:44,2256.14,0,0,0,0,0,0
DOL200.BSE_IDX,01/07/2025,09:57:52,2256.11,0,0,0,0,0,0
DOL200.BSE_IDX,01/07/2025,09:58:00,2256.04,0,0,0,0,0,0
DOL200.BSE_IDX,01/07/2025,09:58:08,2256.11,0,0,0,0,0,0
DOL200.BSE_IDX,01/07/2025,09:58:16,2256.26,0,0,0,0,0,0
DOL200.BSE_IDX,01/07/2025,09:58:24,2256.08,0,0,0,0,0,0
DOL200.BSE_IDX,01/07/2025,09:58:32,2256.28,0,0,0,0,0,0
DOL200.BSE_IDX,01/07/2025,09:58:40,2256.47,0,0,0,0,0,0
DOL200.BSE_IDX,01/07/2025,09:58:48,2256.58,0,0,0,0,0,0
DOL200.BSE_IDX,01/07/2025,09:58:56,2256.76,0,0,0,0,0,0
DOL200.BSE_IDX,01/07/2025,09:59:05,2256.96,0,0,0,0,0,0
DOL200.BSE_IDX,01/07/2025,09:59:12,2256.88,0,0,0,0,0,0
DOL200.BSE_IDX,01/07/2025,09:59:20,2256.98,0,0,0,0,0,0
DOL200.BSE_IDX,01/07/2025,09:59:28,2257.07,0,0,0,0,0,0
DOL200.BSE_IDX,01/07/2025,09:59:36,2257.06,0,0,0,0,0,0
DOL200.BSE_IDX,01/07/2025,09:59:45,2257.1,0,0,0,0,0,0
DOL200.BSE_IDX,01/07/2025,09:59:52,2257.09,0,0,0,0,0,0
DOL200.BSE_IDX,01/07/2025,10:00:00,2257.08,0,0,0,0,0,0
DOL200.BSE_IDX,01/07/2025,10:00:08,2257.41,0,0,0,0,0,0
DOL200.BSE_IDX,01/07/2025,10:00:16,2257.5,0,0,0,0,0,0
DOL200.BSE_IDX,01/07/2025,10:00:24,2257.35,0,0,0,0,0,0
DOL200.BSE_IDX,01/07/2025,10:00:32,2257.3,0,0,0,0,0,0
DOL200.BSE_IDX,01/07/2025,10:00:40,2257.28,0,0,0,0,0,0
DOL200.BSE_IDX,01/07/2025,10:00:48,2257.24,0,0,0,0,0,0
DOL200.BSE_IDX,01/07/2025,10:00:56,2257.22,0,0,0,0,0,0
DOL200.BSE_IDX,01/07/2025,10:01:04,2256.96,0,0,0,0,0,0
DOL200.BSE_IDX,01/07/2025,10:01:12,2256.63,0,0,0,0,0,0
DOL200.BSE_IDX,01/07/2025,10:01:21,2256.62,0,0,0,0,0,0
DOL200.BSE_IDX,01/07/2025,10:01:28,2256.49,0,0,0,0,0,0
DOL200.BSE_IDX,01/07/2025,10:01:36,2256.41,0,0,0,0,0,0
DOL200.BSE_IDX,01/07/2025,10:01:44,2256.38,0,0,0,0,0,0
DOL200.BSE_IDX,01/07/2025,10:01:52,2256.2,0,0,0,0,0,0
DOL200.BSE_IDX,01/07/2025,10:02:00,2256.09,0,0,0,0,0,0
DOL200.BSE_IDX,01/07/2025,10:02:08,2256.06,0,0,0,0,0,0
DOL200.BSE_IDX,01/07/2025,10:02:16,2255.98,0,0,0,0,0,0
DOL200.BSE_IDX,01/07/2025,10:02:24,2255.99,0,0,0,0,0,0
DOL200.BSE_IDX,01/07/2025,10:02:32,2255.7,0,0,0,0,0,0
DOL200.BSE_IDX,01/07/2025,10:02:41,2255.73,0,0,0,0,0,0
DOL200.BSE_IDX,01/07/2025,10:02:49,2255.76,0,0,0,0,0,0
DOL200.BSE_IDX,01/07/2025,10:02:56,2255.59,0,0,0,0,0,0
DOL200.BSE_IDX,01/07/2025,10:03:04,2255.45,0,0,0,0,0,0
DOL200.BSE_IDX,01/07/2025,10:03:13,2255.25,0,0,0,0,0,0
DOL200.BSE_IDX,01/07/2025,10:03:20,2254.89,0,0,0,0,0,0
DOL200.BSE_IDX,01/07/2025,10:03:29,2254.83,0,0,0,0,0,0
DOL200.BSE_IDX,01/07/2025,10:03:37,2254.98,0,0,0,0,0,0
DOL200.BSE_IDX,01/07/2025,10:03:45,2255.01,0,0,0,0,0,0
DOL200.BSE_IDX,01/07/2025,10:03:53,2255.09,0,0,0,0,0,0
DOL200.BSE_IDX,01/07/2025,10:04:01,2255.18,0,0,0,0,0,0
DOL200.BSE_IDX,01/07/2025,10:04:09,2255.17,0,0,0,0,0,0
DOL200.BSE_IDX,01/07/2025,10:04:17,2255.12,0,0,0,0,0,0
DOL200.BSE_IDX,01/07/2025,10:04:25,2255.06,0,0,0,0,0,0
DOL200.BSE_IDX,01/07/2025,10:04:33,2255.54,0,0,0,0,0,0
DOL200.BSE_IDX,01/07/2025,10:04:41,2255.76,0,0,0,0,0,0
DOL200.BSE_IDX,01/07/2025,10:04:50,2255.81,0,0,0,0,0,0
DOL200.BSE_IDX,01/07/2025,10:04:57,2255.79,0,0,0,0,0,0
DOL200.BSE_IDX,01/07/2025,10:05:05,2255.33,0,0,0,0,0,0
DOL200.BSE_IDX,01/07/2025,10:05:14,2255.18,0,0,0,0,0,0
DOL200.BSE_IDX,01/07/2025,10:05:21,2254.97,0,0,0,0,0,0
DOL200.BSE_IDX,01/07/2025,10:05:29,2254.44,0,0,0,0,0,0
DOL200.BSE_IDX,01/07/2025,10:05:37,2254.32,0,0,0,0,0,0
DOL200.BSE_IDX,01/07/2025,10:05:45,2254.81,0,0,0,0,0,0
DOL200.BSE_IDX,01/07/2025,10:05:53,2255,0,0,0,0,0,0
DOL200.BSE_IDX,01/07/2025,10:06:01,2255.02,0,0,0,0,0,0
DOL200.BSE_IDX,01/07/2025,10:06:09,2255.14,0,0,0,0,0,0
DOL200.BSE_IDX,01/07/2025,10:06:17,2255.29,0,0,0,0,0,0
DOL200.BSE_IDX,01/07/2025,10:06:25,2255.41,0,0,0,0,0,0
DOL200.BSE_IDX,01/07/2025,10:06:33,2255.5,0,0,0,0,0,0
DOL200.BSE_IDX,01/07/2025,10:06:41,2255.55,0,0,0,0,0,0
DOL200.BSE_IDX,01/07/2025,10:06:49,2255.49,0,0,0,0,0,0
DOL200.BSE_IDX,01/07/2025,10:06:57,2255.52,0,0,0,0,0,0
DOL200.BSE_IDX,01/07/2025,10:07:05,2255.66,0,0,0,0,0,0
DOL200.BSE_IDX,01/07/2025,10:07:13,2255.72,0,0,0,0,0,0
DOL200.BSE_IDX,01/07/2025,10:07:21,2255.75,0,0,0,0,0,0
DOL200.BSE_IDX,01/07/2025,10:07:29,2255.85,0,0,0,0,0,0
DOL200.BSE_IDX,01/07/2025,10:07:37,2256.01,0,0,0,0,0,0
DOL200.BSE_IDX,01/07/2025,10:07:45,2256.09,0,0,0,0,0,0
DOL200.BSE_IDX,01/07/2025,10:07:53,2256.08,0,0,0,0,0,0
DOL200.BSE_IDX,01/07/2025,10:08:01,2256.12,0,0,0,0,0,0
DOL200.BSE_IDX,01/07/2025,10:08:09,2256.15,0,0,0,0,0,0
DOL200.BSE_IDX,01/07/2025,10:08:17,2256.32,0,0,0,0,0,0
DOL200.BSE_IDX,01/07/2025,10:08:25,2256.35,0,0,0,0,0,0
DOL200.BSE_IDX,01/07/2025,10:08:33,2256.27,0,0,0,0,0,0
DOL200.BSE_IDX,01/07/2025,10:08:41,2256.11,0,0,0,0,0,0
DOL200.BSE_IDX,01/07/2025,10:08:49,2256.1,0,0,0,0,0,0
DOL200.BSE_IDX,01/07/2025,10:08:57,2255.92,0,0,0,0,0,0
DOL200.BSE_IDX,01/07/2025,10:09:05,2255.44,0,0,0,0,0,0
DOL200.BSE_IDX,01/07/2025,10:09:13,2255.36,0,0,0,0,0,0
DOL200.BSE_IDX,01/07/2025,10:09:21,2255.19,0,0,0,0,0,0
DOL200.BSE_IDX,01/07/2025,10:09:29,2255.13,0,0,0,0,0,0
DOL200.BSE_IDX,01/07/2025,10:09:37,2255.35,0,0,0,0,0,0
DOL200.BSE_IDX,01/07/2025,10:09:45,2255.36,0,0,0,0,0,0
DOL200.BSE_IDX,01/07/2025,10:09:53,2255.4,0,0,0,0,0,0
DOL200.BSE_IDX,01/07/2025,10:10:01,2255.6,0,0,0,0,0,0
DOL200.BSE_IDX,01/07/2025,10:10:09,2255.49,0,0,0,0,0,0
DOL200.BSE_IDX,01/07/2025,10:10:17,2255.49,0,0,0,0,0,0
DOL200.BSE_IDX,01/07/2025,10:10:25,2255.5,0,0,0,0,0,0
DOL200.BSE_IDX,01/07/2025,10:10:33,2255.57,0,0,0,0,0,0
DOL200.BSE_IDX,01/07/2025,10:10:41,2255.52,0,0,0,0,0,0
DOL200.BSE_IDX,01/07/2025,10:10:49,2255.54,0,0,0,0,0,0
DOL200.BSE_IDX,01/07/2025,10:10:57,2255.48,0,0,0,0,0,0
DOL200.BSE_IDX,01/07/2025,10:11:05,2255.44,0,0,0,0,0,0
DOL200.BSE_IDX,01/07/2025,10:11:13,2255.32,0,0,0,0,0,0
DOL200.BSE_IDX,01/07/2025,10:11:22,2255.3,0,0,0,0,0,0
DOL200.BSE_IDX,01/07/2025,10:11:29,2255.06,0,0,0,0,0,0
DOL200.BSE_IDX,01/07/2025,10:11:37,2255.02,0,0,0,0,0,0
DOL200.BSE_IDX,01/07/2025,10:11:45,2254.95,0,0,0,0,0,0
DOL200.BSE_IDX,01/07/2025,10:11:53,2255.09,0,0,0,0,0,0
DOL200.BSE_IDX,01/07/2025,10:12:01,2255.35,0,0,0,0,0,0
DOL200.BSE_IDX,01/07/2025,10:12:09,2255.37,0,0,0,0,0,0
DOL200.BSE_IDX,01/07/2025,10:12:17,2255.03,0,0,0,0,0,0
DOL200.BSE_IDX,01/07/2025,10:12:25,2254.87,0,0,0,0,0,0
DOL200.BSE_IDX,01/07/2025,10:12:33,2254.76,0,0,0,0,0,0
DOL200.BSE_IDX,01/07/2025,10:12:41,2254.65,0,0,0,0,0,0
DOL200.BSE_IDX,01/07/2025,10:12:49,2254.4,0,0,0,0,0,0
DOL200.BSE_IDX,01/07/2025,10:12:57,2253.85,0,0,0,0,0,0
DOL200.BSE_IDX,01/07/2025,10:13:05,2253.74,0,0,0,0,0,0
DOL200.BSE_IDX,01/07/2025,10:13:13,2253.8,0,0,0,0,0,0
DOL200.BSE_IDX,01/07/2025,10:13:21,2254.19,0,0,0,0,0,0
DOL200.BSE_IDX,01/07/2025,10:13:29,2254.19,0,0,0,0,0,0
DOL200.BSE_IDX,01/07/2025,10:13:37,2254.15,0,0,0,0,0,0
DOL200.BSE_IDX,01/07/2025,10:13:45,2254.1,0,0,0,0,0,0
DOL200.BSE_IDX,01/07/2025,10:13:53,2254.04,0,0,0,0,0,0
DOL200.BSE_IDX,01/07/2025,10:14:01,2253.73,0,0,0,0,0,0
DOL200.BSE_IDX,01/07/2025,10:14:09,2253.69,0,0,0,0,0,0
DOL200.BSE_IDX,01/07/2025,10:14:17,2253.76,0,0,0,0,0,0
DOL200.BSE_IDX,01/07/2025,10:14:25,2253.66,0,0,0,0,0,0
DOL200.BSE_IDX,01/07/2025,10:14:33,2253.75,0,0,0,0,0,0
DOL200.BSE_IDX,01/07/2025,10:14:41,2253.46,0,0,0,0,0,0
DOL200.BSE_IDX,01/07/2025,10:14:49,2253.47,0,0,0,0,0,0
DOL200.BSE_IDX,01/07/2025,10:14:57,2253.53,0,0,0,0,0,0
DOL200.BSE_IDX,01/07/2025,10:15:05,2253.35,0,0,0,0,0,0
DOL200.BSE_IDX,01/07/2025,10:15:13,2253.18,0,0,0,0,0,0
DOL200.BSE_IDX,01/07/2025,10:15:21,2253.2,0,0,0,0,0,0
DOL200.BSE_IDX,01/07/2025,10:15:29,2252.98,0,0,0,0,0,0
DOL200.BSE_IDX,01/07/2025,10:15:37,2253.19,0,0,0,0,0,0
DOL200.BSE_IDX,01/07/2025,10:15:45,2253.39,0,0,0,0,0,0
DOL200.BSE_IDX,01/07/2025,10:15:53,2253.45,0,0,0,0,0,0
DOL200.BSE_IDX,01/07/2025,10:16:01,2253.37,0,0,0,0,0,0
DOL200.BSE_IDX,01/07/2025,10:16:09,2253.58,0,0,0,0,0,0
DOL200.BSE_IDX,01/07/2025,10:16:17,2253.55,0,0,0,0,0,0
DOL200.BSE_IDX,01/07/2025,10:16:25,2253.65,0,0,0,0,0,0
DOL200.BSE_IDX,01/07/2025,10:16:33,2253.6,0,0,0,0,0,0
DOL200.BSE_IDX,01/07/2025,10:16:41,2253.59,0,0,0,0,0,0
DOL200.BSE_IDX,01/07/2025,10:16:49,2253.58,0,0,0,0,0,0
DOL200.BSE_IDX,01/07/2025,10:16:57,2253.59,0,0,0,0,0,0
DOL200.BSE_IDX,01/07/2025,10:17:05,2253.62,0,0,0,0,0,0
DOL200.BSE_IDX,01/07/2025,10:17:13,2253.54,0,0,0,0,0,0
DOL200.BSE_IDX,01/07/2025,10:17:21,2253.81,0,0,0,0,0,0
DOL200.BSE_IDX,01/07/2025,10:17:29,2253.78,0,0,0,0,0,0
DOL200.BSE_IDX,01/07/2025,10:17:37,2253.96,0,0,0,0,0,0
DOL200.BSE_IDX,01/07/2025,10:17:45,2254.13,0,0,0,0,0,0
DOL200.BSE_IDX,01/07/2025,10:17:53,2254.29,0,0,0,0,0,0
DOL200.BSE_IDX,01/07/2025,10:18:01,2254.32,0,0,0,0,0,0
DOL200.BSE_IDX,01/07/2025,10:18:09,2254.44,0,0,0,0,0,0
DOL200.BSE_IDX,01/07/2025,10:18:17,2254.61,0,0,0,0,0,0
DOL200.BSE_IDX,01/07/2025,10:18:25,2254.63,0,0,0,0,0,0
DOL200.BSE_IDX,01/07/2025,10:18:33,2254.58,0,0,0,0,0,0
DOL200.BSE_IDX,01/07/2025,10:18:41,2254.52,0,0,0,0,0,0
DOL200.BSE_IDX,01/07/2025,10:18:49,2254.4,0,0,0,0,0,0
DOL200.BSE_IDX,01/07/2025,10:18:57,2254.28,0,0,0,0,0,0
DOL200.BSE_IDX,01/07/2025,10:19:05,2254.03,0,0,0,0,0,0
DOL200.BSE_IDX,01/07/2025,10:19:13,2254.08,0,0,0,0,0,0
DOL200.BSE_IDX,01/07/2025,10:19:21,2254.15,0,0,0,0,0,0
DOL200.BSE_IDX,01/07/2025,10:19:29,2254.23,0,0,0,0,0,0
DOL200.BSE_IDX,01/07/2025,10:19:37,2254,0,0,0,0,0,0
DOL200.BSE_IDX,01/07/2025,10:19:45,2254.13,0,0,0,0,0,0
DOL200.BSE_IDX,01/07/2025,10:19:53,2253.9,0,0,0,0,0,0
DOL200.BSE_IDX,01/07/2025,10:20:01,2253.93,0,0,0,0,0,0
DOL200.BSE_IDX,01/07/2025,10:20:09,2254.04,0,0,0,0,0,0
DOL200.BSE_IDX,01/07/2025,10:20:17,2254.07,0,0,0,0,0,0
DOL200.BSE_IDX,01/07/2025,10:20:25,2254.02,0,0,0,0,0,0
DOL200.BSE_IDX,01/07/2025,10:20:33,2253.97,0,0,0,0,0,0
DOL200.BSE_IDX,01/07/2025,10:20:41,2254.06,0,0,0,0,0,0
DOL200.BSE_IDX,01/07/2025,10:20:49,2253.85,0,0,0,0,0,0
DOL200.BSE_IDX,01/07/2025,10:20:57,2253.74,0,0,0,0,0,0
DOL200.BSE_IDX,01/07/2025,10:21:05,2253.66,0,0,0,0,0,0
DOL200.BSE_IDX,01/07/2025,10:21:13,2253.51,0,0,0,0,0,0
DOL200.BSE_IDX,01/07/2025,10:21:21,2253.53,0,0,0,0,0,0
DOL200.BSE_IDX,01/07/2025,10:21:29,2253.46,0,0,0,0,0,0
DOL200.BSE_IDX,01/07/2025,10:21:37,2253.44,0,0,0,0,0,0
DOL200.BSE_IDX,01/07/2025,10:21:45,2253.21,0,0,0,0,0,0
DOL200.BSE_IDX,01/07/2025,10:21:53,2253.36,0,0,0,0,0,0
DOL200.BSE_IDX,01/07/2025,10:22:01,2253.38,0,0,0,0,0,0
DOL200.BSE_IDX,01/07/2025,10:22:09,2253.35,0,0,0,0,0,0
DOL200.BSE_IDX,01/07/2025,10:22:17,2253.17,0,0,0,0,0,0
DOL200.BSE_IDX,01/07/2025,10:22:25,2253.2,0,0,0,0,0,0
DOL200.BSE_IDX,01/07/2025,10:22:33,2253.08,0,0,0,0,0,0
DOL200.BSE_IDX,01/07/2025,10:22:41,2253.16,0,0,0,0,0,0
DOL200.BSE_IDX,01/07/2025,10:22:49,2253.12,0,0,0,0,0,0
DOL200.BSE_IDX,01/07/2025,10:22:57,2253.27,0,0,0,0,0,0
DOL200.BSE_IDX,01/07/2025,10:23:05,2253.18,0,0,0,0,0,0
DOL200.BSE_IDX,01/07/2025,10:23:13,2253.24,0,0,0,0,0,0
DOL200.BSE_IDX,01/07/2025,10:23:21,2253.17,0,0,0,0,0,0
DOL200.BSE_IDX,01/07/2025,10:23:29,2253.3,0,0,0,0,0,0
DOL200.BSE_IDX,01/07/2025,10:23:37,2253.38,0,0,0,0,0,0
DOL200.BSE_IDX,01/07/2025,10:23:45,2253.41,0,0,0,0,0,0
DOL200.BSE_IDX,01/07/2025,10:23:53,2253.35,0,0,0,0,0,0
DOL200.BSE_IDX,01/07/2025,10:24:01,2253.43,0,0,0,0,0,0
DOL200.BSE_IDX,01/07/2025,10:24:09,2253.33,0,0,0,0,0,0
DOL200.BSE_IDX,01/07/2025,10:24:17,2253.15,0,0,0,0,0,0
DOL200.BSE_IDX,01/07/2025,10:24:25,2253.16,0,0,0,0,0,0
DOL200.BSE_IDX,01/07/2025,10:24:33,2252.98,0,0,0,0,0,0
DOL200.BSE_IDX,01/07/2025,10:24:41,2252.95,0,0,0,0,0,0
DOL200.BSE_IDX,01/07/2025,10:24:49,2253,0,0,0,0,0,0
DOL200.BSE_IDX,01/07/2025,10:24:57,2253.03,0,0,0,0,0,0
DOL200.BSE_IDX,01/07/2025,10:25:05,2252.96,0,0,0,0,0,0
DOL200.BSE_IDX,01/07/2025,10:25:13,2253.02,0,0,0,0,0,0
DOL200.BSE_IDX,01/07/2025,10:25:21,2252.96,0,0,0,0,0,0
DOL200.BSE_IDX,01/07/2025,10:25:29,2252.87,0,0,0,0,0,0
DOL200.BSE_IDX,01/07/2025,10:25:37,2252.92,0,0,0,0,0,0
DOL200.BSE_IDX,01/07/2025,10:25:45,2252.9,0,0,0,0,0,0
DOL200.BSE_IDX,01/07/2025,10:25:53,2253,0,0,0,0,0,0
DOL200.BSE_IDX,01/07/2025,10:26:01,2253.12,0,0,0,0,0,0
DOL200.BSE_IDX,01/07/2025,10:26:09,2253.15,0,0,0,0,0,0
DOL200.BSE_IDX,01/07/2025,10:26:17,2253.15,0,0,0,0,0,0
DOL200.BSE_IDX,01/07/2025,10:26:25,2253.19,0,0,0,0,0,0
DOL200.BSE_IDX,01/07/2025,10:26:33,2253.16,0,0,0,0,0,0
DOL200.BSE_IDX,01/07/2025,10:26:41,2253.29,0,0,0,0,0,0
DOL200.BSE_IDX,01/07/2025,10:26:49,2253.19,0,0,0,0,0,0
DOL200.BSE_IDX,01/07/2025,10:26:57,2253.23,0,0,0,0,0,0
DOL200.BSE_IDX,01/07/2025,10:27:05,2253.34,0,0,0,0,0,0
DOL200.BSE_IDX,01/07/2025,10:27:13,2253.4,0,0,0,0,0,0
DOL200.BSE_IDX,01/07/2025,10:27:21,2253.33,0,0,0,0,0,0
DOL200.BSE_IDX,01/07/2025,10:27:29,2253.51,0,0,0,0,0,0
DOL200.BSE_IDX,01/07/2025,10:27:37,2253.53,0,0,0,0,0,0
DOL200.BSE_IDX,01/07/2025,10:27:45,2253.55,0,0,0,0,0,0
DOL200.BSE_IDX,01/07/2025,10:27:53,2253.65,0,0,0,0,0,0
DOL200.BSE_IDX,01/07/2025,10:28:01,2253.89,0,0,0,0,0,0
DOL200.BSE_IDX,01/07/2025,10:28:09,2254.02,0,0,0,0,0,0
DOL200.BSE_IDX,01/07/2025,10:28:17,2253.86,0,0,0,0,0,0
DOL200.BSE_IDX,01/07/2025,10:28:25,2253.81,0,0,0,0,0,0
DOL200.BSE_IDX,01/07/2025,10:28:33,2253.96,0,0,0,0,0,0
DOL200.BSE_IDX,01/07/2025,10:28:41,2253.92,0,0,0,0,0,0
DOL200.BSE_IDX,01/07/2025,10:28:49,2254.16,0,0,0,0,0,0
DOL200.BSE_IDX,01/07/2025,10:28:57,2254.14,0,0,0,0,0,0
DOL200.BSE_IDX,01/07/2025,10:29:05,2254.23,0,0,0,0,0,0
DOL200.BSE_IDX,01/07/2025,10:29:13,2254.27,0,0,0,0,0,0
DOL200.BSE_IDX,01/07/2025,10:29:21,2254.34,0,0,0,0,0,0
DOL200.BSE_IDX,01/07/2025,10:29:29,2254.25,0,0,0,0,0,0
DOL200.BSE_IDX,01/07/2025,10:29:37,2254.16,0,0,0,0,0,0
DOL200.BSE_IDX,01/07/2025,10:29:46,2254.14,0,0,0,0,0,0
DOL200.BSE_IDX,01/07/2025,10:29:54,2254.24,0,0,0,0,0,0
DOL200.BSE_IDX,01/07/2025,10:30:01,2254.25,0,0,0,0,0,0
DOL200.BSE_IDX,01/07/2025,10:30:09,2254.25,0,0,0,0,0,0
DOL200.BSE_IDX,01/07/2025,10:30:17,2254.46,0,0,0,0,0,0
DOL200.BSE_IDX,01/07/2025,10:30:25,2254.73,0,0,0,0,0,0
DOL200.BSE_IDX,01/07/2025,10:30:33,2254.67,0,0,0,0,0,0
DOL200.BSE_IDX,01/07/2025,10:30:41,2254.73,0,0,0,0,0,0
DOL200.BSE_IDX,01/07/2025,10:30:49,2254.63,0,0,0,0,0,0
DOL200.BSE_IDX,01/07/2025,10:30:57,2254.39,0,0,0,0,0,0
DOL200.BSE_IDX,01/07/2025,10:31:05,2254.51,0,0,0,0,0,0
DOL200.BSE_IDX,01/07/2025,10:31:13,2254.46,0,0,0,0,0,0
DOL200.BSE_IDX,01/07/2025,10:31:21,2254.4,0,0,0,0,0,0
DOL200.BSE_IDX,01/07/2025,10:31:29,2254.38,0,0,0,0,0,0
DOL200.BSE_IDX,01/07/2025,10:31:37,2254.29,0,0,0,0,0,0
DOL200.BSE_IDX,01/07/2025,10:31:45,2254.14,0,0,0,0,0,0
DOL200.BSE_IDX,01/07/2025,10:31:53,2254.27,0,0,0,0,0,0
DOL200.BSE_IDX,01/07/2025,10:32:01,2254.37,0,0,0,0,0,0
DOL200.BSE_IDX,01/07/2025,10:32:09,2254.15,0,0,0,0,0,0
DOL200.BSE_IDX,01/07/2025,10:32:17,2254.17,0,0,0,0,0,0
DOL200.BSE_IDX,01/07/2025,10:32:25,2254.33,0,0,0,0,0,0
DOL200.BSE_IDX,01/07/2025,10:32:33,2254.38,0,0,0,0,0,0
DOL200.BSE_IDX,01/07/2025,10:32:41,2254.42,0,0,0,0,0,0
DOL200.BSE_IDX,01/07/2025,10:32:49,2254.52,0,0,0,0,0,0
DOL200.BSE_IDX,01/07/2025,10:32:57,2254.7,0,0,0,0,0,0
DOL200.BSE_IDX,01/07/2025,10:33:05,2254.74,0,0,0,0,0,0
DOL200.BSE_IDX,01/07/2025,10:33:13,2254.83,0,0,0,0,0,0
DOL200.BSE_IDX,01/07/2025,10:33:21,2254.84,0,0,0,0,0,0
DOL200.BSE_IDX,01/07/2025,10:33:29,2254.83,0,0,0,0,0,0
DOL200.BSE_IDX,01/07/2025,10:33:37,2254.91,0,0,0,0,0,0
DOL200.BSE_IDX,01/07/2025,10:33:45,2254.98,0,0,0,0,0,0
DOL200.BSE_IDX,01/07/2025,10:33:53,2254.91,0,0,0,0,0,0
DOL200.BSE_IDX,01/07/2025,10:34:01,2254.78,0,0,0,0,0,0
DOL200.BSE_IDX,01/07/2025,10:34:09,2254.74,0,0,0,0,0,0
DOL200.BSE_IDX,01/07/2025,10:34:17,2254.65,0,0,0,0,0,0
DOL200.BSE_IDX,01/07/2025,10:34:25,2254.7,0,0,0,0,0,0
DOL200.BSE_IDX,01/07/2025,10:34:33,2254.79,0,0,0,0,0,0
DOL200.BSE_IDX,01/07/2025,10:34:41,2254.72,0,0,0,0,0,0
DOL200.BSE_IDX,01/07/2025,10:34:49,2254.74,0,0,0,0,0,0
DOL200.BSE_IDX,01/07/2025,10:34:58,2254.68,0,0,0,0,0,0
DOL200.BSE_IDX,01/07/2025,10:35:06,2254.74,0,0,0,0,0,0
DOL200.BSE_IDX,01/07/2025,10:35:14,2254.73,0,0,0,0,0,0
DOL200.BSE_IDX,01/07/2025,10:35:21,2254.74,0,0,0,0,0,0
DOL200.BSE_IDX,01/07/2025,10:35:29,2254.6,0,0,0,0,0,0
DOL200.BSE_IDX,01/07/2025,10:35:37,2254.47,0,0,0,0,0,0
DOL200.BSE_IDX,01/07/2025,10:35:45,2254.4,0,0,0,0,0,0
DOL200.BSE_IDX,01/07/2025,10:35:54,2254.46,0,0,0,0,0,0
DOL200.BSE_IDX,01/07/2025,10:36:02,2254.48,0,0,0,0,0,0
DOL200.BSE_IDX,01/07/2025,10:36:10,2254.34,0,0,0,0,0,0
DOL200.BSE_IDX,01/07/2025,10:36:17,2254.36,0,0,0,0,0,0
DOL200.BSE_IDX,01/07/2025,10:36:25,2254.27,0,0,0,0,0,0
DOL200.BSE_IDX,01/07/2025,10:36:34,2254.49,0,0,0,0,0,0
DOL200.BSE_IDX,01/07/2025,10:36:42,2254.5,0,0,0,0,0,0
DOL200.BSE_IDX,01/07/2025,10:36:49,2254.44,0,0,0,0,0,0
DOL200.BSE_IDX,01/07/2025,10:36:58,2254.32,0,0,0,0,0,0
DOL200.BSE_IDX,01/07/2025,10:37:05,2254.33,0,0,0,0,0,0
DOL200.BSE_IDX,01/07/2025,10:37:14,2254.23,0,0,0,0,0,0
DOL200.BSE_IDX,01/07/2025,10:37:21,2254.18,0,0,0,0,0,0
DOL200.BSE_IDX,01/07/2025,10:37:30,2254.18,0,0,0,0,0,0
DOL200.BSE_IDX,01/07/2025,10:37:38,2254.06,0,0,0,0,0,0
DOL200.BSE_IDX,01/07/2025,10:37:46,2253.97,0,0,0,0,0,0
DOL200.BSE_IDX,01/07/2025,10:37:54,2253.8,0,0,0,0,0,0
DOL200.BSE_IDX,01/07/2025,10:38:02,2253.77,0,0,0,0,0,0
DOL200.BSE_IDX,01/07/2025,10:38:10,2253.82,0,0,0,0,0,0
DOL200.BSE_IDX,01/07/2025,10:38:18,2253.87,0,0,0,0,0,0
DOL200.BSE_IDX,01/07/2025,10:38:26,2253.95,0,0,0,0,0,0
DOL200.BSE_IDX,01/07/2025,10:38:34,2253.84,0,0,0,0,0,0
DOL200.BSE_IDX,01/07/2025,10:38:42,2253.97,0,0,0,0,0,0
DOL200.BSE_IDX,01/07/2025,10:38:50,2254.07,0,0,0,0,0,0
DOL200.BSE_IDX,01/07/2025,10:38:58,2254.14,0,0,0,0,0,0
DOL200.BSE_IDX,01/07/2025,10:39:06,2254.43,0,0,0,0,0,0
DOL200.BSE_IDX,01/07/2025,10:39:14,2254.54,0,0,0,0,0,0
DOL200.BSE_IDX,01/07/2025,10:39:22,2254.64,0,0,0,0,0,0
DOL200.BSE_IDX,01/07/2025,10:39:30,2254.67,0,0,0,0,0,0
DOL200.BSE_IDX,01/07/2025,10:39:38,2254.68,0,0,0,0,0,0
DOL200.BSE_IDX,01/07/2025,10:39:46,2254.72,0,0,0,0,0,0
DOL200.BSE_IDX,01/07/2025,10:39:54,2254.81,0,0,0,0,0,0
DOL200.BSE_IDX,01/07/2025,10:40:02,2254.91,0,0,0,0,0,0
DOL200.BSE_IDX,01/07/2025,10:40:10,2254.68,0,0,0,0,0,0
DOL200.BSE_IDX,01/07/2025,10:40:18,2254.74,0,0,0,0,0,0
DOL200.BSE_IDX,01/07/2025,10:40:26,2254.61,0,0,0,0,0,0
DOL200.BSE_IDX,01/07/2025,10:40:34,2254.64,0,0,0,0,0,0
DOL200.BSE_IDX,01/07/2025,10:40:42,2254.53,0,0,0,0,0,0
DOL200.BSE_IDX,01/07/2025,10:40:50,2254.56,0,0,0,0,0,0
DOL200.BSE_IDX,01/07/2025,10:40:58,2254.57,0,0,0,0,0,0
DOL200.BSE_IDX,01/07/2025,10:41:06,2254.51,0,0,0,0,0,0
DOL200.BSE_IDX,01/07/2025,10:41:14,2254.36,0,0,0,0,0,0
DOL200.BSE_IDX,01/07/2025,10:41:22,2254.52,0,0,0,0,0,0
DOL200.BSE_IDX,01/07/2025,10:41:30,2254.48,0,0,0,0,0,0
DOL200.BSE_IDX,01/07/2025,10:41:38,2254.78,0,0,0,0,0,0
DOL200.BSE_IDX,01/07/2025,10:41:46,2254.64,0,0,0,0,0,0
DOL200.BSE_IDX,01/07/2025,10:41:54,2254.62,0,0,0,0,0,0
DOL200.BSE_IDX,01/07/2025,10:42:02,2254.67,0,0,0,0,0,0
DOL200.BSE_IDX,01/07/2025,10:42:10,2254.72,0,0,0,0,0,0
DOL200.BSE_IDX,01/07/2025,10:42:18,2254.81,0,0,0,0,0,0
DOL200.BSE_IDX,01/07/2025,10:42:26,2254.78,0,0,0,0,0,0
DOL200.BSE_IDX,01/07/2025,10:42:34,2254.69,0,0,0,0,0,0
DOL200.BSE_IDX,01/07/2025,10:42:42,2254.59,0,0,0,0,0,0
DOL200.BSE_IDX,01/07/2025,10:42:50,2254.56,0,0,0,0,0,0
DOL200.BSE_IDX,01/07/2025,10:42:58,2254.4,0,0,0,0,0,0
DOL200.BSE_IDX,01/07/2025,10:43:06,2254.51,0,0,0,0,0,0
DOL200.BSE_IDX,01/07/2025,10:43:14,2254.58,0,0,0,0,0,0
DOL200.BSE_IDX,01/07/2025,10:43:22,2254.5,0,0,0,0,0,0
DOL200.BSE_IDX,01/07/2025,10:43:30,2254.51,0,0,0,0,0,0
DOL200.BSE_IDX,01/07/2025,10:43:38,2254.34,0,0,0,0,0,0
DOL200.BSE_IDX,01/07/2025,10:43:46,2254.41,0,0,0,0,0,0
DOL200.BSE_IDX,01/07/2025,10:43:54,2254.28,0,0,0,0,0,0
DOL200.BSE_IDX,01/07/2025,10:44:02,2254.2,0,0,0,0,0,0
DOL200.BSE_IDX,01/07/2025,10:44:10,2254.04,0,0,0,0,0,0
DOL200.BSE_IDX,01/07/2025,10:44:18,2253.99,0,0,0,0,0,0
DOL200.BSE_IDX,01/07/2025,10:44:26,2254,0,0,0,0,0,0
DOL200.BSE_IDX,01/07/2025,10:44:34,2253.95,0,0,0,0,0,0
DOL200.BSE_IDX,01/07/2025,10:44:42,2253.97,0,0,0,0,0,0
DOL200.BSE_IDX,01/07/2025,10:44:50,2254.01,0,0,0,0,0,0
DOL200.BSE_IDX,01/07/2025,10:44:58,2253.79,0,0,0,0,0,0
DOL200.BSE_IDX,01/07/2025,10:45:07,2253.69,0,0,0,0,0,0
DOL200.BSE_IDX,01/07/2025,10:45:14,2253.71,0,0,0,0,0,0
DOL200.BSE_IDX,01/07/2025,10:45:22,2253.6,0,0,0,0,0,0
DOL200.BSE_IDX,01/07/2025,10:45:30,2253.69,0,0,0,0,0,0
DOL200.BSE_IDX,01/07/2025,10:45:38,2253.62,0,0,0,0,0,0
DOL200.BSE_IDX,01/07/2025,10:45:46,2253.77,0,0,0,0,0,0
DOL200.BSE_IDX,01/07/2025,10:45:54,2253.57,0,0,0,0,0,0
DOL200.BSE_IDX,01/07/2025,10:46:02,2253.51,0,0,0,0,0,0
DOL200.BSE_IDX,01/07/2025,10:46:10,2253.43,0,0,0,0,0,0
DOL200.BSE_IDX,01/07/2025,10:46:18,2253.47,0,0,0,0,0,0
DOL200.BSE_IDX,01/07/2025,10:46:26,2253.54,0,0,0,0,0,0
DOL200.BSE_IDX,01/07/2025,10:46:34,2253.47,0,0,0,0,0,0
DOL200.BSE_IDX,01/07/2025,10:46:42,2253.48,0,0,0,0,0,0
DOL200.BSE_IDX,01/07/2025,10:46:50,2253.59,0,0,0,0,0,0
DOL200.BSE_IDX,01/07/2025,10:46:58,2253.5,0,0,0,0,0,0
DOL200.BSE_IDX,01/07/2025,10:47:06,2253.56,0,0,0,0,0,0
DOL200.BSE_IDX,01/07/2025,10:47:14,2253.46,0,0,0,0,0,0
DOL200.BSE_IDX,01/07/2025,10:47:22,2253.39,0,0,0,0,0,0
DOL200.BSE_IDX,01/07/2025,10:47:30,2253.38,0,0,0,0,0,0
DOL200.BSE_IDX,01/07/2025,10:47:38,2253.48,0,0,0,0,0,0
DOL200.BSE_IDX,01/07/2025,10:47:46,2253.53,0,0,0,0,0,0
DOL200.BSE_IDX,01/07/2025,10:47:54,2253.7,0,0,0,0,0,0
DOL200.BSE_IDX,01/07/2025,10:48:02,2253.7,0,0,0,0,0,0
DOL200.BSE_IDX,01/07/2025,10:48:10,2253.65,0,0,0,0,0,0
DOL200.BSE_IDX,01/07/2025,10:48:18,2253.7,0,0,0,0,0,0
DOL200.BSE_IDX,01/07/2025,10:48:26,2253.85,0,0,0,0,0,0
DOL200.BSE_IDX,01/07/2025,10:48:34,2253.8,0,0,0,0,0,0
DOL200.BSE_IDX,01/07/2025,10:48:42,2253.82,0,0,0,0,0,0
DOL200.BSE_IDX,01/07/2025,10:48:50,2254,0,0,0,0,0,0
DOL200.BSE_IDX,01/07/2025,10:48:58,2253.93,0,0,0,0,0,0
DOL200.BSE_IDX,01/07/2025,10:49:06,2253.87,0,0,0,0,0,0
DOL200.BSE_IDX,01/07/2025,10:49:14,2253.61,0,0,0,0,0,0
DOL200.BSE_IDX,01/07/2025,10:49:22,2253.47,0,0,0,0,0,0
DOL200.BSE_IDX,01/07/2025,10:49:30,2253.4,0,0,0,0,0,0
DOL200.BSE_IDX,01/07/2025,10:49:38,2253.29,0,0,0,0,0,0
DOL200.BSE_IDX,01/07/2025,10:49:46,2253.34,0,0,0,0,0,0
DOL200.BSE_IDX,01/07/2025,10:49:54,2253.24,0,0,0,0,0,0
DOL200.BSE_IDX,01/07/2025,10:50:02,2253.22,0,0,0,0,0,0
DOL200.BSE_IDX,01/07/2025,10:50:10,2253.11,0,0,0,0,0,0
DOL200.BSE_IDX,01/07/2025,10:50:18,2253.12,0,0,0,0,0,0
DOL200.BSE_IDX,01/07/2025,10:50:26,2253.07,0,0,0,0,0,0
DOL200.BSE_IDX,01/07/2025,10:50:34,2253.24,0,0,0,0,0,0
DOL200.BSE_IDX,01/07/2025,10:50:42,2253.2,0,0,0,0,0,0
DOL200.BSE_IDX,01/07/2025,10:50:50,2253.12,0,0,0,0,0,0
DOL200.BSE_IDX,01/07/2025,10:50:58,2253.15,0,0,0,0,0,0
DOL200.BSE_IDX,01/07/2025,10:51:06,2253.08,0,0,0,0,0,0
DOL200.BSE_IDX,01/07/2025,10:51:14,2253.06,0,0,0,0,0,0
DOL200.BSE_IDX,01/07/2025,10:51:22,2252.98,0,0,0,0,0,0
DOL200.BSE_IDX,01/07/2025,10:51:30,2252.96,0,0,0,0,0,0
DOL200.BSE_IDX,01/07/2025,10:51:38,2252.99,0,0,0,0,0,0
DOL200.BSE_IDX,01/07/2025,10:51:46,2252.96,0,0,0,0,0,0
DOL200.BSE_IDX,01/07/2025,10:51:54,2252.76,0,0,0,0,0,0
DOL200.BSE_IDX,01/07/2025,10:52:02,2252.72,0,0,0,0,0,0
DOL200.BSE_IDX,01/07/2025,10:52:10,2252.73,0,0,0,0,0,0
DOL200.BSE_IDX,01/07/2025,10:52:18,2252.5,0,0,0,0,0,0
DOL200.BSE_IDX,01/07/2025,10:52:26,2252.32,0,0,0,0,0,0
DOL200.BSE_IDX,01/07/2025,10:52:34,2252.26,0,0,0,0,0,0
DOL200.BSE_IDX,01/07/2025,10:52:43,2252.01,0,0,0,0,0,0
DOL200.BSE_IDX,01/07/2025,10:52:50,2251.92,0,0,0,0,0,0
DOL200.BSE_IDX,01/07/2025,10:52:58,2251.79,0,0,0,0,0,0
DOL200.BSE_IDX,01/07/2025,10:53:06,2251.73,0,0,0,0,0,0
DOL200.BSE_IDX,01/07/2025,10:53:14,2251.7,0,0,0,0,0,0
DOL200.BSE_IDX,01/07/2025,10:53:22,2251.7,0,0,0,0,0,0
DOL200.BSE_IDX,01/07/2025,10:53:30,2251.82,0,0,0,0,0,0
DOL200.BSE_IDX,01/07/2025,10:53:38,2251.9,0,0,0,0,0,0
DOL200.BSE_IDX,01/07/2025,10:53:46,2251.97,0,0,0,0,0,0
DOL200.BSE_IDX,01/07/2025,10:53:54,2251.97,0,0,0,0,0,0
DOL200.BSE_IDX,01/07/2025,10:54:02,2252.06,0,0,0,0,0,0
DOL200.BSE_IDX,01/07/2025,10:54:10,2252.05,0,0,0,0,0,0
DOL200.BSE_IDX,01/07/2025,10:54:18,2252.08,0,0,0,0,0,0
DOL200.BSE_IDX,01/07/2025,10:54:26,2252.06,0,0,0,0,0,0
DOL200.BSE_IDX,01/07/2025,10:54:34,2252.21,0,0,0,0,0,0
DOL200.BSE_IDX,01/07/2025,10:54:42,2252.35,0,0,0,0,0,0
DOL200.BSE_IDX,01/07/2025,10:54:51,2252.41,0,0,0,0,0,0
DOL200.BSE_IDX,01/07/2025,10:54:58,2252.38,0,0,0,0,0,0
DOL200.BSE_IDX,01/07/2025,10:55:06,2252.39,0,0,0,0,0,0
DOL200.BSE_IDX,01/07/2025,10:55:14,2252.29,0,0,0,0,0,0
DOL200.BSE_IDX,01/07/2025,10:55:22,2252.3,0,0,0,0,0,0
DOL200.BSE_IDX,01/07/2025,10:55:30,2252.27,0,0,0,0,0,0
DOL200.BSE_IDX,01/07/2025,10:55:38,2252.25,0,0,0,0,0,0
DOL200.BSE_IDX,01/07/2025,10:55:46,2252.14,0,0,0,0,0,0
DOL200.BSE_IDX,01/07/2025,10:55:54,2252.11,0,0,0,0,0,0
DOL200.BSE_IDX,01/07/2025,10:56:02,2251.94,0,0,0,0,0,0
DOL200.BSE_IDX,01/07/2025,10:56:10,2251.91,0,0,0,0,0,0
DOL200.BSE_IDX,01/07/2025,10:56:18,2251.81,0,0,0,0,0,0
DOL200.BSE_IDX,01/07/2025,10:56:26,2251.69,0,0,0,0,0,0
DOL200.BSE_IDX,01/07/2025,10:56:34,2251.75,0,0,0,0,0,0
DOL200.BSE_IDX,01/07/2025,10:56:42,2251.69,0,0,0,0,0,0
DOL200.BSE_IDX,01/07/2025,10:56:50,2251.69,0,0,0,0,0,0
DOL200.BSE_IDX,01/07/2025,10:56:58,2251.51,0,0,0,0,0,0
DOL200.BSE_IDX,01/07/2025,10:57:06,2251.44,0,0,0,0,0,0
DOL200.BSE_IDX,01/07/2025,10:57:14,2251.38,0,0,0,0,0,0
DOL200.BSE_IDX,01/07/2025,10:57:22,2251.37,0,0,0,0,0,0
DOL200.BSE_IDX,01/07/2025,10:57:30,2251.31,0,0,0,0,0,0
DOL200.BSE_IDX,01/07/2025,10:57:39,2251.46,0,0,0,0,0,0
DOL200.BSE_IDX,01/07/2025,10:57:46,2251.5,0,0,0,0,0,0
DOL200.BSE_IDX,01/07/2025,10:57:54,2251.44,0,0,0,0,0,0
DOL200.BSE_IDX,01/07/2025,10:58:02,2251.42,0,0,0,0,0,0
DOL200.BSE_IDX,01/07/2025,10:58:10,2251.46,0,0,0,0,0,0
DOL200.BSE_IDX,01/07/2025,10:58:18,2251.28,0,0,0,0,0,0
DOL200.BSE_IDX,01/07/2025,10:58:26,2251.27,0,0,0,0,0,0
DOL200.BSE_IDX,01/07/2025,10:58:34,2251.35,0,0,0,0,0,0
DOL200.BSE_IDX,01/07/2025,10:58:42,2251.34,0,0,0,0,0,0
DOL200.BSE_IDX,01/07/2025,10:58:50,2251.51,0,0,0,0,0,0
DOL200.BSE_IDX,01/07/2025,10:58:58,2251.31,0,0,0,0,0,0
DOL200.BSE_IDX,01/07/2025,10:59:06,2251.26,0,0,0,0,0,0
DOL200.BSE_IDX,01/07/2025,10:59:14,2251.26,0,0,0,0,0,0
DOL200.BSE_IDX,01/07/2025,10:59:22,2251.23,0,0,0,0,0,0
DOL200.BSE_IDX,01/07/2025,10:59:30,2251.19,0,0,0,0,0,0
DOL200.BSE_IDX,01/07/2025,10:59:38,2251.07,0,0,0,0,0,0
DOL200.BSE_IDX,01/07/2025,10:59:47,2251.08,0,0,0,0,0,0
DOL200.BSE_IDX,01/07/2025,10:59:55,2251.07,0,0,0,0,0,0
DOL200.BSE_IDX,01/07/2025,11:00:03,2251.06,0,0,0,0,0,0
DOL200.BSE_IDX,01/07/2025,11:00:11,2250.94,0,0,0,0,0,0
DOL200.BSE_IDX,01/07/2025,11:00:18,2251.06,0,0,0,0,0,0
DOL200.BSE_IDX,01/07/2025,11:00:26,2251.09,0,0,0,0,0,0
DOL200.BSE_IDX,01/07/2025,11:00:34,2251.14,0,0,0,0,0,0
DOL200.BSE_IDX,01/07/2025,11:00:42,2251.07,0,0,0,0,0,0
DOL200.BSE_IDX,01/07/2025,11:00:50,2251.16,0,0,0,0,0,0
DOL200.BSE_IDX,01/07/2025,11:00:58,2251.19,0,0,0,0,0,0
DOL200.BSE_IDX,01/07/2025,11:01:06,2251.22,0,0,0,0,0,0
DOL200.BSE_IDX,01/07/2025,11:01:15,2251.29,0,0,0,0,0,0
DOL200.BSE_IDX,01/07/2025,11:01:22,2251.02,0,0,0,0,0,0
DOL200.BSE_IDX,01/07/2025,11:01:30,2251.03,0,0,0,0,0,0
DOL200.BSE_IDX,01/07/2025,11:01:38,2250.96,0,0,0,0,0,0
DOL200.BSE_IDX,01/07/2025,11:01:46,2250.77,0,0,0,0,0,0
DOL200.BSE_IDX,01/07/2025,11:01:54,2250.73,0,0,0,0,0,0
DOL200.BSE_IDX,01/07/2025,11:02:02,2250.88,0,0,0,0,0,0
DOL200.BSE_IDX,01/07/2025,11:02:10,2250.67,0,0,0,0,0,0
DOL200.BSE_IDX,01/07/2025,11:02:18,2250.73,0,0,0,0,0,0
DOL200.BSE_IDX,01/07/2025,11:02:27,2250.78,0,0,0,0,0,0
DOL200.BSE_IDX,01/07/2025,11:02:34,2250.81,0,0,0,0,0,0
DOL200.BSE_IDX,01/07/2025,11:02:42,2250.62,0,0,0,0,0,0
DOL200.BSE_IDX,01/07/2025,11:02:51,2250.67,0,0,0,0,0,0
DOL200.BSE_IDX,01/07/2025,11:02:58,2250.54,0,0,0,0,0,0
DOL200.BSE_IDX,01/07/2025,11:03:06,2250.45,0,0,0,0,0,0
DOL200.BSE_IDX,01/07/2025,11:03:14,2250.43,0,0,0,0,0,0
DOL200.BSE_IDX,01/07/2025,11:03:22,2250.41,0,0,0,0,0,0
DOL200.BSE_IDX,01/07/2025,11:03:31,2250.35,0,0,0,0,0,0
DOL200.BSE_IDX,01/07/2025,11:03:38,2250.37,0,0,0,0,0,0
DOL200.BSE_IDX,01/07/2025,11:03:46,2250.43,0,0,0,0,0,0
DOL200.BSE_IDX,01/07/2025,11:03:54,2250.38,0,0,0,0,0,0
DOL200.BSE_IDX,01/07/2025,11:04:02,2250.44,0,0,0,0,0,0
DOL200.BSE_IDX,01/07/2025,11:04:10,2250.33,0,0,0,0,0,0
DOL200.BSE_IDX,01/07/2025,11:04:18,2250.35,0,0,0,0,0,0
DOL200.BSE_IDX,01/07/2025,11:04:27,2250.33,0,0,0,0,0,0
DOL200.BSE_IDX,01/07/2025,11:04:34,2250.39,0,0,0,0,0,0
DOL200.BSE_IDX,01/07/2025,11:04:42,2250.33,0,0,0,0,0,0
DOL200.BSE_IDX,01/07/2025,11:04:51,2250.49,0,0,0,0,0,0
DOL200.BSE_IDX,01/07/2025,11:04:58,2250.51,0,0,0,0,0,0
DOL200.BSE_IDX,01/07/2025,11:05:06,2250.64,0,0,0,0,0,0
DOL200.BSE_IDX,01/07/2025,11:05:14,2250.73,0,0,0,0,0,0
DOL200.BSE_IDX,01/07/2025,11:05:22,2250.69,0,0,0,0,0,0
DOL200.BSE_IDX,01/07/2025,11:05:30,2250.8,0,0,0,0,0,0
DOL200.BSE_IDX,01/07/2025,11:05:38,2250.79,0,0,0,0,0,0
DOL200.BSE_IDX,01/07/2025,11:05:46,2250.84,0,0,0,0,0,0
DOL200.BSE_IDX,01/07/2025,11:05:54,2250.89,0,0,0,0,0,0
DOL200.BSE_IDX,01/07/2025,11:06:02,2250.91,0,0,0,0,0,0
DOL200.BSE_IDX,01/07/2025,11:06:11,2251.07,0,0,0,0,0,0
DOL200.BSE_IDX,01/07/2025,11:06:19,2251.29,0,0,0,0,0,0
DOL200.BSE_IDX,01/07/2025,11:06:26,2251.26,0,0,0,0,0,0
DOL200.BSE_IDX,01/07/2025,11:06:34,2251.1,0,0,0,0,0,0
DOL200.BSE_IDX,01/07/2025,11:06:42,2251.12,0,0,0,0,0,0
DOL200.BSE_IDX,01/07/2025,11:06:50,2251.24,0,0,0,0,0,0
DOL200.BSE_IDX,01/07/2025,11:06:58,2251.27,0,0,0,0,0,0
DOL200.BSE_IDX,01/07/2025,11:07:06,2251.28,0,0,0,0,0,0
DOL200.BSE_IDX,01/07/2025,11:07:15,2251.34,0,0,0,0,0,0
DOL200.BSE_IDX,01/07/2025,11:07:22,2251.34,0,0,0,0,0,0
DOL200.BSE_IDX,01/07/2025,11:07:30,2251.36,0,0,0,0,0,0
DOL200.BSE_IDX,01/07/2025,11:07:38,2251.38,0,0,0,0,0,0
DOL200.BSE_IDX,01/07/2025,11:07:46,2251.53,0,0,0,0,0,0
DOL200.BSE_IDX,01/07/2025,11:07:54,2251.63,0,0,0,0,0,0
DOL200.BSE_IDX,01/07/2025,11:08:02,2251.69,0,0,0,0,0,0
DOL200.BSE_IDX,01/07/2025,11:08:11,2251.64,0,0,0,0,0,0
DOL200.BSE_IDX,01/07/2025,11:08:18,2251.67,0,0,0,0,0,0
DOL200.BSE_IDX,01/07/2025,11:08:26,2251.75,0,0,0,0,0,0
DOL200.BSE_IDX,01/07/2025,11:08:35,2251.52,0,0,0,0,0,0
DOL200.BSE_IDX,01/07/2025,11:08:43,2251.6,0,0,0,0,0,0
DOL200.BSE_IDX,01/07/2025,11:08:51,2251.72,0,0,0,0,0,0
DOL200.BSE_IDX,01/07/2025,11:08:58,2251.82,0,0,0,0,0,0
DOL200.BSE_IDX,01/07/2025,11:09:07,2251.83,0,0,0,0,0,0
DOL200.BSE_IDX,01/07/2025,11:09:15,2251.57,0,0,0,0,0,0
DOL200.BSE_IDX,01/07/2025,11:09:23,2251.43,0,0,0,0,0,0
DOL200.BSE_IDX,01/07/2025,11:09:31,2251.56,0,0,0,0,0,0
DOL200.BSE_IDX,01/07/2025,11:09:39,2251.52,0,0,0,0,0,0
DOL200.BSE_IDX,01/07/2025,11:09:46,2251.68,0,0,0,0,0,0
DOL200.BSE_IDX,01/07/2025,11:09:55,2251.6,0,0,0,0,0,0
DOL200.BSE_IDX,01/07/2025,11:10:03,2251.67,0,0,0,0,0,0
DOL200.BSE_IDX,01/07/2025,11:10:11,2251.69,0,0,0,0,0,0
DOL200.BSE_IDX,01/07/2025,11:10:19,2251.61,0,0,0,0,0,0
DOL200.BSE_IDX,01/07/2025,11:10:27,2251.64,0,0,0,0,0,0
DOL200.BSE_IDX,01/07/2025,11:10:35,2251.73,0,0,0,0,0,0
DOL200.BSE_IDX,01/07/2025,11:10:43,2251.79,0,0,0,0,0,0
DOL200.BSE_IDX,01/07/2025,11:10:51,2251.77,0,0,0,0,0,0
DOL200.BSE_IDX,01/07/2025,11:10:59,2251.78,0,0,0,0,0,0
DOL200.BSE_IDX,01/07/2025,11:11:07,2251.9,0,0,0,0,0,0
DOL200.BSE_IDX,01/07/2025,11:11:15,2251.82,0,0,0,0,0,0
DOL200.BSE_IDX,01/07/2025,11:11:23,2251.8,0,0,0,0,0,0
DOL200.BSE_IDX,01/07/2025,11:11:31,2251.75,0,0,0,0,0,0
DOL200.BSE_IDX,01/07/2025,11:11:39,2251.7,0,0,0,0,0,0
DOL200.BSE_IDX,01/07/2025,11:11:47,2251.61,0,0,0,0,0,0
DOL200.BSE_IDX,01/07/2025,11:11:55,2251.64,0,0,0,0,0,0
DOL200.BSE_IDX,01/07/2025,11:12:03,2251.68,0,0,0,0,0,0
DOL200.BSE_IDX,01/07/2025,11:12:11,2251.74,0,0,0,0,0,0
DOL200.BSE_IDX,01/07/2025,11:12:19,2251.69,0,0,0,0,0,0
DOL200.BSE_IDX,01/07/2025,11:12:27,2251.66,0,0,0,0,0,0
DOL200.BSE_IDX,01/07/2025,11:12:35,2251.74,0,0,0,0,0,0
DOL200.BSE_IDX,01/07/2025,11:12:43,2251.61,0,0,0,0,0,0
DOL200.BSE_IDX,01/07/2025,11:12:51,2251.64,0,0,0,0,0,0
DOL200.BSE_IDX,01/07/2025,11:12:59,2251.66,0,0,0,0,0,0
DOL200.BSE_IDX,01/07/2025,11:13:07,2251.7,0,0,0,0,0,0
DOL200.BSE_IDX,01/07/2025,11:13:16,2251.64,0,0,0,0,0,0
DOL200.BSE_IDX,01/07/2025,11:13:23,2251.55,0,0,0,0,0,0
DOL200.BSE_IDX,01/07/2025,11:13:31,2251.52,0,0,0,0,0,0
DOL200.BSE_IDX,01/07/2025,11:13:39,2251.53,0,0,0,0,0,0
DOL200.BSE_IDX,01/07/2025,11:13:47,2251.65,0,0,0,0,0,0
DOL200.BSE_IDX,01/07/2025,11:13:55,2251.69,0,0,0,0,0,0
DOL200.BSE_IDX,01/07/2025,11:14:03,2251.79,0,0,0,0,0,0
DOL200.BSE_IDX,01/07/2025,11:14:11,2251.64,0,0,0,0,0,0
DOL200.BSE_IDX,01/07/2025,11:14:19,2251.75,0,0,0,0,0,0
DOL200.BSE_IDX,01/07/2025,11:14:27,2251.89,0,0,0,0,0,0
DOL200.BSE_IDX,01/07/2025,11:14:35,2251.92,0,0,0,0,0,0
DOL200.BSE_IDX,01/07/2025,11:14:43,2251.95,0,0,0,0,0,0
DOL200.BSE_IDX,01/07/2025,11:14:51,2252,0,0,0,0,0,0
DOL200.BSE_IDX,01/07/2025,11:14:59,2252.03,0,0,0,0,0,0
DOL200.BSE_IDX,01/07/2025,11:15:07,2252.04,0,0,0,0,0,0
DOL200.BSE_IDX,01/07/2025,11:15:15,2252.05,0,0,0,0,0,0
DOL200.BSE_IDX,01/07/2025,11:15:23,2252.18,0,0,0,0,0,0
DOL200.BSE_IDX,01/07/2025,11:15:31,2252,0,0,0,0,0,0
DOL200.BSE_IDX,01/07/2025,11:15:39,2252.13,0,0,0,0,0,0
DOL200.BSE_IDX,01/07/2025,11:15:47,2252.15,0,0,0,0,0,0
DOL200.BSE_IDX,01/07/2025,11:15:56,2252.26,0,0,0,0,0,0
DOL200.BSE_IDX,01/07/2025,11:16:03,2252.11,0,0,0,0,0,0
DOL200.BSE_IDX,01/07/2025,11:16:11,2252.07,0,0,0,0,0,0
DOL200.BSE_IDX,01/07/2025,11:16:19,2252.08,0,0,0,0,0,0
DOL200.BSE_IDX,01/07/2025,11:16:27,2251.81,0,0,0,0,0,0
DOL200.BSE_IDX,01/07/2025,11:16:35,2251.75,0,0,0,0,0,0
DOL200.BSE_IDX,01/07/2025,11:16:43,2251.64,0,0,0,0,0,0
DOL200.BSE_IDX,01/07/2025,11:16:51,2251.66,0,0,0,0,0,0
DOL200.BSE_IDX,01/07/2025,11:16:59,2251.67,0,0,0,0,0,0
DOL200.BSE_IDX,01/07/2025,11:17:07,2251.68,0,0,0,0,0,0
DOL200.BSE_IDX,01/07/2025,11:17:15,2251.77,0,0,0,0,0,0
DOL200.BSE_IDX,01/07/2025,11:17:23,2251.96,0,0,0,0,0,0
DOL200.BSE_IDX,01/07/2025,11:17:31,2252.22,0,0,0,0,0,0
DOL200.BSE_IDX,01/07/2025,11:17:39,2252.37,0,0,0,0,0,0
DOL200.BSE_IDX,01/07/2025,11:17:47,2252.62,0,0,0,0,0,0
DOL200.BSE_IDX,01/07/2025,11:17:57,2252.68,0,0,0,0,0,0
DOL200.BSE_IDX,01/07/2025,11:18:03,2252.66,0,0,0,0,0,0
DOL200.BSE_IDX,01/07/2025,11:18:11,2252.62,0,0,0,0,0,0
DOL200.BSE_IDX,01/07/2025,11:18:19,2252.62,0,0,0,0,0,0
DOL200.BSE_IDX,01/07/2025,11:18:27,2252.67,0,0,0,0,0,0
DOL200.BSE_IDX,01/07/2025,11:18:35,2252.84,0,0,0,0,0,0
DOL200.BSE_IDX,01/07/2025,11:18:44,2252.82,0,0,0,0,0,0
DOL200.BSE_IDX,01/07/2025,11:18:51,2252.94,0,0,0,0,0,0
DOL200.BSE_IDX,01/07/2025,11:18:59,2252.73,0,0,0,0,0,0
DOL200.BSE_IDX,01/07/2025,11:19:08,2252.67,0,0,0,0,0,0
DOL200.BSE_IDX,01/07/2025,11:19:15,2252.73,0,0,0,0,0,0
DOL200.BSE_IDX,01/07/2025,11:19:23,2252.67,0,0,0,0,0,0
DOL200.BSE_IDX,01/07/2025,11:19:31,2252.55,0,0,0,0,0,0
DOL200.BSE_IDX,01/07/2025,11:19:39,2252.46,0,0,0,0,0,0
DOL200.BSE_IDX,01/07/2025,11:19:47,2252.38,0,0,0,0,0,0
DOL200.BSE_IDX,01/07/2025,11:19:55,2252.03,0,0,0,0,0,0
DOL200.BSE_IDX,01/07/2025,11:20:03,2252.02,0,0,0,0,0,0
DOL200.BSE_IDX,01/07/2025,11:20:11,2252.16,0,0,0,0,0,0
DOL200.BSE_IDX,01/07/2025,11:20:19,2252.17,0,0,0,0,0,0
DOL200.BSE_IDX,01/07/2025,11:20:27,2252.23,0,0,0,0,0,0
DOL200.BSE_IDX,01/07/2025,11:20:35,2252.31,0,0,0,0,0,0
DOL200.BSE_IDX,01/07/2025,11:20:43,2252.31,0,0,0,0,0,0
DOL200.BSE_IDX,01/07/2025,11:20:51,2252.3,0,0,0,0,0,0
DOL200.BSE_IDX,01/07/2025,11:20:59,2252.34,0,0,0,0,0,0
DOL200.BSE_IDX,01/07/2025,11:21:07,2252.29,0,0,0,0,0,0
DOL200.BSE_IDX,01/07/2025,11:21:15,2252.35,0,0,0,0,0,0
DOL200.BSE_IDX,01/07/2025,11:21:24,2252.4,0,0,0,0,0,0
DOL200.BSE_IDX,01/07/2025,11:21:31,2252.42,0,0,0,0,0,0
DOL200.BSE_IDX,01/07/2025,11:21:39,2252.26,0,0,0,0,0,0
DOL200.BSE_IDX,01/07/2025,11:21:47,2252.23,0,0,0,0,0,0
DOL200.BSE_IDX,01/07/2025,11:21:56,2252.28,0,0,0,0,0,0
DOL200.BSE_IDX,01/07/2025,11:22:03,2252.33,0,0,0,0,0,0
DOL200.BSE_IDX,01/07/2025,11:22:11,2252.27,0,0,0,0,0,0
DOL200.BSE_IDX,01/07/2025,11:22:19,2252.31,0,0,0,0,0,0
DOL200.BSE_IDX,01/07/2025,11:22:28,2252.29,0,0,0,0,0,0
DOL200.BSE_IDX,01/07/2025,11:22:35,2252.32,0,0,0,0,0,0
DOL200.BSE_IDX,01/07/2025,11:22:43,2252.26,0,0,0,0,0,0
DOL200.BSE_IDX,01/07/2025,11:22:51,2252.23,0,0,0,0,0,0
DOL200.BSE_IDX,01/07/2025,11:22:59,2252.27,0,0,0,0,0,0
DOL200.BSE_IDX,01/07/2025,11:23:07,2252.26,0,0,0,0,0,0
DOL200.BSE_IDX,01/07/2025,11:23:15,2252.39,0,0,0,0,0,0
DOL200.BSE_IDX,01/07/2025,11:23:23,2252.33,0,0,0,0,0,0
DOL200.BSE_IDX,01/07/2025,11:23:31,2252.27,0,0,0,0,0,0
DOL200.BSE_IDX,01/07/2025,11:23:39,2252.27,0,0,0,0,0,0
DOL200.BSE_IDX,01/07/2025,11:23:47,2252.31,0,0,0,0,0,0
DOL200.BSE_IDX,01/07/2025,11:23:55,2252.26,0,0,0,0,0,0
DOL200.BSE_IDX,01/07/2025,11:24:04,2252.13,0,0,0,0,0,0
DOL200.BSE_IDX,01/07/2025,11:24:11,2252.23,0,0,0,0,0,0
DOL200.BSE_IDX,01/07/2025,11:24:19,2252.17,0,0,0,0,0,0
DOL200.BSE_IDX,01/07/2025,11:24:27,2252.14,0,0,0,0,0,0
DOL200.BSE_IDX,01/07/2025,11:24:35,2252.01,0,0,0,0,0,0
DOL200.BSE_IDX,01/07/2025,11:24:43,2252.02,0,0,0,0,0,0
DOL200.BSE_IDX,01/07/2025,11:24:52,2251.95,0,0,0,0,0,0
DOL200.BSE_IDX,01/07/2025,11:25:00,2252.01,0,0,0,0,0,0
DOL200.BSE_IDX,01/07/2025,11:25:07,2252.09,0,0,0,0,0,0
DOL200.BSE_IDX,01/07/2025,11:25:15,2252.04,0,0,0,0,0,0
DOL200.BSE_IDX,01/07/2025,11:25:23,2251.95,0,0,0,0,0,0
DOL200.BSE_IDX,01/07/2025,11:25:31,2251.98,0,0,0,0,0,0
DOL200.BSE_IDX,01/07/2025,11:25:41,2251.92,0,0,0,0,0,0
DOL200.BSE_IDX,01/07/2025,11:25:47,2251.81,0,0,0,0,0,0
DOL200.BSE_IDX,01/07/2025,11:25:55,2251.78,0,0,0,0,0,0
DOL200.BSE_IDX,01/07/2025,11:26:03,2251.85,0,0,0,0,0,0
DOL200.BSE_IDX,01/07/2025,11:26:11,2251.74,0,0,0,0,0,0
DOL200.BSE_IDX,01/07/2025,11:26:19,2251.83,0,0,0,0,0,0
DOL200.BSE_IDX,01/07/2025,11:26:27,2251.81,0,0,0,0,0,0
DOL200.BSE_IDX,01/07/2025,11:26:35,2251.88,0,0,0,0,0,0
DOL200.BSE_IDX,01/07/2025,11:26:43,2251.88,0,0,0,0,0,0
DOL200.BSE_IDX,01/07/2025,11:26:51,2251.81,0,0,0,0,0,0
DOL200.BSE_IDX,01/07/2025,11:26:59,2251.92,0,0,0,0,0,0
DOL200.BSE_IDX,01/07/2025,11:27:07,2251.88,0,0,0,0,0,0
DOL200.BSE_IDX,01/07/2025,11:27:15,2251.94,0,0,0,0,0,0
DOL200.BSE_IDX,01/07/2025,11:27:23,2251.8,0,0,0,0,0,0
DOL200.BSE_IDX,01/07/2025,11:27:31,2251.9,0,0,0,0,0,0
DOL200.BSE_IDX,01/07/2025,11:27:39,2251.95,0,0,0,0,0,0
DOL200.BSE_IDX,01/07/2025,11:27:47,2251.91,0,0,0,0,0,0
DOL200.BSE_IDX,01/07/2025,11:27:55,2251.94,0,0,0,0,0,0
DOL200.BSE_IDX,01/07/2025,11:28:03,2251.94,0,0,0,0,0,0
DOL200.BSE_IDX,01/07/2025,11:28:11,2251.85,0,0,0,0,0,0
DOL200.BSE_IDX,01/07/2025,11:28:19,2251.73,0,0,0,0,0,0
DOL200.BSE_IDX,01/07/2025,11:28:27,2251.78,0,0,0,0,0,0
DOL200.BSE_IDX,01/07/2025,11:28:36,2251.98,0,0,0,0,0,0
DOL200.BSE_IDX,01/07/2025,11:28:43,2251.94,0,0,0,0,0,0
DOL200.BSE_IDX,01/07/2025,11:28:51,2251.99,0,0,0,0,0,0
DOL200.BSE_IDX,01/07/2025,11:28:59,2251.99,0,0,0,0,0,0
DOL200.BSE_IDX,01/07/2025,11:29:07,2251.97,0,0,0,0,0,0
DOL200.BSE_IDX,01/07/2025,11:29:16,2251.97,0,0,0,0,0,0
DOL200.BSE_IDX,01/07/2025,11:29:24,2251.9,0,0,0,0,0,0
DOL200.BSE_IDX,01/07/2025,11:29:31,2251.95,0,0,0,0,0,0
DOL200.BSE_IDX,01/07/2025,11:29:39,2252.06,0,0,0,0,0,0
DOL200.BSE_IDX,01/07/2025,11:29:47,2252.17,0,0,0,0,0,0
DOL200.BSE_IDX,01/07/2025,11:29:55,2252.2,0,0,0,0,0,0
DOL200.BSE_IDX,01/07/2025,11:30:03,2252.32,0,0,0,0,0,0
DOL200.BSE_IDX,01/07/2025,11:30:11,2252.25,0,0,0,0,0,0
DOL200.BSE_IDX,01/07/2025,11:30:19,2252.3,0,0,0,0,0,0
DOL200.BSE_IDX,01/07/2025,11:30:27,2252.32,0,0,0,0,0,0
DOL200.BSE_IDX,01/07/2025,11:30:35,2252.32,0,0,0,0,0,0
DOL200.BSE_IDX,01/07/2025,11:30:43,2252.45,0,0,0,0,0,0
DOL200.BSE_IDX,01/07/2025,11:30:51,2252.44,0,0,0,0,0,0
DOL200.BSE_IDX,01/07/2025,11:30:59,2252.4,0,0,0,0,0,0
DOL200.BSE_IDX,01/07/2025,11:31:07,2252.24,0,0,0,0,0,0
DOL200.BSE_IDX,01/07/2025,11:31:15,2252.12,0,0,0,0,0,0
DOL200.BSE_IDX,01/07/2025,11:31:23,2252.02,0,0,0,0,0,0
DOL200.BSE_IDX,01/07/2025,11:31:31,2251.98,0,0,0,0,0,0
DOL200.BSE_IDX,01/07/2025,11:31:39,2251.98,0,0,0,0,0,0
DOL200.BSE_IDX,01/07/2025,11:31:47,2252.02,0,0,0,0,0,0
DOL200.BSE_IDX,01/07/2025,11:31:55,2252.04,0,0,0,0,0,0
DOL200.BSE_IDX,01/07/2025,11:32:04,2251.98,0,0,0,0,0,0
DOL200.BSE_IDX,01/07/2025,11:32:11,2251.93,0,0,0,0,0,0
DOL200.BSE_IDX,01/07/2025,11:32:19,2252.04,0,0,0,0,0,0
DOL200.BSE_IDX,01/07/2025,11:32:27,2251.97,0,0,0,0,0,0
DOL200.BSE_IDX,01/07/2025,11:32:35,2252,0,0,0,0,0,0
DOL200.BSE_IDX,01/07/2025,11:32:43,2251.97,0,0,0,0,0,0
DOL200.BSE_IDX,01/07/2025,11:32:51,2251.84,0,0,0,0,0,0
DOL200.BSE_IDX,01/07/2025,11:32:59,2251.76,0,0,0,0,0,0
DOL200.BSE_IDX,01/07/2025,11:33:07,2251.63,0,0,0,0,0,0
DOL200.BSE_IDX,01/07/2025,11:33:15,2251.45,0,0,0,0,0,0
DOL200.BSE_IDX,01/07/2025,11:33:23,2251.53,0,0,0,0,0,0
DOL200.BSE_IDX,01/07/2025,11:33:31,2251.45,0,0,0,0,0,0
DOL200.BSE_IDX,01/07/2025,11:33:39,2251.55,0,0,0,0,0,0
DOL200.BSE_IDX,01/07/2025,11:33:47,2251.43,0,0,0,0,0,0
DOL200.BSE_IDX,01/07/2025,11:33:55,2251.45,0,0,0,0,0,0
DOL200.BSE_IDX,01/07/2025,11:34:03,2251.44,0,0,0,0,0,0
DOL200.BSE_IDX,01/07/2025,11:34:12,2251.33,0,0,0,0,0,0
DOL200.BSE_IDX,01/07/2025,11:34:19,2251.35,0,0,0,0,0,0
DOL200.BSE_IDX,01/07/2025,11:34:27,2251.27,0,0,0,0,0,0
DOL200.BSE_IDX,01/07/2025,11:34:35,2251.23,0,0,0,0,0,0
DOL200.BSE_IDX,01/07/2025,11:34:43,2251.32,0,0,0,0,0,0
DOL200.BSE_IDX,01/07/2025,11:34:51,2251.36,0,0,0,0,0,0
DOL200.BSE_IDX,01/07/2025,11:34:59,2251.3,0,0,0,0,0,0
DOL200.BSE_IDX,01/07/2025,11:35:07,2251.32,0,0,0,0,0,0
DOL200.BSE_IDX,01/07/2025,11:35:16,2251.33,0,0,0,0,0,0
DOL200.BSE_IDX,01/07/2025,11:35:23,2251.49,0,0,0,0,0,0
DOL200.BSE_IDX,01/07/2025,11:35:32,2251.4,0,0,0,0,0,0
DOL200.BSE_IDX,01/07/2025,11:35:39,2251.41,0,0,0,0,0,0
DOL200.BSE_IDX,01/07/2025,11:35:47,2251.47,0,0,0,0,0,0
DOL200.BSE_IDX,01/07/2025,11:35:55,2251.43,0,0,0,0,0,0
DOL200.BSE_IDX,01/07/2025,11:36:04,2251.41,0,0,0,0,0,0
DOL200.BSE_IDX,01/07/2025,11:36:11,2251.51,0,0,0,0,0,0
DOL200.BSE_IDX,01/07/2025,11:36:19,2251.4,0,0,0,0,0,0
DOL200.BSE_IDX,01/07/2025,11:36:28,2251.47,0,0,0,0,0,0
DOL200.BSE_IDX,01/07/2025,11:36:35,2251.34,0,0,0,0,0,0
DOL200.BSE_IDX,01/07/2025,11:36:43,2251.39,0,0,0,0,0,0
DOL200.BSE_IDX,01/07/2025,11:36:54,2251.48,0,0,0,0,0,0
DOL200.BSE_IDX,01/07/2025,11:36:59,2251.51,0,0,0,0,0,0
DOL200.BSE_IDX,01/07/2025,11:37:07,2251.52,0,0,0,0,0,0
DOL200.BSE_IDX,01/07/2025,11:37:15,2251.54,0,0,0,0,0,0
DOL200.BSE_IDX,01/07/2025,11:37:23,2251.48,0,0,0,0,0,0
DOL200.BSE_IDX,01/07/2025,11:37:31,2251.54,0,0,0,0,0,0
DOL200.BSE_IDX,01/07/2025,11:37:41,2251.43,0,0,0,0,0,0
DOL200.BSE_IDX,01/07/2025,11:37:47,2251.51,0,0,0,0,0,0
DOL200.BSE_IDX,01/07/2025,11:37:55,2251.63,0,0,0,0,0,0
DOL200.BSE_IDX,01/07/2025,11:38:03,2251.63,0,0,0,0,0,0
DOL200.BSE_IDX,01/07/2025,11:38:11,2251.56,0,0,0,0,0,0
DOL200.BSE_IDX,01/07/2025,11:38:20,2251.46,0,0,0,0,0,0
DOL200.BSE_IDX,01/07/2025,11:38:27,2251.52,0,0,0,0,0,0
DOL200.BSE_IDX,01/07/2025,11:38:35,2251.6,0,0,0,0,0,0
DOL200.BSE_IDX,01/07/2025,11:38:43,2251.54,0,0,0,0,0,0
DOL200.BSE_IDX,01/07/2025,11:38:51,2251.56,0,0,0,0,0,0
DOL200.BSE_IDX,01/07/2025,11:38:59,2251.5,0,0,0,0,0,0
DOL200.BSE_IDX,01/07/2025,11:39:07,2251.53,0,0,0,0,0,0
DOL200.BSE_IDX,01/07/2025,11:39:16,2251.6,0,0,0,0,0,0
DOL200.BSE_IDX,01/07/2025,11:39:23,2251.73,0,0,0,0,0,0
DOL200.BSE_IDX,01/07/2025,11:39:31,2251.78,0,0,0,0,0,0
DOL200.BSE_IDX,01/07/2025,11:39:39,2251.63,0,0,0,0,0,0
DOL200.BSE_IDX,01/07/2025,11:39:47,2251.66,0,0,0,0,0,0
DOL200.BSE_IDX,01/07/2025,11:39:55,2251.63,0,0,0,0,0,0
DOL200.BSE_IDX,01/07/2025,11:40:03,2251.77,0,0,0,0,0,0
DOL200.BSE_IDX,01/07/2025,11:40:11,2251.86,0,0,0,0,0,0
DOL200.BSE_IDX,01/07/2025,11:40:19,2251.81,0,0,0,0,0,0
DOL200.BSE_IDX,01/07/2025,11:40:27,2251.83,0,0,0,0,0,0
DOL200.BSE_IDX,01/07/2025,11:40:35,2251.78,0,0,0,0,0,0
DOL200.BSE_IDX,01/07/2025,11:40:43,2251.83,0,0,0,0,0,0
DOL200.BSE_IDX,01/07/2025,11:40:51,2251.78,0,0,0,0,0,0
DOL200.BSE_IDX,01/07/2025,11:41:00,2251.89,0,0,0,0,0,0
DOL200.BSE_IDX,01/07/2025,11:41:07,2251.83,0,0,0,0,0,0
DOL200.BSE_IDX,01/07/2025,11:41:15,2251.81,0,0,0,0,0,0
DOL200.BSE_IDX,01/07/2025,11:41:24,2251.88,0,0,0,0,0,0
DOL200.BSE_IDX,01/07/2025,11:41:32,2251.88,0,0,0,0,0,0
DOL200.BSE_IDX,01/07/2025,11:41:39,2251.99,0,0,0,0,0,0
DOL200.BSE_IDX,01/07/2025,11:41:48,2251.88,0,0,0,0,0,0
DOL200.BSE_IDX,01/07/2025,11:41:56,2251.77,0,0,0,0,0,0
DOL200.BSE_IDX,01/07/2025,11:42:04,2251.95,0,0,0,0,0,0
DOL200.BSE_IDX,01/07/2025,11:42:12,2251.95,0,0,0,0,0,0
DOL200.BSE_IDX,01/07/2025,11:42:20,2251.92,0,0,0,0,0,0
DOL200.BSE_IDX,01/07/2025,11:42:28,2251.96,0,0,0,0,0,0
DOL200.BSE_IDX,01/07/2025,11:42:36,2252.09,0,0,0,0,0,0
DOL200.BSE_IDX,01/07/2025,11:42:44,2252.15,0,0,0,0,0,0
DOL200.BSE_IDX,01/07/2025,11:42:52,2252.23,0,0,0,0,0,0
DOL200.BSE_IDX,01/07/2025,11:43:00,2252.18,0,0,0,0,0,0
DOL200.BSE_IDX,01/07/2025,11:43:08,2252.13,0,0,0,0,0,0
DOL200.BSE_IDX,01/07/2025,11:43:16,2252.24,0,0,0,0,0,0
DOL200.BSE_IDX,01/07/2025,11:43:24,2252.28,0,0,0,0,0,0
DOL200.BSE_IDX,01/07/2025,11:43:32,2252.19,0,0,0,0,0,0
DOL200.BSE_IDX,01/07/2025,11:43:40,2252.1,0,0,0,0,0,0
DOL200.BSE_IDX,01/07/2025,11:43:48,2252.13,0,0,0,0,0,0
DOL200.BSE_IDX,01/07/2025,11:43:56,2252.02,0,0,0,0,0,0
DOL200.BSE_IDX,01/07/2025,11:44:04,2252.11,0,0,0,0,0,0
DOL200.BSE_IDX,01/07/2025,11:44:12,2252.18,0,0,0,0,0,0
DOL200.BSE_IDX,01/07/2025,11:44:20,2252.16,0,0,0,0,0,0
DOL200.BSE_IDX,01/07/2025,11:44:28,2251.98,0,0,0,0,0,0
DOL200.BSE_IDX,01/07/2025,11:44:36,2251.56,0,0,0,0,0,0
DOL200.BSE_IDX,01/07/2025,11:44:44,2251.49,0,0,0,0,0,0
DOL200.BSE_IDX,01/07/2025,11:44:52,2251.35,0,0,0,0,0,0
DOL200.BSE_IDX,01/07/2025,11:45:00,2251.24,0,0,0,0,0,0
DOL200.BSE_IDX,01/07/2025,11:45:08,2251.55,0,0,0,0,0,0
DOL200.BSE_IDX,01/07/2025,11:45:16,2251.59,0,0,0,0,0,0
DOL200.BSE_IDX,01/07/2025,11:45:24,2251.72,0,0,0,0,0,0
DOL200.BSE_IDX,01/07/2025,11:45:32,2251.74,0,0,0,0,0,0
DOL200.BSE_IDX,01/07/2025,11:45:40,2251.95,0,0,0,0,0,0
DOL200.BSE_IDX,01/07/2025,11:45:48,2251.96,0,0,0,0,0,0
DOL200.BSE_IDX,01/07/2025,11:45:56,2252.13,0,0,0,0,0,0
DOL200.BSE_IDX,01/07/2025,11:46:04,2252.49,0,0,0,0,0,0
DOL200.BSE_IDX,01/07/2025,11:46:12,2252.71,0,0,0,0,0,0
DOL200.BSE_IDX,01/07/2025,11:46:20,2252.52,0,0,0,0,0,0
DOL200.BSE_IDX,01/07/2025,11:46:28,2252.42,0,0,0,0,0,0
DOL200.BSE_IDX,01/07/2025,11:46:36,2252.43,0,0,0,0,0,0
DOL200.BSE_IDX,01/07/2025,11:46:44,2252.34,0,0,0,0,0,0
DOL200.BSE_IDX,01/07/2025,11:46:52,2252.38,0,0,0,0,0,0
DOL200.BSE_IDX,01/07/2025,11:47:00,2252.29,0,0,0,0,0,0
DOL200.BSE_IDX,01/07/2025,11:47:08,2252.26,0,0,0,0,0,0
DOL200.BSE_IDX,01/07/2025,11:47:16,2252.02,0,0,0,0,0,0
DOL200.BSE_IDX,01/07/2025,11:47:24,2251.94,0,0,0,0,0,0
DOL200.BSE_IDX,01/07/2025,11:47:32,2251.96,0,0,0,0,0,0
DOL200.BSE_IDX,01/07/2025,11:47:40,2251.98,0,0,0,0,0,0
DOL200.BSE_IDX,01/07/2025,11:47:48,2251.97,0,0,0,0,0,0
DOL200.BSE_IDX,01/07/2025,11:47:56,2251.72,0,0,0,0,0,0
DOL200.BSE_IDX,01/07/2025,11:48:04,2251.71,0,0,0,0,0,0
DOL200.BSE_IDX,01/07/2025,11:48:12,2251.74,0,0,0,0,0,0
DOL200.BSE_IDX,01/07/2025,11:48:20,2251.89,0,0,0,0,0,0
DOL200.BSE_IDX,01/07/2025,11:48:28,2251.93,0,0,0,0,0,0
DOL200.BSE_IDX,01/07/2025,11:48:36,2251.89,0,0,0,0,0,0
DOL200.BSE_IDX,01/07/2025,11:48:44,2251.99,0,0,0,0,0,0
DOL200.BSE_IDX,01/07/2025,11:48:52,2251.99,0,0,0,0,0,0
DOL200.BSE_IDX,01/07/2025,11:49:01,2251.95,0,0,0,0,0,0
DOL200.BSE_IDX,01/07/2025,11:49:09,2251.93,0,0,0,0,0,0
DOL200.BSE_IDX,01/07/2025,11:49:16,2251.96,0,0,0,0,0,0
DOL200.BSE_IDX,01/07/2025,11:49:24,2251.92,0,0,0,0,0,0
DOL200.BSE_IDX,01/07/2025,11:49:32,2251.91,0,0,0,0,0,0
DOL200.BSE_IDX,01/07/2025,11:49:40,2251.91,0,0,0,0,0,0
DOL200.BSE_IDX,01/07/2025,11:49:49,2251.77,0,0,0,0,0,0
DOL200.BSE_IDX,01/07/2025,11:49:56,2251.78,0,0,0,0,0,0
DOL200.BSE_IDX,01/07/2025,11:50:04,2251.8,0,0,0,0,0,0
DOL200.BSE_IDX,01/07/2025,11:50:12,2251.67,0,0,0,0,0,0
DOL200.BSE_IDX,01/07/2025,11:50:20,2251.61,0,0,0,0,0,0
DOL200.BSE_IDX,01/07/2025,11:50:28,2251.69,0,0,0,0,0,0
DOL200.BSE_IDX,01/07/2025,11:50:36,2251.69,0,0,0,0,0,0
DOL200.BSE_IDX,01/07/2025,11:50:44,2251.67,0,0,0,0,0,0
DOL200.BSE_IDX,01/07/2025,11:50:52,2251.66,0,0,0,0,0,0
DOL200.BSE_IDX,01/07/2025,11:51:00,2251.64,0,0,0,0,0,0
DOL200.BSE_IDX,01/07/2025,11:51:08,2251.77,0,0,0,0,0,0
DOL200.BSE_IDX,01/07/2025,11:51:16,2251.77,0,0,0,0,0,0
DOL200.BSE_IDX,01/07/2025,11:51:24,2251.58,0,0,0,0,0,0
DOL200.BSE_IDX,01/07/2025,11:51:32,2251.61,0,0,0,0,0,0
DOL200.BSE_IDX,01/07/2025,11:51:40,2251.64,0,0,0,0,0,0
DOL200.BSE_IDX,01/07/2025,11:51:48,2251.71,0,0,0,0,0,0
DOL200.BSE_IDX,01/07/2025,11:51:56,2251.71,0,0,0,0,0,0
DOL200.BSE_IDX,01/07/2025,11:52:04,2251.7,0,0,0,0,0,0
DOL200.BSE_IDX,01/07/2025,11:52:12,2251.55,0,0,0,0,0,0
DOL200.BSE_IDX,01/07/2025,11:52:20,2251.55,0,0,0,0,0,0
DOL200.BSE_IDX,01/07/2025,11:52:28,2251.64,0,0,0,0,0,0
DOL200.BSE_IDX,01/07/2025,11:52:36,2251.56,0,0,0,0,0,0
DOL200.BSE_IDX,01/07/2025,11:52:44,2251.51,0,0,0,0,0,0
DOL200.BSE_IDX,01/07/2025,11:52:52,2251.46,0,0,0,0,0,0
DOL200.BSE_IDX,01/07/2025,11:53:00,2251.29,0,0,0,0,0,0
DOL200.BSE_IDX,01/07/2025,11:53:08,2251.2,0,0,0,0,0,0
DOL200.BSE_IDX,01/07/2025,11:53:16,2251.09,0,0,0,0,0,0
DOL200.BSE_IDX,01/07/2025,11:53:24,2251.02,0,0,0,0,0,0
DOL200.BSE_IDX,01/07/2025,11:53:32,2250.99,0,0,0,0,0,0
DOL200.BSE_IDX,01/07/2025,11:53:40,2251.07,0,0,0,0,0,0
DOL200.BSE_IDX,01/07/2025,11:53:48,2250.98,0,0,0,0,0,0
DOL200.BSE_IDX,01/07/2025,11:53:56,2250.89,0,0,0,0,0,0
DOL200.BSE_IDX,01/07/2025,11:54:04,2250.75,0,0,0,0,0,0
DOL200.BSE_IDX,01/07/2025,11:54:12,2250.47,0,0,0,0,0,0
DOL200.BSE_IDX,01/07/2025,11:54:20,2250.45,0,0,0,0,0,0
DOL200.BSE_IDX,01/07/2025,11:54:28,2250.49,0,0,0,0,0,0
DOL200.BSE_IDX,01/07/2025,11:54:36,2250.46,0,0,0,0,0,0
DOL200.BSE_IDX,01/07/2025,11:54:44,2250.45,0,0,0,0,0,0
DOL200.BSE_IDX,01/07/2025,11:54:52,2250.4,0,0,0,0,0,0
DOL200.BSE_IDX,01/07/2025,11:55:00,2250.39,0,0,0,0,0,0
DOL200.BSE_IDX,01/07/2025,11:55:08,2250.46,0,0,0,0,0,0
DOL200.BSE_IDX,01/07/2025,11:55:17,2250.4,0,0,0,0,0,0
DOL200.BSE_IDX,01/07/2025,11:55:24,2250.42,0,0,0,0,0,0
DOL200.BSE_IDX,01/07/2025,11:55:32,2250.38,0,0,0,0,0,0
DOL200.BSE_IDX,01/07/2025,11:55:40,2250.39,0,0,0,0,0,0
DOL200.BSE_IDX,01/07/2025,11:55:48,2250.3,0,0,0,0,0,0
DOL200.BSE_IDX,01/07/2025,11:55:56,2250.35,0,0,0,0,0,0
DOL200.BSE_IDX,01/07/2025,11:56:05,2250.37,0,0,0,0,0,0
DOL200.BSE_IDX,01/07/2025,11:56:12,2250.25,0,0,0,0,0,0
DOL200.BSE_IDX,01/07/2025,11:56:20,2249.78,0,0,0,0,0,0
DOL200.BSE_IDX,01/07/2025,11:56:28,2249.62,0,0,0,0,0,0
DOL200.BSE_IDX,01/07/2025,11:56:36,2249.66,0,0,0,0,0,0
DOL200.BSE_IDX,01/07/2025,11:56:44,2249.93,0,0,0,0,0,0
DOL200.BSE_IDX,01/07/2025,11:56:52,2249.72,0,0,0,0,0,0
DOL200.BSE_IDX,01/07/2025,11:57:00,2249.71,0,0,0,0,0,0
DOL200.BSE_IDX,01/07/2025,11:57:08,2249.61,0,0,0,0,0,0
DOL200.BSE_IDX,01/07/2025,11:57:16,2249.68,0,0,0,0,0,0
DOL200.BSE_IDX,01/07/2025,11:57:24,2249.75,0,0,0,0,0,0
DOL200.BSE_IDX,01/07/2025,11:57:32,2249.74,0,0,0,0,0,0
DOL200.BSE_IDX,01/07/2025,11:57:40,2249.71,0,0,0,0,0,0
DOL200.BSE_IDX,01/07/2025,11:57:48,2249.74,0,0,0,0,0,0
DOL200.BSE_IDX,01/07/2025,11:57:56,2249.74,0,0,0,0,0,0
DOL200.BSE_IDX,01/07/2025,11:58:04,2249.73,0,0,0,0,0,0
DOL200.BSE_IDX,01/07/2025,11:58:12,2249.73,0,0,0,0,0,0
DOL200.BSE_IDX,01/07/2025,11:58:20,2249.71,0,0,0,0,0,0
DOL200.BSE_IDX,01/07/2025,11:58:28,2249.68,0,0,0,0,0,0
DOL200.BSE_IDX,01/07/2025,11:58:36,2249.79,0,0,0,0,0,0
DOL200.BSE_IDX,01/07/2025,11:58:44,2249.92,0,0,0,0,0,0
DOL200.BSE_IDX,01/07/2025,11:58:52,2249.98,0,0,0,0,0,0
DOL200.BSE_IDX,01/07/2025,11:59:00,2249.9,0,0,0,0,0,0
DOL200.BSE_IDX,01/07/2025,11:59:08,2250.02,0,0,0,0,0,0
DOL200.BSE_IDX,01/07/2025,11:59:16,2250.05,0,0,0,0,0,0
DOL200.BSE_IDX,01/07/2025,11:59:24,2250.18,0,0,0,0,0,0
DOL200.BSE_IDX,01/07/2025,11:59:32,2250.37,0,0,0,0,0,0
DOL200.BSE_IDX,01/07/2025,11:59:40,2250.44,0,0,0,0,0,0
DOL200.BSE_IDX,01/07/2025,11:59:48,2250.53,0,0,0,0,0,0
DOL200.BSE_IDX,01/07/2025,11:59:56,2250.55,0,0,0,0,0,0
DOL200.BSE_IDX,01/07/2025,12:00:05,2250.62,0,0,0,0,0,0
DOL200.BSE_IDX,01/07/2025,12:00:12,2250.57,0,0,0,0,0,0
DOL200.BSE_IDX,01/07/2025,12:00:20,2250.44,0,0,0,0,0,0
DOL200.BSE_IDX,01/07/2025,12:00:28,2250.36,0,0,0,0,0,0
DOL200.BSE_IDX,01/07/2025,12:00:37,2250.35,0,0,0,0,0,0
DOL200.BSE_IDX,01/07/2025,12:00:44,2250.26,0,0,0,0,0,0
DOL200.BSE_IDX,01/07/2025,12:00:52,2250.3,0,0,0,0,0,0
DOL200.BSE_IDX,01/07/2025,12:01:00,2250.31,0,0,0,0,0,0
DOL200.BSE_IDX,01/07/2025,12:01:08,2250.31,0,0,0,0,0,0
DOL200.BSE_IDX,01/07/2025,12:01:16,2250.37,0,0,0,0,0,0
DOL200.BSE_IDX,01/07/2025,12:01:24,2250.43,0,0,0,0,0,0
DOL200.BSE_IDX,01/07/2025,12:01:32,2250.45,0,0,0,0,0,0
DOL200.BSE_IDX,01/07/2025,12:01:40,2250.48,0,0,0,0,0,0
DOL200.BSE_IDX,01/07/2025,12:01:48,2250.43,0,0,0,0,0,0
DOL200.BSE_IDX,01/07/2025,12:01:57,2250.37,0,0,0,0,0,0
DOL200.BSE_IDX,01/07/2025,12:02:04,2250.43,0,0,0,0,0,0
DOL200.BSE_IDX,01/07/2025,12:02:12,2250.48,0,0,0,0,0,0
DOL200.BSE_IDX,01/07/2025,12:02:20,2250.43,0,0,0,0,0,0
DOL200.BSE_IDX,01/07/2025,12:02:28,2250.32,0,0,0,0,0,0
DOL200.BSE_IDX,01/07/2025,12:02:36,2250.39,0,0,0,0,0,0
DOL200.BSE_IDX,01/07/2025,12:02:44,2250.41,0,0,0,0,0,0
DOL200.BSE_IDX,01/07/2025,12:02:52,2250.52,0,0,0,0,0,0
DOL200.BSE_IDX,01/07/2025,12:03:00,2250.49,0,0,0,0,0,0
DOL200.BSE_IDX,01/07/2025,12:03:08,2250.43,0,0,0,0,0,0
DOL200.BSE_IDX,01/07/2025,12:03:17,2250.45,0,0,0,0,0,0
DOL200.BSE_IDX,01/07/2025,12:03:24,2250.44,0,0,0,0,0,0
DOL200.BSE_IDX,01/07/2025,12:03:32,2250.52,0,0,0,0,0,0
DOL200.BSE_IDX,01/07/2025,12:03:40,2250.54,0,0,0,0,0,0
DOL200.BSE_IDX,01/07/2025,12:03:48,2250.47,0,0,0,0,0,0
DOL200.BSE_IDX,01/07/2025,12:03:56,2250.43,0,0,0,0,0,0
DOL200.BSE_IDX,01/07/2025,12:04:04,2250.47,0,0,0,0,0,0
DOL200.BSE_IDX,01/07/2025,12:04:12,2250.47,0,0,0,0,0,0
DOL200.BSE_IDX,01/07/2025,12:04:20,2250.44,0,0,0,0,0,0
DOL200.BSE_IDX,01/07/2025,12:04:28,2250.57,0,0,0,0,0,0
DOL200.BSE_IDX,01/07/2025,12:04:36,2250.62,0,0,0,0,0,0
DOL200.BSE_IDX,01/07/2025,12:04:44,2250.59,0,0,0,0,0,0
DOL200.BSE_IDX,01/07/2025,12:04:52,2250.53,0,0,0,0,0,0
DOL200.BSE_IDX,01/07/2025,12:05:01,2250.49,0,0,0,0,0,0
DOL200.BSE_IDX,01/07/2025,12:05:08,2250.5,0,0,0,0,0,0
DOL200.BSE_IDX,01/07/2025,12:05:16,2250.59,0,0,0,0,0,0
DOL200.BSE_IDX,01/07/2025,12:05:24,2250.49,0,0,0,0,0,0
DOL200.BSE_IDX,01/07/2025,12:05:32,2250.38,0,0,0,0,0,0
DOL200.BSE_IDX,01/07/2025,12:05:40,2250.45,0,0,0,0,0,0
DOL200.BSE_IDX,01/07/2025,12:05:48,2250.29,0,0,0,0,0,0
DOL200.BSE_IDX,01/07/2025,12:05:56,2250.43,0,0,0,0,0,0
DOL200.BSE_IDX,01/07/2025,12:06:04,2250.49,0,0,0,0,0,0
DOL200.BSE_IDX,01/07/2025,12:06:12,2250.56,0,0,0,0,0,0
DOL200.BSE_IDX,01/07/2025,12:06:20,2250.59,0,0,0,0,0,0
DOL200.BSE_IDX,01/07/2025,12:06:28,2250.5,0,0,0,0,0,0
DOL200.BSE_IDX,01/07/2025,12:06:36,2250.4,0,0,0,0,0,0
DOL200.BSE_IDX,01/07/2025,12:06:44,2250.48,0,0,0,0,0,0
DOL200.BSE_IDX,01/07/2025,12:06:53,2250.41,0,0,0,0,0,0
DOL200.BSE_IDX,01/07/2025,12:07:00,2250.3,0,0,0,0,0,0
DOL200.BSE_IDX,01/07/2025,12:07:08,2250.32,0,0,0,0,0,0
DOL200.BSE_IDX,01/07/2025,12:07:16,2250.35,0,0,0,0,0,0
DOL200.BSE_IDX,01/07/2025,12:07:24,2250.28,0,0,0,0,0,0
DOL200.BSE_IDX,01/07/2025,12:07:32,2250.22,0,0,0,0,0,0
DOL200.BSE_IDX,01/07/2025,12:07:40,2250.22,0,0,0,0,0,0
DOL200.BSE_IDX,01/07/2025,12:07:48,2250.3,0,0,0,0,0,0
DOL200.BSE_IDX,01/07/2025,12:07:56,2250.2,0,0,0,0,0,0
DOL200.BSE_IDX,01/07/2025,12:08:04,2250.26,0,0,0,0,0,0
DOL200.BSE_IDX,01/07/2025,12:08:12,2250.27,0,0,0,0,0,0
DOL200.BSE_IDX,01/07/2025,12:08:20,2250.12,0,0,0,0,0,0
DOL200.BSE_IDX,01/07/2025,12:08:28,2250.09,0,0,0,0,0,0
DOL200.BSE_IDX,01/07/2025,12:08:36,2250.07,0,0,0,0,0,0
DOL200.BSE_IDX,01/07/2025,12:08:44,2250.15,0,0,0,0,0,0
DOL200.BSE_IDX,01/07/2025,12:08:52,2250.3,0,0,0,0,0,0
DOL200.BSE_IDX,01/07/2025,12:09:00,2250.3,0,0,0,0,0,0
DOL200.BSE_IDX,01/07/2025,12:09:08,2250.29,0,0,0,0,0,0
DOL200.BSE_IDX,01/07/2025,12:09:16,2250.4,0,0,0,0,0,0
DOL200.BSE_IDX,01/07/2025,12:09:25,2250.33,0,0,0,0,0,0
DOL200.BSE_IDX,01/07/2025,12:09:32,2250.39,0,0,0,0,0,0
DOL200.BSE_IDX,01/07/2025,12:09:40,2250.53,0,0,0,0,0,0
DOL200.BSE_IDX,01/07/2025,12:09:48,2250.5,0,0,0,0,0,0
DOL200.BSE_IDX,01/07/2025,12:09:57,2250.57,0,0,0,0,0,0
DOL200.BSE_IDX,01/07/2025,12:10:05,2250.47,0,0,0,0,0,0
DOL200.BSE_IDX,01/07/2025,12:10:13,2250.4,0,0,0,0,0,0
DOL200.BSE_IDX,01/07/2025,12:10:22,2250.58,0,0,0,0,0,0
DOL200.BSE_IDX,01/07/2025,12:10:28,2250.58,0,0,0,0,0,0
DOL200.BSE_IDX,01/07/2025,12:10:36,2250.52,0,0,0,0,0,0
DOL200.BSE_IDX,01/07/2025,12:10:45,2250.46,0,0,0,0,0,0
DOL200.BSE_IDX,01/07/2025,12:10:52,2250.52,0,0,0,0,0,0
DOL200.BSE_IDX,01/07/2025,12:11:00,2250.51,0,0,0,0,0,0
DOL200.BSE_IDX,01/07/2025,12:11:08,2250.56,0,0,0,0,0,0
DOL200.BSE_IDX,01/07/2025,12:11:17,2250.57,0,0,0,0,0,0
DOL200.BSE_IDX,01/07/2025,12:11:24,2250.61,0,0,0,0,0,0
DOL200.BSE_IDX,01/07/2025,12:11:32,2250.56,0,0,0,0,0,0
DOL200.BSE_IDX,01/07/2025,12:11:40,2250.62,0,0,0,0,0,0
DOL200.BSE_IDX,01/07/2025,12:11:49,2250.85,0,0,0,0,0,0
DOL200.BSE_IDX,01/07/2025,12:11:57,2250.96,0,0,0,0,0,0
DOL200.BSE_IDX,01/07/2025,12:12:05,2251.05,0,0,0,0,0,0
DOL200.BSE_IDX,01/07/2025,12:12:13,2251.12,0,0,0,0,0,0
DOL200.BSE_IDX,01/07/2025,12:12:21,2251.23,0,0,0,0,0,0
DOL200.BSE_IDX,01/07/2025,12:12:29,2251.19,0,0,0,0,0,0
DOL200.BSE_IDX,01/07/2025,12:12:37,2251.28,0,0,0,0,0,0
DOL200.BSE_IDX,01/07/2025,12:12:45,2251.26,0,0,0,0,0,0
DOL200.BSE_IDX,01/07/2025,12:12:53,2251.12,0,0,0,0,0,0
DOL200.BSE_IDX,01/07/2025,12:13:01,2251.2,0,0,0,0,0,0
DOL200.BSE_IDX,01/07/2025,12:13:09,2251.24,0,0,0,0,0,0
DOL200.BSE_IDX,01/07/2025,12:13:17,2251.26,0,0,0,0,0,0
DOL200.BSE_IDX,01/07/2025,12:13:25,2251.29,0,0,0,0,0,0
DOL200.BSE_IDX,01/07/2025,12:13:33,2251.35,0,0,0,0,0,0
DOL200.BSE_IDX,01/07/2025,12:13:41,2251.47,0,0,0,0,0,0
DOL200.BSE_IDX,01/07/2025,12:13:49,2251.37,0,0,0,0,0,0
DOL200.BSE_IDX,01/07/2025,12:13:57,2251.36,0,0,0,0,0,0
DOL200.BSE_IDX,01/07/2025,12:14:05,2251.38,0,0,0,0,0,0
DOL200.BSE_IDX,01/07/2025,12:14:13,2251.38,0,0,0,0,0,0
DOL200.BSE_IDX,01/07/2025,12:14:21,2251.46,0,0,0,0,0,0
DOL200.BSE_IDX,01/07/2025,12:14:29,2251.46,0,0,0,0,0,0
DOL200.BSE_IDX,01/07/2025,12:14:37,2251.44,0,0,0,0,0,0
DOL200.BSE_IDX,01/07/2025,12:14:46,2251.5,0,0,0,0,0,0
DOL200.BSE_IDX,01/07/2025,12:14:54,2251.41,0,0,0,0,0,0
DOL200.BSE_IDX,01/07/2025,12:15:01,2251.42,0,0,0,0,0,0
DOL200.BSE_IDX,01/07/2025,12:15:09,2251.45,0,0,0,0,0,0
DOL200.BSE_IDX,01/07/2025,12:15:17,2251.56,0,0,0,0,0,0
DOL200.BSE_IDX,01/07/2025,12:15:25,2251.57,0,0,0,0,0,0
DOL200.BSE_IDX,01/07/2025,12:15:33,2251.54,0,0,0,0,0,0
DOL200.BSE_IDX,01/07/2025,12:15:41,2251.5,0,0,0,0,0,0
DOL200.BSE_IDX,01/07/2025,12:15:49,2251.45,0,0,0,0,0,0
DOL200.BSE_IDX,01/07/2025,12:15:57,2251.55,0,0,0,0,0,0
DOL200.BSE_IDX,01/07/2025,12:16:05,2251.53,0,0,0,0,0,0
DOL200.BSE_IDX,01/07/2025,12:16:13,2251.59,0,0,0,0,0,0
DOL200.BSE_IDX,01/07/2025,12:16:21,2251.68,0,0,0,0,0,0
DOL200.BSE_IDX,01/07/2025,12:16:29,2251.8,0,0,0,0,0,0
DOL200.BSE_IDX,01/07/2025,12:16:37,2251.87,0,0,0,0,0,0
DOL200.BSE_IDX,01/07/2025,12:16:45,2251.81,0,0,0,0,0,0
DOL200.BSE_IDX,01/07/2025,12:16:53,2251.64,0,0,0,0,0,0
DOL200.BSE_IDX,01/07/2025,12:17:01,2251.61,0,0,0,0,0,0
DOL200.BSE_IDX,01/07/2025,12:17:09,2251.69,0,0,0,0,0,0
DOL200.BSE_IDX,01/07/2025,12:17:17,2251.83,0,0,0,0,0,0
DOL200.BSE_IDX,01/07/2025,12:17:25,2251.68,0,0,0,0,0,0
DOL200.BSE_IDX,01/07/2025,12:17:33,2251.8,0,0,0,0,0,0
DOL200.BSE_IDX,01/07/2025,12:17:41,2251.78,0,0,0,0,0,0
DOL200.BSE_IDX,01/07/2025,12:17:49,2251.82,0,0,0,0,0,0
DOL200.BSE_IDX,01/07/2025,12:17:57,2251.85,0,0,0,0,0,0
DOL200.BSE_IDX,01/07/2025,12:18:05,2251.96,0,0,0,0,0,0
DOL200.BSE_IDX,01/07/2025,12:18:13,2251.98,0,0,0,0,0,0
DOL200.BSE_IDX,01/07/2025,12:18:21,2251.94,0,0,0,0,0,0
DOL200.BSE_IDX,01/07/2025,12:18:29,2252.02,0,0,0,0,0,0
DOL200.BSE_IDX,01/07/2025,12:18:37,2252.03,0,0,0,0,0,0
DOL200.BSE_IDX,01/07/2025,12:18:45,2252.1,0,0,0,0,0,0
DOL200.BSE_IDX,01/07/2025,12:18:53,2252.13,0,0,0,0,0,0
DOL200.BSE_IDX,01/07/2025,12:19:01,2252.27,0,0,0,0,0,0
DOL200.BSE_IDX,01/07/2025,12:19:09,2252.36,0,0,0,0,0,0
DOL200.BSE_IDX,01/07/2025,12:19:17,2252.33,0,0,0,0,0,0
DOL200.BSE_IDX,01/07/2025,12:19:25,2252.42,0,0,0,0,0,0
DOL200.BSE_IDX,01/07/2025,12:19:33,2252.5,0,0,0,0,0,0
DOL200.BSE_IDX,01/07/2025,12:19:41,2252.64,0,0,0,0,0,0
DOL200.BSE_IDX,01/07/2025,12:19:49,2252.74,0,0,0,0,0,0
DOL200.BSE_IDX,01/07/2025,12:19:57,2252.77,0,0,0,0,0,0
DOL200.BSE_IDX,01/07/2025,12:20:05,2252.91,0,0,0,0,0,0
DOL200.BSE_IDX,01/07/2025,12:20:13,2252.8,0,0,0,0,0,0
DOL200.BSE_IDX,01/07/2025,12:20:21,2253.09,0,0,0,0,0,0
DOL200.BSE_IDX,01/07/2025,12:20:29,2253.4,0,0,0,0,0,0
DOL200.BSE_IDX,01/07/2025,12:20:37,2253.48,0,0,0,0,0,0
DOL200.BSE_IDX,01/07/2025,12:20:45,2253.31,0,0,0,0,0,0
DOL200.BSE_IDX,01/07/2025,12:20:53,2253.42,0,0,0,0,0,0
DOL200.BSE_IDX,01/07/2025,12:21:01,2253.41,0,0,0,0,0,0
DOL200.BSE_IDX,01/07/2025,12:21:09,2253.41,0,0,0,0,0,0
DOL200.BSE_IDX,01/07/2025,12:21:17,2253.2,0,0,0,0,0,0
DOL200.BSE_IDX,01/07/2025,12:21:25,2253.24,0,0,0,0,0,0
DOL200.BSE_IDX,01/07/2025,12:21:33,2253.28,0,0,0,0,0,0
DOL200.BSE_IDX,01/07/2025,12:21:41,2253.48,0,0,0,0,0,0
DOL200.BSE_IDX,01/07/2025,12:21:49,2253.59,0,0,0,0,0,0
DOL200.BSE_IDX,01/07/2025,12:21:57,2253.62,0,0,0,0,0,0
DOL200.BSE_IDX,01/07/2025,12:22:05,2253.8,0,0,0,0,0,0
DOL200.BSE_IDX,01/07/2025,12:22:13,2253.75,0,0,0,0,0,0
DOL200.BSE_IDX,01/07/2025,12:22:21,2253.72,0,0,0,0,0,0
DOL200.BSE_IDX,01/07/2025,12:22:29,2253.66,0,0,0,0,0,0
DOL200.BSE_IDX,01/07/2025,12:22:37,2253.52,0,0,0,0,0,0
DOL200.BSE_IDX,01/07/2025,12:22:45,2253.47,0,0,0,0,0,0
DOL200.BSE_IDX,01/07/2025,12:22:53,2253.47,0,0,0,0,0,0
DOL200.BSE_IDX,01/07/2025,12:23:02,2253.57,0,0,0,0,0,0
DOL200.BSE_IDX,01/07/2025,12:23:09,2253.57,0,0,0,0,0,0
DOL200.BSE_IDX,01/07/2025,12:23:17,2253.55,0,0,0,0,0,0
DOL200.BSE_IDX,01/07/2025,12:23:25,2253.5,0,0,0,0,0,0
DOL200.BSE_IDX,01/07/2025,12:23:33,2253.43,0,0,0,0,0,0
DOL200.BSE_IDX,01/07/2025,12:23:41,2253.52,0,0,0,0,0,0
DOL200.BSE_IDX,01/07/2025,12:23:49,2253.58,0,0,0,0,0,0
DOL200.BSE_IDX,01/07/2025,12:23:57,2253.59,0,0,0,0,0,0
DOL200.BSE_IDX,01/07/2025,12:24:05,2253.62,0,0,0,0,0,0
DOL200.BSE_IDX,01/07/2025,12:24:13,2253.69,0,0,0,0,0,0
DOL200.BSE_IDX,01/07/2025,12:24:21,2253.79,0,0,0,0,0,0
DOL200.BSE_IDX,01/07/2025,12:24:29,2253.73,0,0,0,0,0,0
DOL200.BSE_IDX,01/07/2025,12:24:37,2253.73,0,0,0,0,0,0
DOL200.BSE_IDX,01/07/2025,12:24:45,2253.8,0,0,0,0,0,0
DOL200.BSE_IDX,01/07/2025,12:24:53,2253.73,0,0,0,0,0,0
DOL200.BSE_IDX,01/07/2025,12:25:01,2253.78,0,0,0,0,0,0
DOL200.BSE_IDX,01/07/2025,12:25:09,2253.79,0,0,0,0,0,0
DOL200.BSE_IDX,01/07/2025,12:25:17,2253.77,0,0,0,0,0,0
DOL200.BSE_IDX,01/07/2025,12:25:25,2253.85,0,0,0,0,0,0
DOL200.BSE_IDX,01/07/2025,12:25:33,2253.95,0,0,0,0,0,0
DOL200.BSE_IDX,01/07/2025,12:25:41,2253.97,0,0,0,0,0,0
DOL200.BSE_IDX,01/07/2025,12:25:49,2253.95,0,0,0,0,0,0
DOL200.BSE_IDX,01/07/2025,12:25:57,2254.07,0,0,0,0,0,0
DOL200.BSE_IDX,01/07/2025,12:26:05,2254.07,0,0,0,0,0,0
DOL200.BSE_IDX,01/07/2025,12:26:13,2254.07,0,0,0,0,0,0
DOL200.BSE_IDX,01/07/2025,12:26:21,2254.01,0,0,0,0,0,0
DOL200.BSE_IDX,01/07/2025,12:26:31,2254.03,0,0,0,0,0,0
DOL200.BSE_IDX,01/07/2025,12:26:37,2254.19,0,0,0,0,0,0
DOL200.BSE_IDX,01/07/2025,12:26:45,2254.21,0,0,0,0,0,0
DOL200.BSE_IDX,01/07/2025,12:26:53,2254.15,0,0,0,0,0,0
DOL200.BSE_IDX,01/07/2025,12:27:01,2253.97,0,0,0,0,0,0
DOL200.BSE_IDX,01/07/2025,12:27:09,2253.93,0,0,0,0,0,0
DOL200.BSE_IDX,01/07/2025,12:27:17,2253.99,0,0,0,0,0,0
DOL200.BSE_IDX,01/07/2025,12:27:25,2254.02,0,0,0,0,0,0
DOL200.BSE_IDX,01/07/2025,12:27:33,2253.93,0,0,0,0,0,0
DOL200.BSE_IDX,01/07/2025,12:27:41,2254.01,0,0,0,0,0,0
DOL200.BSE_IDX,01/07/2025,12:27:49,2253.94,0,0,0,0,0,0
DOL200.BSE_IDX,01/07/2025,12:27:57,2253.92,0,0,0,0,0,0
DOL200.BSE_IDX,01/07/2025,12:28:05,2253.9,0,0,0,0,0,0
DOL200.BSE_IDX,01/07/2025,12:28:13,2253.96,0,0,0,0,0,0
DOL200.BSE_IDX,01/07/2025,12:28:21,2253.89,0,0,0,0,0,0
DOL200.BSE_IDX,01/07/2025,12:28:29,2253.78,0,0,0,0,0,0
DOL200.BSE_IDX,01/07/2025,12:28:37,2253.88,0,0,0,0,0,0
DOL200.BSE_IDX,01/07/2025,12:28:45,2253.69,0,0,0,0,0,0
DOL200.BSE_IDX,01/07/2025,12:28:53,2253.46,0,0,0,0,0,0
DOL200.BSE_IDX,01/07/2025,12:29:01,2253.36,0,0,0,0,0,0
DOL200.BSE_IDX,01/07/2025,12:29:10,2253.26,0,0,0,0,0,0
DOL200.BSE_IDX,01/07/2025,12:29:18,2253.29,0,0,0,0,0,0
DOL200.BSE_IDX,01/07/2025,12:29:25,2253.45,0,0,0,0,0,0
DOL200.BSE_IDX,01/07/2025,12:29:33,2253.35,0,0,0,0,0,0
DOL200.BSE_IDX,01/07/2025,12:29:41,2253.3,0,0,0,0,0,0
DOL200.BSE_IDX,01/07/2025,12:29:49,2253.27,0,0,0,0,0,0
DOL200.BSE_IDX,01/07/2025,12:29:57,2253.36,0,0,0,0,0,0
DOL200.BSE_IDX,01/07/2025,12:30:05,2253.77,0,0,0,0,0,0
DOL200.BSE_IDX,01/07/2025,12:30:13,2253.83,0,0,0,0,0,0
DOL200.BSE_IDX,01/07/2025,12:30:22,2253.78,0,0,0,0,0,0
DOL200.BSE_IDX,01/07/2025,12:30:29,2253.64,0,0,0,0,0,0
DOL200.BSE_IDX,01/07/2025,12:30:37,2253.59,0,0,0,0,0,0
DOL200.BSE_IDX,01/07/2025,12:30:45,2253.63,0,0,0,0,0,0
DOL200.BSE_IDX,01/07/2025,12:30:53,2253.7,0,0,0,0,0,0
DOL200.BSE_IDX,01/07/2025,12:31:01,2253.76,0,0,0,0,0,0
DOL200.BSE_IDX,01/07/2025,12:31:09,2253.42,0,0,0,0,0,0
DOL200.BSE_IDX,01/07/2025,12:31:17,2253.19,0,0,0,0,0,0
DOL200.BSE_IDX,01/07/2025,12:31:25,2253.13,0,0,0,0,0,0
DOL200.BSE_IDX,01/07/2025,12:31:34,2253.07,0,0,0,0,0,0
DOL200.BSE_IDX,01/07/2025,12:31:41,2252.93,0,0,0,0,0,0
DOL200.BSE_IDX,01/07/2025,12:31:49,2252.88,0,0,0,0,0,0
DOL200.BSE_IDX,01/07/2025,12:31:57,2252.82,0,0,0,0,0,0
DOL200.BSE_IDX,01/07/2025,12:32:05,2252.85,0,0,0,0,0,0
DOL200.BSE_IDX,01/07/2025,12:32:13,2252.9,0,0,0,0,0,0
DOL200.BSE_IDX,01/07/2025,12:32:21,2252.9,0,0,0,0,0,0
DOL200.BSE_IDX,01/07/2025,12:32:29,2252.95,0,0,0,0,0,0
DOL200.BSE_IDX,01/07/2025,12:32:37,2252.9,0,0,0,0,0,0
DOL200.BSE_IDX,01/07/2025,12:32:45,2252.87,0,0,0,0,0,0
DOL200.BSE_IDX,01/07/2025,12:32:53,2252.81,0,0,0,0,0,0
DOL200.BSE_IDX,01/07/2025,12:33:01,2252.86,0,0,0,0,0,0
DOL200.BSE_IDX,01/07/2025,12:33:09,2252.8,0,0,0,0,0,0
DOL200.BSE_IDX,01/07/2025,12:33:17,2252.72,0,0,0,0,0,0
DOL200.BSE_IDX,01/07/2025,12:33:26,2252.73,0,0,0,0,0,0
DOL200.BSE_IDX,01/07/2025,12:33:33,2252.76,0,0,0,0,0,0
DOL200.BSE_IDX,01/07/2025,12:33:41,2252.81,0,0,0,0,0,0
DOL200.BSE_IDX,01/07/2025,12:33:49,2252.77,0,0,0,0,0,0
DOL200.BSE_IDX,01/07/2025,12:33:57,2252.75,0,0,0,0,0,0
DOL200.BSE_IDX,01/07/2025,12:34:05,2252.84,0,0,0,0,0,0
DOL200.BSE_IDX,01/07/2025,12:34:13,2252.93,0,0,0,0,0,0
DOL200.BSE_IDX,01/07/2025,12:34:21,2252.96,0,0,0,0,0,0
DOL200.BSE_IDX,01/07/2025,12:34:29,2253.1,0,0,0,0,0,0
DOL200.BSE_IDX,01/07/2025,12:34:37,2253.12,0,0,0,0,0,0
DOL200.BSE_IDX,01/07/2025,12:34:45,2253.15,0,0,0,0,0,0
DOL200.BSE_IDX,01/07/2025,12:34:53,2253.25,0,0,0,0,0,0
DOL200.BSE_IDX,01/07/2025,12:35:01,2253.35,0,0,0,0,0,0
DOL200.BSE_IDX,01/07/2025,12:35:09,2253.41,0,0,0,0,0,0
DOL200.BSE_IDX,01/07/2025,12:35:17,2253.52,0,0,0,0,0,0
DOL200.BSE_IDX,01/07/2025,12:35:25,2253.63,0,0,0,0,0,0
DOL200.BSE_IDX,01/07/2025,12:35:33,2253.65,0,0,0,0,0,0
DOL200.BSE_IDX,01/07/2025,12:35:41,2253.59,0,0,0,0,0,0
DOL200.BSE_IDX,01/07/2025,12:35:49,2253.79,0,0,0,0,0,0
DOL200.BSE_IDX,01/07/2025,12:35:57,2253.66,0,0,0,0,0,0
DOL200.BSE_IDX,01/07/2025,12:36:05,2253.86,0,0,0,0,0,0
DOL200.BSE_IDX,01/07/2025,12:36:13,2253.89,0,0,0,0,0,0
DOL200.BSE_IDX,01/07/2025,12:36:21,2253.75,0,0,0,0,0,0
DOL200.BSE_IDX,01/07/2025,12:36:29,2253.81,0,0,0,0,0,0
DOL200.BSE_IDX,01/07/2025,12:36:37,2253.82,0,0,0,0,0,0
DOL200.BSE_IDX,01/07/2025,12:36:45,2253.92,0,0,0,0,0,0
DOL200.BSE_IDX,01/07/2025,12:36:53,2253.92,0,0,0,0,0,0
DOL200.BSE_IDX,01/07/2025,12:37:01,2253.99,0,0,0,0,0,0
DOL200.BSE_IDX,01/07/2025,12:37:09,2254.06,0,0,0,0,0,0
DOL200.BSE_IDX,01/07/2025,12:37:17,2254.01,0,0,0,0,0,0
DOL200.BSE_IDX,01/07/2025,12:37:25,2253.85,0,0,0,0,0,0
DOL200.BSE_IDX,01/07/2025,12:37:33,2253.81,0,0,0,0,0,0
DOL200.BSE_IDX,01/07/2025,12:37:41,2253.67,0,0,0,0,0,0
DOL200.BSE_IDX,01/07/2025,12:37:49,2253.6,0,0,0,0,0,0
DOL200.BSE_IDX,01/07/2025,12:37:57,2253.51,0,0,0,0,0,0
DOL200.BSE_IDX,01/07/2025,12:38:05,2253.55,0,0,0,0,0,0
DOL200.BSE_IDX,01/07/2025,12:38:13,2253.55,0,0,0,0,0,0
DOL200.BSE_IDX,01/07/2025,12:38:22,2253.68,0,0,0,0,0,0
DOL200.BSE_IDX,01/07/2025,12:38:29,2253.64,0,0,0,0,0,0
DOL200.BSE_IDX,01/07/2025,12:38:39,2253.69,0,0,0,0,0,0
DOL200.BSE_IDX,01/07/2025,12:38:45,2253.71,0,0,0,0,0,0
DOL200.BSE_IDX,01/07/2025,12:38:53,2253.81,0,0,0,0,0,0
DOL200.BSE_IDX,01/07/2025,12:39:01,2253.79,0,0,0,0,0,0
DOL200.BSE_IDX,01/07/2025,12:39:10,2253.68,0,0,0,0,0,0
DOL200.BSE_IDX,01/07/2025,12:39:17,2253.8,0,0,0,0,0,0
DOL200.BSE_IDX,01/07/2025,12:39:25,2253.79,0,0,0,0,0,0
DOL200.BSE_IDX,01/07/2025,12:39:34,2253.79,0,0,0,0,0,0
DOL200.BSE_IDX,01/07/2025,12:39:42,2253.9,0,0,0,0,0,0
DOL200.BSE_IDX,01/07/2025,12:39:49,2253.9,0,0,0,0,0,0
DOL200.BSE_IDX,01/07/2025,12:39:57,2253.9,0,0,0,0,0,0
DOL200.BSE_IDX,01/07/2025,12:40:05,2253.99,0,0,0,0,0,0
DOL200.BSE_IDX,01/07/2025,12:40:14,2253.91,0,0,0,0,0,0
DOL200.BSE_IDX,01/07/2025,12:40:21,2253.93,0,0,0,0,0,0
DOL200.BSE_IDX,01/07/2025,12:40:29,2253.89,0,0,0,0,0,0
DOL200.BSE_IDX,01/07/2025,12:40:37,2253.93,0,0,0,0,0,0
DOL200.BSE_IDX,01/07/2025,12:40:45,2253.9,0,0,0,0,0,0
DOL200.BSE_IDX,01/07/2025,12:40:54,2253.9,0,0,0,0,0,0
DOL200.BSE_IDX,01/07/2025,12:41:01,2253.87,0,0,0,0,0,0
DOL200.BSE_IDX,01/07/2025,12:41:09,2253.77,0,0,0,0,0,0
DOL200.BSE_IDX,01/07/2025,12:41:17,2253.78,0,0,0,0,0,0
DOL200.BSE_IDX,01/07/2025,12:41:25,2253.76,0,0,0,0,0,0
DOL200.BSE_IDX,01/07/2025,12:41:33,2253.76,0,0,0,0,0,0
DOL200.BSE_IDX,01/07/2025,12:41:41,2253.82,0,0,0,0,0,0
DOL200.BSE_IDX,01/07/2025,12:41:49,2253.94,0,0,0,0,0,0
DOL200.BSE_IDX,01/07/2025,12:41:57,2253.95,0,0,0,0,0,0
DOL200.BSE_IDX,01/07/2025,12:42:05,2253.89,0,0,0,0,0,0
DOL200.BSE_IDX,01/07/2025,12:42:13,2253.92,0,0,0,0,0,0
DOL200.BSE_IDX,01/07/2025,12:42:21,2253.91,0,0,0,0,0,0
DOL200.BSE_IDX,01/07/2025,12:42:29,2254.04,0,0,0,0,0,0
DOL200.BSE_IDX,01/07/2025,12:42:37,2253.98,0,0,0,0,0,0
DOL200.BSE_IDX,01/07/2025,12:42:45,2253.97,0,0,0,0,0,0
DOL200.BSE_IDX,01/07/2025,12:42:53,2253.99,0,0,0,0,0,0
DOL200.BSE_IDX,01/07/2025,12:43:01,2254.05,0,0,0,0,0,0
DOL200.BSE_IDX,01/07/2025,12:43:10,2254.03,0,0,0,0,0,0
DOL200.BSE_IDX,01/07/2025,12:43:17,2254.04,0,0,0,0,0,0
DOL200.BSE_IDX,01/07/2025,12:43:26,2254.08,0,0,0,0,0,0
DOL200.BSE_IDX,01/07/2025,12:43:33,2254.06,0,0,0,0,0,0
DOL200.BSE_IDX,01/07/2025,12:43:41,2253.87,0,0,0,0,0,0
DOL200.BSE_IDX,01/07/2025,12:43:49,2253.86,0,0,0,0,0,0
DOL200.BSE_IDX,01/07/2025,12:43:58,2253.84,0,0,0,0,0,0
DOL200.BSE_IDX,01/07/2025,12:44:05,2253.85,0,0,0,0,0,0
DOL200.BSE_IDX,01/07/2025,12:44:14,2253.76,0,0,0,0,0,0
DOL200.BSE_IDX,01/07/2025,12:44:21,2253.56,0,0,0,0,0,0
DOL200.BSE_IDX,01/07/2025,12:44:29,2253.51,0,0,0,0,0,0
DOL200.BSE_IDX,01/07/2025,12:44:38,2253.49,0,0,0,0,0,0
DOL200.BSE_IDX,01/07/2025,12:44:45,2253.54,0,0,0,0,0,0
DOL200.BSE_IDX,01/07/2025,12:44:53,2253.45,0,0,0,0,0,0
DOL200.BSE_IDX,01/07/2025,12:45:01,2253.47,0,0,0,0,0,0
DOL200.BSE_IDX,01/07/2025,12:45:11,2253.44,0,0,0,0,0,0
DOL200.BSE_IDX,01/07/2025,12:45:17,2253.36,0,0,0,0,0,0
DOL200.BSE_IDX,01/07/2025,12:45:25,2253.36,0,0,0,0,0,0
DOL200.BSE_IDX,01/07/2025,12:45:34,2253.39,0,0,0,0,0,0
DOL200.BSE_IDX,01/07/2025,12:45:42,2253.3,0,0,0,0,0,0
DOL200.BSE_IDX,01/07/2025,12:45:50,2253.36,0,0,0,0,0,0
DOL200.BSE_IDX,01/07/2025,12:45:58,2253.3,0,0,0,0,0,0
DOL200.BSE_IDX,01/07/2025,12:46:06,2253.35,0,0,0,0,0,0
DOL200.BSE_IDX,01/07/2025,12:46:14,2253.28,0,0,0,0,0,0
DOL200.BSE_IDX,01/07/2025,12:46:22,2253.26,0,0,0,0,0,0
DOL200.BSE_IDX,01/07/2025,12:46:30,2253.15,0,0,0,0,0,0
DOL200.BSE_IDX,01/07/2025,12:46:38,2253.12,0,0,0,0,0,0
DOL200.BSE_IDX,01/07/2025,12:46:46,2253.17,0,0,0,0,0,0
DOL200.BSE_IDX,01/07/2025,12:46:54,2253.01,0,0,0,0,0,0
DOL200.BSE_IDX,01/07/2025,12:47:02,2253.02,0,0,0,0,0,0
DOL200.BSE_IDX,01/07/2025,12:47:10,2253.01,0,0,0,0,0,0
DOL200.BSE_IDX,01/07/2025,12:47:18,2253.03,0,0,0,0,0,0
DOL200.BSE_IDX,01/07/2025,12:47:26,2253.05,0,0,0,0,0,0
DOL200.BSE_IDX,01/07/2025,12:47:34,2253.14,0,0,0,0,0,0
DOL200.BSE_IDX,01/07/2025,12:47:42,2253,0,0,0,0,0,0
DOL200.BSE_IDX,01/07/2025,12:47:50,2253.1,0,0,0,0,0,0
DOL200.BSE_IDX,01/07/2025,12:47:58,2253.09,0,0,0,0,0,0
DOL200.BSE_IDX,01/07/2025,12:48:06,2253.14,0,0,0,0,0,0
DOL200.BSE_IDX,01/07/2025,12:48:14,2253.23,0,0,0,0,0,0
DOL200.BSE_IDX,01/07/2025,12:48:22,2253.22,0,0,0,0,0,0
DOL200.BSE_IDX,01/07/2025,12:48:30,2253.36,0,0,0,0,0,0
DOL200.BSE_IDX,01/07/2025,12:48:38,2253.35,0,0,0,0,0,0
DOL200.BSE_IDX,01/07/2025,12:48:46,2253.31,0,0,0,0,0,0
DOL200.BSE_IDX,01/07/2025,12:48:54,2253.33,0,0,0,0,0,0
DOL200.BSE_IDX,01/07/2025,12:49:02,2253.31,0,0,0,0,0,0
DOL200.BSE_IDX,01/07/2025,12:49:10,2253.33,0,0,0,0,0,0
DOL200.BSE_IDX,01/07/2025,12:49:18,2253.29,0,0,0,0,0,0
DOL200.BSE_IDX,01/07/2025,12:49:26,2253.3,0,0,0,0,0,0
DOL200.BSE_IDX,01/07/2025,12:49:34,2253.26,0,0,0,0,0,0
DOL200.BSE_IDX,01/07/2025,12:49:42,2253.32,0,0,0,0,0,0
DOL200.BSE_IDX,01/07/2025,12:49:50,2253.42,0,0,0,0,0,0
DOL200.BSE_IDX,01/07/2025,12:49:58,2253.47,0,0,0,0,0,0
DOL200.BSE_IDX,01/07/2025,12:50:06,2253.5,0,0,0,0,0,0
DOL200.BSE_IDX,01/07/2025,12:50:14,2253.45,0,0,0,0,0,0
DOL200.BSE_IDX,01/07/2025,12:50:22,2253.53,0,0,0,0,0,0
DOL200.BSE_IDX,01/07/2025,12:50:30,2253.57,0,0,0,0,0,0
DOL200.BSE_IDX,01/07/2025,12:50:38,2253.55,0,0,0,0,0,0
DOL200.BSE_IDX,01/07/2025,12:50:47,2253.6,0,0,0,0,0,0
DOL200.BSE_IDX,01/07/2025,12:50:54,2253.62,0,0,0,0,0,0
DOL200.BSE_IDX,01/07/2025,12:51:02,2253.6,0,0,0,0,0,0
DOL200.BSE_IDX,01/07/2025,12:51:10,2253.69,0,0,0,0,0,0
DOL200.BSE_IDX,01/07/2025,12:51:19,2253.79,0,0,0,0,0,0
DOL200.BSE_IDX,01/07/2025,12:51:26,2253.75,0,0,0,0,0,0
DOL200.BSE_IDX,01/07/2025,12:51:34,2253.78,0,0,0,0,0,0
DOL200.BSE_IDX,01/07/2025,12:51:42,2253.74,0,0,0,0,0,0
DOL200.BSE_IDX,01/07/2025,12:51:50,2253.73,0,0,0,0,0,0
DOL200.BSE_IDX,01/07/2025,12:51:58,2253.73,0,0,0,0,0,0
DOL200.BSE_IDX,01/07/2025,12:52:06,2253.66,0,0,0,0,0,0
DOL200.BSE_IDX,01/07/2025,12:52:14,2253.64,0,0,0,0,0,0
DOL200.BSE_IDX,01/07/2025,12:52:22,2253.69,0,0,0,0,0,0
DOL200.BSE_IDX,01/07/2025,12:52:30,2253.69,0,0,0,0,0,0
DOL200.BSE_IDX,01/07/2025,12:52:38,2253.64,0,0,0,0,0,0
DOL200.BSE_IDX,01/07/2025,12:52:46,2253.64,0,0,0,0,0,0
DOL200.BSE_IDX,01/07/2025,12:52:54,2253.69,0,0,0,0,0,0
DOL200.BSE_IDX,01/07/2025,12:53:02,2253.74,0,0,0,0,0,0
DOL200.BSE_IDX,01/07/2025,12:53:10,2253.75,0,0,0,0,0,0
DOL200.BSE_IDX,01/07/2025,12:53:18,2253.71,0,0,0,0,0,0
DOL200.BSE_IDX,01/07/2025,12:53:26,2253.61,0,0,0,0,0,0
DOL200.BSE_IDX,01/07/2025,12:53:34,2253.56,0,0,0,0,0,0
DOL200.BSE_IDX,01/07/2025,12:53:42,2253.44,0,0,0,0,0,0
DOL200.BSE_IDX,01/07/2025,12:53:50,2253.42,0,0,0,0,0,0
DOL200.BSE_IDX,01/07/2025,12:53:58,2253.46,0,0,0,0,0,0
DOL200.BSE_IDX,01/07/2025,12:54:06,2253.48,0,0,0,0,0,0
DOL200.BSE_IDX,01/07/2025,12:54:14,2253.4,0,0,0,0,0,0
DOL200.BSE_IDX,01/07/2025,12:54:22,2253.35,0,0,0,0,0,0
DOL200.BSE_IDX,01/07/2025,12:54:30,2253.33,0,0,0,0,0,0
DOL200.BSE_IDX,01/07/2025,12:54:38,2253.3,0,0,0,0,0,0
DOL200.BSE_IDX,01/07/2025,12:54:46,2253.21,0,0,0,0,0,0
DOL200.BSE_IDX,01/07/2025,12:54:54,2253.15,0,0,0,0,0,0
DOL200.BSE_IDX,01/07/2025,12:55:02,2253.11,0,0,0,0,0,0
DOL200.BSE_IDX,01/07/2025,12:55:10,2252.99,0,0,0,0,0,0
DOL200.BSE_IDX,01/07/2025,12:55:18,2253.01,0,0,0,0,0,0
DOL200.BSE_IDX,01/07/2025,12:55:26,2253.03,0,0,0,0,0,0
DOL200.BSE_IDX,01/07/2025,12:55:34,2253.18,0,0,0,0,0,0
DOL200.BSE_IDX,01/07/2025,12:55:42,2253.23,0,0,0,0,0,0
DOL200.BSE_IDX,01/07/2025,12:55:50,2253.26,0,0,0,0,0,0
DOL200.BSE_IDX,01/07/2025,12:55:58,2253.32,0,0,0,0,0,0
DOL200.BSE_IDX,01/07/2025,12:56:06,2253.23,0,0,0,0,0,0
DOL200.BSE_IDX,01/07/2025,12:56:15,2253.33,0,0,0,0,0,0
DOL200.BSE_IDX,01/07/2025,12:56:22,2253.47,0,0,0,0,0,0
DOL200.BSE_IDX,01/07/2025,12:56:30,2253.35,0,0,0,0,0,0
DOL200.BSE_IDX,01/07/2025,12:56:38,2253.21,0,0,0,0,0,0
DOL200.BSE_IDX,01/07/2025,12:56:46,2253.06,0,0,0,0,0,0
DOL200.BSE_IDX,01/07/2025,12:56:54,2253.12,0,0,0,0,0,0
DOL200.BSE_IDX,01/07/2025,12:57:02,2252.92,0,0,0,0,0,0
DOL200.BSE_IDX,01/07/2025,12:57:10,2252.89,0,0,0,0,0,0
DOL200.BSE_IDX,01/07/2025,12:57:18,2252.9,0,0,0,0,0,0
DOL200.BSE_IDX,01/07/2025,12:57:26,2252.78,0,0,0,0,0,0
DOL200.BSE_IDX,01/07/2025,12:57:34,2252.87,0,0,0,0,0,0
DOL200.BSE_IDX,01/07/2025,12:57:42,2252.87,0,0,0,0,0,0
DOL200.BSE_IDX,01/07/2025,12:57:51,2252.83,0,0,0,0,0,0
DOL200.BSE_IDX,01/07/2025,12:57:58,2252.76,0,0,0,0,0,0
DOL200.BSE_IDX,01/07/2025,12:58:06,2252.85,0,0,0,0,0,0
DOL200.BSE_IDX,01/07/2025,12:58:14,2252.84,0,0,0,0,0,0
DOL200.BSE_IDX,01/07/2025,12:58:22,2252.81,0,0,0,0,0,0
DOL200.BSE_IDX,01/07/2025,12:58:30,2252.82,0,0,0,0,0,0
