Ticker,Date,Time,LTP,BuyPrice,BuyQty,SellPrice,SellQty,LTQ,OpenInterest
DOL30.BSE_IDX,01/07/2025,09:00:07,8062.12,0,0,0,0,0,0
DOL30.BSE_IDX,01/07/2025,09:00:15,8065.32,0,0,0,0,0,0
DOL30.BSE_IDX,01/07/2025,09:00:23,8052.04,0,0,0,0,0,0
DOL30.BSE_IDX,01/07/2025,09:00:31,8053.6,0,0,0,0,0,0
DOL30.BSE_IDX,01/07/2025,09:00:39,8051.48,0,0,0,0,0,0
DOL30.BSE_IDX,01/07/2025,09:00:47,8044.35,0,0,0,0,0,0
DOL30.BSE_IDX,01/07/2025,09:00:55,8044.72,0,0,0,0,0,0
DOL30.BSE_IDX,01/07/2025,09:01:03,8045.83,0,0,0,0,0,0
DOL30.BSE_IDX,01/07/2025,09:01:11,8044.72,0,0,0,0,0,0
DOL30.BSE_IDX,01/07/2025,09:01:19,8044.59,0,0,0,0,0,0
DOL30.BSE_IDX,01/07/2025,09:01:27,8039.08,0,0,0,0,0,0
DOL30.BSE_IDX,01/07/2025,09:01:35,8036.77,0,0,0,0,0,0
DOL30.BSE_IDX,01/07/2025,09:01:43,8031.71,0,0,0,0,0,0
DOL30.BSE_IDX,01/07/2025,09:01:51,8031.04,0,0,0,0,0,0
DOL30.BSE_IDX,01/07/2025,09:01:59,8036.4,0,0,0,0,0,0
DOL30.BSE_IDX,01/07/2025,09:02:07,8037.97,0,0,0,0,0,0
DOL30.BSE_IDX,01/07/2025,09:02:15,8039.51,0,0,0,0,0,0
DOL30.BSE_IDX,01/07/2025,09:02:23,8039.51,0,0,0,0,0,0
DOL30.BSE_IDX,01/07/2025,09:02:31,8041.73,0,0,0,0,0,0
DOL30.BSE_IDX,01/07/2025,09:02:39,8041.73,0,0,0,0,0,0
DOL30.BSE_IDX,01/07/2025,09:02:47,8041.37,0,0,0,0,0,0
DOL30.BSE_IDX,01/07/2025,09:02:55,8040.6,0,0,0,0,0,0
DOL30.BSE_IDX,01/07/2025,09:03:03,8042.7,0,0,0,0,0,0
DOL30.BSE_IDX,01/07/2025,09:03:11,8041.51,0,0,0,0,0,0
DOL30.BSE_IDX,01/07/2025,09:03:19,8038.05,0,0,0,0,0,0
DOL30.BSE_IDX,01/07/2025,09:03:27,8036.29,0,0,0,0,0,0
DOL30.BSE_IDX,01/07/2025,09:03:35,8037.1,0,0,0,0,0,0
DOL30.BSE_IDX,01/07/2025,09:03:43,8033.17,0,0,0,0,0,0
DOL30.BSE_IDX,01/07/2025,09:03:51,8031.22,0,0,0,0,0,0
DOL30.BSE_IDX,01/07/2025,09:03:59,8022.87,0,0,0,0,0,0
DOL30.BSE_IDX,01/07/2025,09:04:07,8022.32,0,0,0,0,0,0
DOL30.BSE_IDX,01/07/2025,09:04:15,8020.56,0,0,0,0,0,0
DOL30.BSE_IDX,01/07/2025,09:04:23,8021.08,0,0,0,0,0,0
DOL30.BSE_IDX,01/07/2025,09:04:31,8019.67,0,0,0,0,0,0
DOL30.BSE_IDX,01/07/2025,09:04:39,8019.41,0,0,0,0,0,0
DOL30.BSE_IDX,01/07/2025,09:04:47,8016.04,0,0,0,0,0,0
DOL30.BSE_IDX,01/07/2025,09:04:55,8012.95,0,0,0,0,0,0
DOL30.BSE_IDX,01/07/2025,09:05:03,8012.88,0,0,0,0,0,0
DOL30.BSE_IDX,01/07/2025,09:05:11,8010.57,0,0,0,0,0,0
DOL30.BSE_IDX,01/07/2025,09:05:19,8015.79,0,0,0,0,0,0
DOL30.BSE_IDX,01/07/2025,09:05:27,8017.05,0,0,0,0,0,0
DOL30.BSE_IDX,01/07/2025,09:05:35,8017.97,0,0,0,0,0,0
DOL30.BSE_IDX,01/07/2025,09:05:43,8017.17,0,0,0,0,0,0
DOL30.BSE_IDX,01/07/2025,09:05:51,8018.34,0,0,0,0,0,0
DOL30.BSE_IDX,01/07/2025,09:05:59,8021.35,0,0,0,0,0,0
DOL30.BSE_IDX,01/07/2025,09:06:07,8021.78,0,0,0,0,0,0
DOL30.BSE_IDX,01/07/2025,09:06:15,8022.57,0,0,0,0,0,0
DOL30.BSE_IDX,01/07/2025,09:06:23,8024.74,0,0,0,0,0,0
DOL30.BSE_IDX,01/07/2025,09:06:31,8026.74,0,0,0,0,0,0
DOL30.BSE_IDX,01/07/2025,09:06:39,8024.99,0,0,0,0,0,0
DOL30.BSE_IDX,01/07/2025,09:06:47,8023.17,0,0,0,0,0,0
DOL30.BSE_IDX,01/07/2025,09:06:55,8023.55,0,0,0,0,0,0
DOL30.BSE_IDX,01/07/2025,09:07:04,8023.14,0,0,0,0,0,0
DOL30.BSE_IDX,01/07/2025,09:07:11,8023.14,0,0,0,0,0,0
DOL30.BSE_IDX,01/07/2025,09:07:19,8023.14,0,0,0,0,0,0
DOL30.BSE_IDX,01/07/2025,09:07:27,8023.14,0,0,0,0,0,0
DOL30.BSE_IDX,01/07/2025,09:07:35,8023.14,0,0,0,0,0,0
DOL30.BSE_IDX,01/07/2025,09:07:43,8023.14,0,0,0,0,0,0
DOL30.BSE_IDX,01/07/2025,09:07:51,8023.14,0,0,0,0,0,0
DOL30.BSE_IDX,01/07/2025,09:07:59,8023.14,0,0,0,0,0,0
DOL30.BSE_IDX,01/07/2025,09:08:07,8023.14,0,0,0,0,0,0
DOL30.BSE_IDX,01/07/2025,09:08:15,8023.14,0,0,0,0,0,0
DOL30.BSE_IDX,01/07/2025,09:08:23,8023.14,0,0,0,0,0,0
DOL30.BSE_IDX,01/07/2025,09:08:31,8023.14,0,0,0,0,0,0
DOL30.BSE_IDX,01/07/2025,09:08:39,8023.14,0,0,0,0,0,0
DOL30.BSE_IDX,01/07/2025,09:08:47,8023.14,0,0,0,0,0,0
DOL30.BSE_IDX,01/07/2025,09:08:55,8023.14,0,0,0,0,0,0
DOL30.BSE_IDX,01/07/2025,09:09:03,8023.11,0,0,0,0,0,0
DOL30.BSE_IDX,01/07/2025,09:09:11,8023.11,0,0,0,0,0,0
DOL30.BSE_IDX,01/07/2025,09:09:19,8023.11,0,0,0,0,0,0
DOL30.BSE_IDX,01/07/2025,09:09:27,8023.11,0,0,0,0,0,0
DOL30.BSE_IDX,01/07/2025,09:09:35,8023.11,0,0,0,0,0,0
DOL30.BSE_IDX,01/07/2025,09:09:43,8023.11,0,0,0,0,0,0
DOL30.BSE_IDX,01/07/2025,09:09:51,8023.11,0,0,0,0,0,0
DOL30.BSE_IDX,01/07/2025,09:09:59,8023.11,0,0,0,0,0,0
DOL30.BSE_IDX,01/07/2025,09:10:07,8023.11,0,0,0,0,0,0
DOL30.BSE_IDX,01/07/2025,09:10:15,8023.11,0,0,0,0,0,0
DOL30.BSE_IDX,01/07/2025,09:10:23,8023.11,0,0,0,0,0,0
DOL30.BSE_IDX,01/07/2025,09:10:31,8023.11,0,0,0,0,0,0
DOL30.BSE_IDX,01/07/2025,09:10:39,8023.11,0,0,0,0,0,0
DOL30.BSE_IDX,01/07/2025,09:10:47,8023.11,0,0,0,0,0,0
DOL30.BSE_IDX,01/07/2025,09:10:55,8023.11,0,0,0,0,0,0
DOL30.BSE_IDX,01/07/2025,09:11:03,8023.11,0,0,0,0,0,0
DOL30.BSE_IDX,01/07/2025,09:11:11,8023.11,0,0,0,0,0,0
DOL30.BSE_IDX,01/07/2025,09:11:19,8023.11,0,0,0,0,0,0
DOL30.BSE_IDX,01/07/2025,09:11:27,8023.11,0,0,0,0,0,0
DOL30.BSE_IDX,01/07/2025,09:11:35,8023.11,0,0,0,0,0,0
DOL30.BSE_IDX,01/07/2025,09:11:43,8023.11,0,0,0,0,0,0
DOL30.BSE_IDX,01/07/2025,09:11:51,8023.11,0,0,0,0,0,0
DOL30.BSE_IDX,01/07/2025,09:11:59,8023.11,0,0,0,0,0,0
DOL30.BSE_IDX,01/07/2025,09:12:07,8023.11,0,0,0,0,0,0
DOL30.BSE_IDX,01/07/2025,09:12:16,8023.11,0,0,0,0,0,0
DOL30.BSE_IDX,01/07/2025,09:12:23,8023.11,0,0,0,0,0,0
DOL30.BSE_IDX,01/07/2025,09:12:31,8023.11,0,0,0,0,0,0
DOL30.BSE_IDX,01/07/2025,09:12:39,8023.11,0,0,0,0,0,0
DOL30.BSE_IDX,01/07/2025,09:12:47,8023.11,0,0,0,0,0,0
DOL30.BSE_IDX,01/07/2025,09:12:55,8023.11,0,0,0,0,0,0
DOL30.BSE_IDX,01/07/2025,09:13:03,8023.11,0,0,0,0,0,0
DOL30.BSE_IDX,01/07/2025,09:13:11,8023.11,0,0,0,0,0,0
DOL30.BSE_IDX,01/07/2025,09:13:19,8023.11,0,0,0,0,0,0
DOL30.BSE_IDX,01/07/2025,09:13:27,8023.11,0,0,0,0,0,0
DOL30.BSE_IDX,01/07/2025,09:13:35,8023.11,0,0,0,0,0,0
DOL30.BSE_IDX,01/07/2025,09:13:43,8023.11,0,0,0,0,0,0
DOL30.BSE_IDX,01/07/2025,09:13:51,8023.11,0,0,0,0,0,0
DOL30.BSE_IDX,01/07/2025,09:13:59,8023.11,0,0,0,0,0,0
DOL30.BSE_IDX,01/07/2025,09:14:07,8023.11,0,0,0,0,0,0
DOL30.BSE_IDX,01/07/2025,09:14:15,8023.11,0,0,0,0,0,0
DOL30.BSE_IDX,01/07/2025,09:14:23,8023.11,0,0,0,0,0,0
DOL30.BSE_IDX,01/07/2025,09:14:31,8023.11,0,0,0,0,0,0
DOL30.BSE_IDX,01/07/2025,09:14:39,8023.11,0,0,0,0,0,0
DOL30.BSE_IDX,01/07/2025,09:14:47,8023.11,0,0,0,0,0,0
DOL30.BSE_IDX,01/07/2025,09:14:55,8023.11,0,0,0,0,0,0
DOL30.BSE_IDX,01/07/2025,09:15:04,8028.02,0,0,0,0,0,0
DOL30.BSE_IDX,01/07/2025,09:15:11,8030.78,0,0,0,0,0,0
DOL30.BSE_IDX,01/07/2025,09:15:19,8026.87,0,0,0,0,0,0
DOL30.BSE_IDX,01/07/2025,09:15:27,8024.48,0,0,0,0,0,0
DOL30.BSE_IDX,01/07/2025,09:15:35,8023.4,0,0,0,0,0,0
DOL30.BSE_IDX,01/07/2025,09:15:43,8021.89,0,0,0,0,0,0
DOL30.BSE_IDX,01/07/2025,09:15:51,8019.83,0,0,0,0,0,0
DOL30.BSE_IDX,01/07/2025,09:15:59,8017.82,0,0,0,0,0,0
DOL30.BSE_IDX,01/07/2025,09:16:07,8017.41,0,0,0,0,0,0
DOL30.BSE_IDX,01/07/2025,09:16:15,8020.04,0,0,0,0,0,0
DOL30.BSE_IDX,01/07/2025,09:16:24,8020.59,0,0,0,0,0,0
DOL30.BSE_IDX,01/07/2025,09:16:31,8019.17,0,0,0,0,0,0
DOL30.BSE_IDX,01/07/2025,09:16:39,8019.22,0,0,0,0,0,0
DOL30.BSE_IDX,01/07/2025,09:16:48,8015.98,0,0,0,0,0,0
DOL30.BSE_IDX,01/07/2025,09:16:55,8016.48,0,0,0,0,0,0
DOL30.BSE_IDX,01/07/2025,09:17:03,8017.76,0,0,0,0,0,0
DOL30.BSE_IDX,01/07/2025,09:17:12,8015.2,0,0,0,0,0,0
DOL30.BSE_IDX,01/07/2025,09:17:19,8015.63,0,0,0,0,0,0
DOL30.BSE_IDX,01/07/2025,09:17:27,8016.56,0,0,0,0,0,0
DOL30.BSE_IDX,01/07/2025,09:17:35,8017.89,0,0,0,0,0,0
DOL30.BSE_IDX,01/07/2025,09:17:44,8020.62,0,0,0,0,0,0
DOL30.BSE_IDX,01/07/2025,09:17:51,8022.13,0,0,0,0,0,0
DOL30.BSE_IDX,01/07/2025,09:17:59,8020.97,0,0,0,0,0,0
DOL30.BSE_IDX,01/07/2025,09:18:07,8022.47,0,0,0,0,0,0
DOL30.BSE_IDX,01/07/2025,09:18:15,8023.56,0,0,0,0,0,0
DOL30.BSE_IDX,01/07/2025,09:18:23,8023.12,0,0,0,0,0,0
DOL30.BSE_IDX,01/07/2025,09:18:31,8023.14,0,0,0,0,0,0
DOL30.BSE_IDX,01/07/2025,09:18:39,8023.71,0,0,0,0,0,0
DOL30.BSE_IDX,01/07/2025,09:18:47,8024.23,0,0,0,0,0,0
DOL30.BSE_IDX,01/07/2025,09:18:56,8023.99,0,0,0,0,0,0
DOL30.BSE_IDX,01/07/2025,09:19:03,8023.6,0,0,0,0,0,0
DOL30.BSE_IDX,01/07/2025,09:19:11,8023.04,0,0,0,0,0,0
DOL30.BSE_IDX,01/07/2025,09:19:19,8022.81,0,0,0,0,0,0
DOL30.BSE_IDX,01/07/2025,09:19:28,8022.25,0,0,0,0,0,0
DOL30.BSE_IDX,01/07/2025,09:19:35,8023.87,0,0,0,0,0,0
DOL30.BSE_IDX,01/07/2025,09:19:43,8023.67,0,0,0,0,0,0
DOL30.BSE_IDX,01/07/2025,09:19:52,8023.86,0,0,0,0,0,0
DOL30.BSE_IDX,01/07/2025,09:19:59,8022.89,0,0,0,0,0,0
DOL30.BSE_IDX,01/07/2025,09:20:07,8023.99,0,0,0,0,0,0
DOL30.BSE_IDX,01/07/2025,09:20:15,8025.32,0,0,0,0,0,0
DOL30.BSE_IDX,01/07/2025,09:20:24,8024.96,0,0,0,0,0,0
DOL30.BSE_IDX,01/07/2025,09:20:31,8026.37,0,0,0,0,0,0
DOL30.BSE_IDX,01/07/2025,09:20:39,8026.57,0,0,0,0,0,0
DOL30.BSE_IDX,01/07/2025,09:20:47,8026.34,0,0,0,0,0,0
DOL30.BSE_IDX,01/07/2025,09:20:55,8025.76,0,0,0,0,0,0
DOL30.BSE_IDX,01/07/2025,09:21:03,8025.57,0,0,0,0,0,0
DOL30.BSE_IDX,01/07/2025,09:21:11,8026.64,0,0,0,0,0,0
DOL30.BSE_IDX,01/07/2025,09:21:19,8028.8,0,0,0,0,0,0
DOL30.BSE_IDX,01/07/2025,09:21:27,8028.71,0,0,0,0,0,0
DOL30.BSE_IDX,01/07/2025,09:21:36,8029.6,0,0,0,0,0,0
DOL30.BSE_IDX,01/07/2025,09:21:43,8030.92,0,0,0,0,0,0
DOL30.BSE_IDX,01/07/2025,09:21:51,8031.76,0,0,0,0,0,0
DOL30.BSE_IDX,01/07/2025,09:21:59,8031.88,0,0,0,0,0,0
DOL30.BSE_IDX,01/07/2025,09:22:07,8031.35,0,0,0,0,0,0
DOL30.BSE_IDX,01/07/2025,09:22:15,8031.04,0,0,0,0,0,0
DOL30.BSE_IDX,01/07/2025,09:22:23,8033.32,0,0,0,0,0,0
DOL30.BSE_IDX,01/07/2025,09:22:31,8034.64,0,0,0,0,0,0
DOL30.BSE_IDX,01/07/2025,09:22:39,8034.11,0,0,0,0,0,0
DOL30.BSE_IDX,01/07/2025,09:22:47,8034.87,0,0,0,0,0,0
DOL30.BSE_IDX,01/07/2025,09:22:55,8034.82,0,0,0,0,0,0
DOL30.BSE_IDX,01/07/2025,09:23:03,8033.87,0,0,0,0,0,0
DOL30.BSE_IDX,01/07/2025,09:23:11,8032.9,0,0,0,0,0,0
DOL30.BSE_IDX,01/07/2025,09:23:19,8031.67,0,0,0,0,0,0
DOL30.BSE_IDX,01/07/2025,09:23:27,8030.5,0,0,0,0,0,0
DOL30.BSE_IDX,01/07/2025,09:23:35,8029.76,0,0,0,0,0,0
DOL30.BSE_IDX,01/07/2025,09:23:44,8029.35,0,0,0,0,0,0
DOL30.BSE_IDX,01/07/2025,09:23:51,8027.89,0,0,0,0,0,0
DOL30.BSE_IDX,01/07/2025,09:23:59,8027.44,0,0,0,0,0,0
DOL30.BSE_IDX,01/07/2025,09:24:08,8029,0,0,0,0,0,0
DOL30.BSE_IDX,01/07/2025,09:24:15,8028.93,0,0,0,0,0,0
DOL30.BSE_IDX,01/07/2025,09:24:23,8029.01,0,0,0,0,0,0
DOL30.BSE_IDX,01/07/2025,09:24:32,8028.29,0,0,0,0,0,0
DOL30.BSE_IDX,01/07/2025,09:24:39,8028.18,0,0,0,0,0,0
DOL30.BSE_IDX,01/07/2025,09:24:48,8028.87,0,0,0,0,0,0
DOL30.BSE_IDX,01/07/2025,09:24:57,8027.9,0,0,0,0,0,0
DOL30.BSE_IDX,01/07/2025,09:25:03,8027.9,0,0,0,0,0,0
DOL30.BSE_IDX,01/07/2025,09:25:12,8029.35,0,0,0,0,0,0
DOL30.BSE_IDX,01/07/2025,09:25:19,8029.98,0,0,0,0,0,0
DOL30.BSE_IDX,01/07/2025,09:25:29,8029.81,0,0,0,0,0,0
DOL30.BSE_IDX,01/07/2025,09:25:35,8032.33,0,0,0,0,0,0
DOL30.BSE_IDX,01/07/2025,09:25:43,8032.54,0,0,0,0,0,0
DOL30.BSE_IDX,01/07/2025,09:25:51,8033.15,0,0,0,0,0,0
DOL30.BSE_IDX,01/07/2025,09:25:59,8033.39,0,0,0,0,0,0
DOL30.BSE_IDX,01/07/2025,09:26:08,8032.21,0,0,0,0,0,0
DOL30.BSE_IDX,01/07/2025,09:26:15,8031.49,0,0,0,0,0,0
DOL30.BSE_IDX,01/07/2025,09:26:23,8032.87,0,0,0,0,0,0
DOL30.BSE_IDX,01/07/2025,09:26:31,8033.09,0,0,0,0,0,0
DOL30.BSE_IDX,01/07/2025,09:26:39,8032.94,0,0,0,0,0,0
DOL30.BSE_IDX,01/07/2025,09:26:48,8032.85,0,0,0,0,0,0
DOL30.BSE_IDX,01/07/2025,09:26:55,8033.61,0,0,0,0,0,0
DOL30.BSE_IDX,01/07/2025,09:27:04,8033.81,0,0,0,0,0,0
DOL30.BSE_IDX,01/07/2025,09:27:12,8033.17,0,0,0,0,0,0
DOL30.BSE_IDX,01/07/2025,09:27:19,8033.88,0,0,0,0,0,0
DOL30.BSE_IDX,01/07/2025,09:27:28,8032.88,0,0,0,0,0,0
DOL30.BSE_IDX,01/07/2025,09:27:36,8032.47,0,0,0,0,0,0
DOL30.BSE_IDX,01/07/2025,09:27:44,8032.73,0,0,0,0,0,0
DOL30.BSE_IDX,01/07/2025,09:27:51,8032.78,0,0,0,0,0,0
DOL30.BSE_IDX,01/07/2025,09:28:00,8034.5,0,0,0,0,0,0
DOL30.BSE_IDX,01/07/2025,09:28:08,8033.95,0,0,0,0,0,0
DOL30.BSE_IDX,01/07/2025,09:28:16,8034.83,0,0,0,0,0,0
DOL30.BSE_IDX,01/07/2025,09:28:24,8033.62,0,0,0,0,0,0
DOL30.BSE_IDX,01/07/2025,09:28:32,8033.05,0,0,0,0,0,0
DOL30.BSE_IDX,01/07/2025,09:28:40,8031.39,0,0,0,0,0,0
DOL30.BSE_IDX,01/07/2025,09:28:48,8030.88,0,0,0,0,0,0
DOL30.BSE_IDX,01/07/2025,09:28:56,8030.03,0,0,0,0,0,0
DOL30.BSE_IDX,01/07/2025,09:29:04,8031.24,0,0,0,0,0,0
DOL30.BSE_IDX,01/07/2025,09:29:12,8031.32,0,0,0,0,0,0
DOL30.BSE_IDX,01/07/2025,09:29:20,8030.26,0,0,0,0,0,0
DOL30.BSE_IDX,01/07/2025,09:29:28,8030.23,0,0,0,0,0,0
DOL30.BSE_IDX,01/07/2025,09:29:36,8030.62,0,0,0,0,0,0
DOL30.BSE_IDX,01/07/2025,09:29:44,8031.1,0,0,0,0,0,0
DOL30.BSE_IDX,01/07/2025,09:29:52,8031.19,0,0,0,0,0,0
DOL30.BSE_IDX,01/07/2025,09:30:00,8031.86,0,0,0,0,0,0
DOL30.BSE_IDX,01/07/2025,09:30:08,8032.35,0,0,0,0,0,0
DOL30.BSE_IDX,01/07/2025,09:30:16,8035.72,0,0,0,0,0,0
DOL30.BSE_IDX,01/07/2025,09:30:24,8035.69,0,0,0,0,0,0
DOL30.BSE_IDX,01/07/2025,09:30:32,8036.57,0,0,0,0,0,0
DOL30.BSE_IDX,01/07/2025,09:30:40,8037.35,0,0,0,0,0,0
DOL30.BSE_IDX,01/07/2025,09:30:48,8037.25,0,0,0,0,0,0
DOL30.BSE_IDX,01/07/2025,09:30:56,8036.82,0,0,0,0,0,0
DOL30.BSE_IDX,01/07/2025,09:31:04,8037.22,0,0,0,0,0,0
DOL30.BSE_IDX,01/07/2025,09:31:12,8035.54,0,0,0,0,0,0
DOL30.BSE_IDX,01/07/2025,09:31:20,8034.88,0,0,0,0,0,0
DOL30.BSE_IDX,01/07/2025,09:31:28,8034.71,0,0,0,0,0,0
DOL30.BSE_IDX,01/07/2025,09:31:36,8034.53,0,0,0,0,0,0
DOL30.BSE_IDX,01/07/2025,09:31:44,8034.16,0,0,0,0,0,0
DOL30.BSE_IDX,01/07/2025,09:31:52,8034.78,0,0,0,0,0,0
DOL30.BSE_IDX,01/07/2025,09:32:00,8035.59,0,0,0,0,0,0
DOL30.BSE_IDX,01/07/2025,09:32:08,8034.43,0,0,0,0,0,0
DOL30.BSE_IDX,01/07/2025,09:32:16,8034.15,0,0,0,0,0,0
DOL30.BSE_IDX,01/07/2025,09:32:24,8033.78,0,0,0,0,0,0
DOL30.BSE_IDX,01/07/2025,09:32:32,8034.51,0,0,0,0,0,0
DOL30.BSE_IDX,01/07/2025,09:32:40,8033.59,0,0,0,0,0,0
DOL30.BSE_IDX,01/07/2025,09:32:48,8034.19,0,0,0,0,0,0
DOL30.BSE_IDX,01/07/2025,09:32:56,8035.34,0,0,0,0,0,0
DOL30.BSE_IDX,01/07/2025,09:33:04,8036.46,0,0,0,0,0,0
DOL30.BSE_IDX,01/07/2025,09:33:12,8036.7,0,0,0,0,0,0
DOL30.BSE_IDX,01/07/2025,09:33:20,8037.27,0,0,0,0,0,0
DOL30.BSE_IDX,01/07/2025,09:33:28,8037.11,0,0,0,0,0,0
DOL30.BSE_IDX,01/07/2025,09:33:36,8036.69,0,0,0,0,0,0
DOL30.BSE_IDX,01/07/2025,09:33:44,8036.72,0,0,0,0,0,0
DOL30.BSE_IDX,01/07/2025,09:33:52,8036.62,0,0,0,0,0,0
DOL30.BSE_IDX,01/07/2025,09:34:00,8036.7,0,0,0,0,0,0
DOL30.BSE_IDX,01/07/2025,09:34:08,8035.9,0,0,0,0,0,0
DOL30.BSE_IDX,01/07/2025,09:34:16,8035.63,0,0,0,0,0,0
DOL30.BSE_IDX,01/07/2025,09:34:24,8035.87,0,0,0,0,0,0
DOL30.BSE_IDX,01/07/2025,09:34:32,8035.31,0,0,0,0,0,0
DOL30.BSE_IDX,01/07/2025,09:34:40,8035.68,0,0,0,0,0,0
DOL30.BSE_IDX,01/07/2025,09:34:48,8035.59,0,0,0,0,0,0
DOL30.BSE_IDX,01/07/2025,09:34:56,8035.43,0,0,0,0,0,0
DOL30.BSE_IDX,01/07/2025,09:35:05,8034.91,0,0,0,0,0,0
DOL30.BSE_IDX,01/07/2025,09:35:12,8035.03,0,0,0,0,0,0
DOL30.BSE_IDX,01/07/2025,09:35:20,8033.4,0,0,0,0,0,0
DOL30.BSE_IDX,01/07/2025,09:35:28,8033.2,0,0,0,0,0,0
DOL30.BSE_IDX,01/07/2025,09:35:36,8033.97,0,0,0,0,0,0
DOL30.BSE_IDX,01/07/2025,09:35:44,8033.73,0,0,0,0,0,0
DOL30.BSE_IDX,01/07/2025,09:35:52,8032.86,0,0,0,0,0,0
DOL30.BSE_IDX,01/07/2025,09:36:00,8033.03,0,0,0,0,0,0
DOL30.BSE_IDX,01/07/2025,09:36:08,8033.16,0,0,0,0,0,0
DOL30.BSE_IDX,01/07/2025,09:36:16,8032.63,0,0,0,0,0,0
DOL30.BSE_IDX,01/07/2025,09:36:24,8033.14,0,0,0,0,0,0
DOL30.BSE_IDX,01/07/2025,09:36:33,8032.88,0,0,0,0,0,0
DOL30.BSE_IDX,01/07/2025,09:36:40,8031.45,0,0,0,0,0,0
DOL30.BSE_IDX,01/07/2025,09:36:48,8033.5,0,0,0,0,0,0
DOL30.BSE_IDX,01/07/2025,09:36:56,8033.19,0,0,0,0,0,0
DOL30.BSE_IDX,01/07/2025,09:37:04,8033.77,0,0,0,0,0,0
DOL30.BSE_IDX,01/07/2025,09:37:12,8033.96,0,0,0,0,0,0
DOL30.BSE_IDX,01/07/2025,09:37:20,8033.96,0,0,0,0,0,0
DOL30.BSE_IDX,01/07/2025,09:37:28,8034.46,0,0,0,0,0,0
DOL30.BSE_IDX,01/07/2025,09:37:36,8034.17,0,0,0,0,0,0
DOL30.BSE_IDX,01/07/2025,09:37:44,8035.06,0,0,0,0,0,0
DOL30.BSE_IDX,01/07/2025,09:37:52,8034.56,0,0,0,0,0,0
DOL30.BSE_IDX,01/07/2025,09:38:00,8035.1,0,0,0,0,0,0
DOL30.BSE_IDX,01/07/2025,09:38:08,8034.6,0,0,0,0,0,0
DOL30.BSE_IDX,01/07/2025,09:38:16,8034.37,0,0,0,0,0,0
DOL30.BSE_IDX,01/07/2025,09:38:24,8034.63,0,0,0,0,0,0
DOL30.BSE_IDX,01/07/2025,09:38:32,8034.2,0,0,0,0,0,0
DOL30.BSE_IDX,01/07/2025,09:38:40,8034.08,0,0,0,0,0,0
DOL30.BSE_IDX,01/07/2025,09:38:48,8034.71,0,0,0,0,0,0
DOL30.BSE_IDX,01/07/2025,09:38:56,8034.88,0,0,0,0,0,0
DOL30.BSE_IDX,01/07/2025,09:39:04,8033.43,0,0,0,0,0,0
DOL30.BSE_IDX,01/07/2025,09:39:12,8034.94,0,0,0,0,0,0
DOL30.BSE_IDX,01/07/2025,09:39:20,8035.12,0,0,0,0,0,0
DOL30.BSE_IDX,01/07/2025,09:39:28,8035.33,0,0,0,0,0,0
DOL30.BSE_IDX,01/07/2025,09:39:36,8035.98,0,0,0,0,0,0
DOL30.BSE_IDX,01/07/2025,09:39:44,8036.62,0,0,0,0,0,0
DOL30.BSE_IDX,01/07/2025,09:39:52,8036.95,0,0,0,0,0,0
DOL30.BSE_IDX,01/07/2025,09:40:00,8037.34,0,0,0,0,0,0
DOL30.BSE_IDX,01/07/2025,09:40:08,8037.9,0,0,0,0,0,0
DOL30.BSE_IDX,01/07/2025,09:40:16,8038,0,0,0,0,0,0
DOL30.BSE_IDX,01/07/2025,09:40:24,8038.37,0,0,0,0,0,0
DOL30.BSE_IDX,01/07/2025,09:40:32,8036.5,0,0,0,0,0,0
DOL30.BSE_IDX,01/07/2025,09:40:40,8036.74,0,0,0,0,0,0
DOL30.BSE_IDX,01/07/2025,09:40:48,8036.86,0,0,0,0,0,0
DOL30.BSE_IDX,01/07/2025,09:40:56,8037.53,0,0,0,0,0,0
DOL30.BSE_IDX,01/07/2025,09:41:04,8037.68,0,0,0,0,0,0
DOL30.BSE_IDX,01/07/2025,09:41:12,8038.31,0,0,0,0,0,0
DOL30.BSE_IDX,01/07/2025,09:41:20,8038.63,0,0,0,0,0,0
DOL30.BSE_IDX,01/07/2025,09:41:28,8039.01,0,0,0,0,0,0
DOL30.BSE_IDX,01/07/2025,09:41:36,8039.17,0,0,0,0,0,0
DOL30.BSE_IDX,01/07/2025,09:41:44,8038.21,0,0,0,0,0,0
DOL30.BSE_IDX,01/07/2025,09:41:52,8038.33,0,0,0,0,0,0
DOL30.BSE_IDX,01/07/2025,09:42:00,8039.01,0,0,0,0,0,0
DOL30.BSE_IDX,01/07/2025,09:42:08,8039.75,0,0,0,0,0,0
DOL30.BSE_IDX,01/07/2025,09:42:16,8039.92,0,0,0,0,0,0
DOL30.BSE_IDX,01/07/2025,09:42:24,8039.47,0,0,0,0,0,0
DOL30.BSE_IDX,01/07/2025,09:42:32,8038.85,0,0,0,0,0,0
DOL30.BSE_IDX,01/07/2025,09:42:40,8039.12,0,0,0,0,0,0
DOL30.BSE_IDX,01/07/2025,09:42:48,8039.54,0,0,0,0,0,0
DOL30.BSE_IDX,01/07/2025,09:42:56,8041.14,0,0,0,0,0,0
DOL30.BSE_IDX,01/07/2025,09:43:04,8040.17,0,0,0,0,0,0
DOL30.BSE_IDX,01/07/2025,09:43:12,8039.59,0,0,0,0,0,0
DOL30.BSE_IDX,01/07/2025,09:43:20,8039.38,0,0,0,0,0,0
DOL30.BSE_IDX,01/07/2025,09:43:28,8040.18,0,0,0,0,0,0
DOL30.BSE_IDX,01/07/2025,09:43:36,8039.54,0,0,0,0,0,0
DOL30.BSE_IDX,01/07/2025,09:43:44,8039.09,0,0,0,0,0,0
DOL30.BSE_IDX,01/07/2025,09:43:53,8038.67,0,0,0,0,0,0
DOL30.BSE_IDX,01/07/2025,09:44:00,8038.45,0,0,0,0,0,0
DOL30.BSE_IDX,01/07/2025,09:44:08,8038.53,0,0,0,0,0,0
DOL30.BSE_IDX,01/07/2025,09:44:16,8038.42,0,0,0,0,0,0
DOL30.BSE_IDX,01/07/2025,09:44:24,8039.79,0,0,0,0,0,0
DOL30.BSE_IDX,01/07/2025,09:44:32,8039.57,0,0,0,0,0,0
DOL30.BSE_IDX,01/07/2025,09:44:40,8039.35,0,0,0,0,0,0
DOL30.BSE_IDX,01/07/2025,09:44:48,8039.21,0,0,0,0,0,0
DOL30.BSE_IDX,01/07/2025,09:44:56,8038.94,0,0,0,0,0,0
DOL30.BSE_IDX,01/07/2025,09:45:05,8038.02,0,0,0,0,0,0
DOL30.BSE_IDX,01/07/2025,09:45:12,8037.24,0,0,0,0,0,0
DOL30.BSE_IDX,01/07/2025,09:45:20,8037.08,0,0,0,0,0,0
DOL30.BSE_IDX,01/07/2025,09:45:28,8038.08,0,0,0,0,0,0
DOL30.BSE_IDX,01/07/2025,09:45:36,8036.82,0,0,0,0,0,0
DOL30.BSE_IDX,01/07/2025,09:45:44,8035.76,0,0,0,0,0,0
DOL30.BSE_IDX,01/07/2025,09:45:52,8036.07,0,0,0,0,0,0
DOL30.BSE_IDX,01/07/2025,09:46:01,8035.37,0,0,0,0,0,0
DOL30.BSE_IDX,01/07/2025,09:46:08,8033.93,0,0,0,0,0,0
DOL30.BSE_IDX,01/07/2025,09:46:16,8034.05,0,0,0,0,0,0
DOL30.BSE_IDX,01/07/2025,09:46:24,8034.17,0,0,0,0,0,0
DOL30.BSE_IDX,01/07/2025,09:46:32,8034.72,0,0,0,0,0,0
DOL30.BSE_IDX,01/07/2025,09:46:40,8034.93,0,0,0,0,0,0
DOL30.BSE_IDX,01/07/2025,09:46:48,8034.39,0,0,0,0,0,0
DOL30.BSE_IDX,01/07/2025,09:46:56,8034.69,0,0,0,0,0,0
DOL30.BSE_IDX,01/07/2025,09:47:04,8034.21,0,0,0,0,0,0
DOL30.BSE_IDX,01/07/2025,09:47:12,8034.93,0,0,0,0,0,0
DOL30.BSE_IDX,01/07/2025,09:47:20,8034.43,0,0,0,0,0,0
DOL30.BSE_IDX,01/07/2025,09:47:28,8034.2,0,0,0,0,0,0
DOL30.BSE_IDX,01/07/2025,09:47:36,8033.66,0,0,0,0,0,0
DOL30.BSE_IDX,01/07/2025,09:47:44,8033.98,0,0,0,0,0,0
DOL30.BSE_IDX,01/07/2025,09:47:52,8035.59,0,0,0,0,0,0
DOL30.BSE_IDX,01/07/2025,09:48:00,8036.14,0,0,0,0,0,0
DOL30.BSE_IDX,01/07/2025,09:48:08,8036.35,0,0,0,0,0,0
DOL30.BSE_IDX,01/07/2025,09:48:16,8036.95,0,0,0,0,0,0
DOL30.BSE_IDX,01/07/2025,09:48:24,8038.23,0,0,0,0,0,0
DOL30.BSE_IDX,01/07/2025,09:48:32,8039.15,0,0,0,0,0,0
DOL30.BSE_IDX,01/07/2025,09:48:40,8038.17,0,0,0,0,0,0
DOL30.BSE_IDX,01/07/2025,09:48:48,8037.94,0,0,0,0,0,0
DOL30.BSE_IDX,01/07/2025,09:48:56,8038.07,0,0,0,0,0,0
DOL30.BSE_IDX,01/07/2025,09:49:04,8038.72,0,0,0,0,0,0
DOL30.BSE_IDX,01/07/2025,09:49:12,8039.03,0,0,0,0,0,0
DOL30.BSE_IDX,01/07/2025,09:49:20,8038.69,0,0,0,0,0,0
DOL30.BSE_IDX,01/07/2025,09:49:28,8039.37,0,0,0,0,0,0
DOL30.BSE_IDX,01/07/2025,09:49:36,8039.59,0,0,0,0,0,0
DOL30.BSE_IDX,01/07/2025,09:49:44,8039.91,0,0,0,0,0,0
DOL30.BSE_IDX,01/07/2025,09:49:52,8040.48,0,0,0,0,0,0
DOL30.BSE_IDX,01/07/2025,09:50:00,8040.07,0,0,0,0,0,0
DOL30.BSE_IDX,01/07/2025,09:50:08,8040.22,0,0,0,0,0,0
DOL30.BSE_IDX,01/07/2025,09:50:16,8039.63,0,0,0,0,0,0
DOL30.BSE_IDX,01/07/2025,09:50:24,8040.13,0,0,0,0,0,0
DOL30.BSE_IDX,01/07/2025,09:50:32,8038.78,0,0,0,0,0,0
DOL30.BSE_IDX,01/07/2025,09:50:40,8037.05,0,0,0,0,0,0
DOL30.BSE_IDX,01/07/2025,09:50:48,8037.81,0,0,0,0,0,0
DOL30.BSE_IDX,01/07/2025,09:50:57,8037.9,0,0,0,0,0,0
DOL30.BSE_IDX,01/07/2025,09:51:04,8038.22,0,0,0,0,0,0
DOL30.BSE_IDX,01/07/2025,09:51:12,8039.76,0,0,0,0,0,0
DOL30.BSE_IDX,01/07/2025,09:51:20,8039.84,0,0,0,0,0,0
DOL30.BSE_IDX,01/07/2025,09:51:28,8038.64,0,0,0,0,0,0
DOL30.BSE_IDX,01/07/2025,09:51:37,8037.12,0,0,0,0,0,0
DOL30.BSE_IDX,01/07/2025,09:51:44,8038.03,0,0,0,0,0,0
DOL30.BSE_IDX,01/07/2025,09:51:52,8036.76,0,0,0,0,0,0
DOL30.BSE_IDX,01/07/2025,09:52:01,8035.71,0,0,0,0,0,0
DOL30.BSE_IDX,01/07/2025,09:52:08,8034.25,0,0,0,0,0,0
DOL30.BSE_IDX,01/07/2025,09:52:17,8031.89,0,0,0,0,0,0
DOL30.BSE_IDX,01/07/2025,09:52:24,8031.63,0,0,0,0,0,0
DOL30.BSE_IDX,01/07/2025,09:52:32,8033.37,0,0,0,0,0,0
DOL30.BSE_IDX,01/07/2025,09:52:40,8033.06,0,0,0,0,0,0
DOL30.BSE_IDX,01/07/2025,09:52:48,8033.72,0,0,0,0,0,0
DOL30.BSE_IDX,01/07/2025,09:52:57,8033.66,0,0,0,0,0,0
DOL30.BSE_IDX,01/07/2025,09:53:04,8033.57,0,0,0,0,0,0
DOL30.BSE_IDX,01/07/2025,09:53:13,8034.05,0,0,0,0,0,0
DOL30.BSE_IDX,01/07/2025,09:53:20,8034.63,0,0,0,0,0,0
DOL30.BSE_IDX,01/07/2025,09:53:28,8034.47,0,0,0,0,0,0
DOL30.BSE_IDX,01/07/2025,09:53:36,8034.19,0,0,0,0,0,0
DOL30.BSE_IDX,01/07/2025,09:53:44,8033.48,0,0,0,0,0,0
DOL30.BSE_IDX,01/07/2025,09:53:52,8032.95,0,0,0,0,0,0
DOL30.BSE_IDX,01/07/2025,09:54:00,8031.62,0,0,0,0,0,0
DOL30.BSE_IDX,01/07/2025,09:54:08,8030.59,0,0,0,0,0,0
DOL30.BSE_IDX,01/07/2025,09:54:16,8031.28,0,0,0,0,0,0
DOL30.BSE_IDX,01/07/2025,09:54:24,8030.26,0,0,0,0,0,0
DOL30.BSE_IDX,01/07/2025,09:54:32,8029.7,0,0,0,0,0,0
DOL30.BSE_IDX,01/07/2025,09:54:40,8029.54,0,0,0,0,0,0
DOL30.BSE_IDX,01/07/2025,09:54:48,8029.71,0,0,0,0,0,0
DOL30.BSE_IDX,01/07/2025,09:54:56,8029.52,0,0,0,0,0,0
DOL30.BSE_IDX,01/07/2025,09:55:04,8029.15,0,0,0,0,0,0
DOL30.BSE_IDX,01/07/2025,09:55:12,8029.6,0,0,0,0,0,0
DOL30.BSE_IDX,01/07/2025,09:55:20,8028.99,0,0,0,0,0,0
DOL30.BSE_IDX,01/07/2025,09:55:28,8029.21,0,0,0,0,0,0
DOL30.BSE_IDX,01/07/2025,09:55:36,8029.04,0,0,0,0,0,0
DOL30.BSE_IDX,01/07/2025,09:55:44,8028.98,0,0,0,0,0,0
DOL30.BSE_IDX,01/07/2025,09:55:52,8028.26,0,0,0,0,0,0
DOL30.BSE_IDX,01/07/2025,09:56:00,8028.49,0,0,0,0,0,0
DOL30.BSE_IDX,01/07/2025,09:56:08,8028.04,0,0,0,0,0,0
DOL30.BSE_IDX,01/07/2025,09:56:16,8028.24,0,0,0,0,0,0
DOL30.BSE_IDX,01/07/2025,09:56:25,8028.59,0,0,0,0,0,0
DOL30.BSE_IDX,01/07/2025,09:56:32,8027.82,0,0,0,0,0,0
DOL30.BSE_IDX,01/07/2025,09:56:41,8027.63,0,0,0,0,0,0
DOL30.BSE_IDX,01/07/2025,09:56:48,8028.03,0,0,0,0,0,0
DOL30.BSE_IDX,01/07/2025,09:56:57,8027.6,0,0,0,0,0,0
DOL30.BSE_IDX,01/07/2025,09:57:04,8027.74,0,0,0,0,0,0
DOL30.BSE_IDX,01/07/2025,09:57:12,8027.74,0,0,0,0,0,0
DOL30.BSE_IDX,01/07/2025,09:57:20,8028.19,0,0,0,0,0,0
DOL30.BSE_IDX,01/07/2025,09:57:28,8028.27,0,0,0,0,0,0
DOL30.BSE_IDX,01/07/2025,09:57:36,8027.5,0,0,0,0,0,0
DOL30.BSE_IDX,01/07/2025,09:57:44,8028.29,0,0,0,0,0,0
DOL30.BSE_IDX,01/07/2025,09:57:52,8027.98,0,0,0,0,0,0
DOL30.BSE_IDX,01/07/2025,09:58:00,8027.6,0,0,0,0,0,0
DOL30.BSE_IDX,01/07/2025,09:58:08,8027.83,0,0,0,0,0,0
DOL30.BSE_IDX,01/07/2025,09:58:16,8028.62,0,0,0,0,0,0
DOL30.BSE_IDX,01/07/2025,09:58:24,8027.48,0,0,0,0,0,0
DOL30.BSE_IDX,01/07/2025,09:58:32,8028.34,0,0,0,0,0,0
DOL30.BSE_IDX,01/07/2025,09:58:40,8029.01,0,0,0,0,0,0
DOL30.BSE_IDX,01/07/2025,09:58:48,8029.23,0,0,0,0,0,0
DOL30.BSE_IDX,01/07/2025,09:58:56,8030.07,0,0,0,0,0,0
DOL30.BSE_IDX,01/07/2025,09:59:05,8031.3,0,0,0,0,0,0
DOL30.BSE_IDX,01/07/2025,09:59:12,8030.84,0,0,0,0,0,0
DOL30.BSE_IDX,01/07/2025,09:59:20,8031.1,0,0,0,0,0,0
DOL30.BSE_IDX,01/07/2025,09:59:28,8031.5,0,0,0,0,0,0
DOL30.BSE_IDX,01/07/2025,09:59:36,8031.36,0,0,0,0,0,0
DOL30.BSE_IDX,01/07/2025,09:59:45,8031.37,0,0,0,0,0,0
DOL30.BSE_IDX,01/07/2025,09:59:52,8031.25,0,0,0,0,0,0
DOL30.BSE_IDX,01/07/2025,10:00:00,8031.08,0,0,0,0,0,0
DOL30.BSE_IDX,01/07/2025,10:00:08,8032.38,0,0,0,0,0,0
DOL30.BSE_IDX,01/07/2025,10:00:16,8032.73,0,0,0,0,0,0
DOL30.BSE_IDX,01/07/2025,10:00:24,8032.01,0,0,0,0,0,0
DOL30.BSE_IDX,01/07/2025,10:00:32,8031.78,0,0,0,0,0,0
DOL30.BSE_IDX,01/07/2025,10:00:40,8031.89,0,0,0,0,0,0
DOL30.BSE_IDX,01/07/2025,10:00:48,8032,0,0,0,0,0,0
DOL30.BSE_IDX,01/07/2025,10:00:56,8031.83,0,0,0,0,0,0
DOL30.BSE_IDX,01/07/2025,10:01:04,8030.88,0,0,0,0,0,0
DOL30.BSE_IDX,01/07/2025,10:01:12,8029.24,0,0,0,0,0,0
DOL30.BSE_IDX,01/07/2025,10:01:21,8029.06,0,0,0,0,0,0
DOL30.BSE_IDX,01/07/2025,10:01:28,8028.64,0,0,0,0,0,0
DOL30.BSE_IDX,01/07/2025,10:01:36,8027.84,0,0,0,0,0,0
DOL30.BSE_IDX,01/07/2025,10:01:44,8027.69,0,0,0,0,0,0
DOL30.BSE_IDX,01/07/2025,10:01:52,8026.87,0,0,0,0,0,0
DOL30.BSE_IDX,01/07/2025,10:02:00,8026.36,0,0,0,0,0,0
DOL30.BSE_IDX,01/07/2025,10:02:08,8026.33,0,0,0,0,0,0
DOL30.BSE_IDX,01/07/2025,10:02:16,8025.8,0,0,0,0,0,0
DOL30.BSE_IDX,01/07/2025,10:02:24,8026.36,0,0,0,0,0,0
DOL30.BSE_IDX,01/07/2025,10:02:32,8025.3,0,0,0,0,0,0
DOL30.BSE_IDX,01/07/2025,10:02:41,8025.57,0,0,0,0,0,0
DOL30.BSE_IDX,01/07/2025,10:02:49,8025.38,0,0,0,0,0,0
DOL30.BSE_IDX,01/07/2025,10:02:56,8024.8,0,0,0,0,0,0
DOL30.BSE_IDX,01/07/2025,10:03:04,8024.74,0,0,0,0,0,0
DOL30.BSE_IDX,01/07/2025,10:03:13,8024.16,0,0,0,0,0,0
DOL30.BSE_IDX,01/07/2025,10:03:20,8022.96,0,0,0,0,0,0
DOL30.BSE_IDX,01/07/2025,10:03:29,8022.88,0,0,0,0,0,0
DOL30.BSE_IDX,01/07/2025,10:03:37,8024.15,0,0,0,0,0,0
DOL30.BSE_IDX,01/07/2025,10:03:45,8024.25,0,0,0,0,0,0
DOL30.BSE_IDX,01/07/2025,10:03:53,8025.1,0,0,0,0,0,0
DOL30.BSE_IDX,01/07/2025,10:04:01,8025.74,0,0,0,0,0,0
DOL30.BSE_IDX,01/07/2025,10:04:09,8025.72,0,0,0,0,0,0
DOL30.BSE_IDX,01/07/2025,10:04:17,8025.3,0,0,0,0,0,0
DOL30.BSE_IDX,01/07/2025,10:04:25,8024.91,0,0,0,0,0,0
DOL30.BSE_IDX,01/07/2025,10:04:33,8027.85,0,0,0,0,0,0
DOL30.BSE_IDX,01/07/2025,10:04:41,8029.16,0,0,0,0,0,0
DOL30.BSE_IDX,01/07/2025,10:04:50,8029.3,0,0,0,0,0,0
DOL30.BSE_IDX,01/07/2025,10:04:57,8028.91,0,0,0,0,0,0
DOL30.BSE_IDX,01/07/2025,10:05:05,8026.45,0,0,0,0,0,0
DOL30.BSE_IDX,01/07/2025,10:05:14,8026.18,0,0,0,0,0,0
DOL30.BSE_IDX,01/07/2025,10:05:21,8024.76,0,0,0,0,0,0
DOL30.BSE_IDX,01/07/2025,10:05:29,8021.45,0,0,0,0,0,0
DOL30.BSE_IDX,01/07/2025,10:05:37,8020.87,0,0,0,0,0,0
DOL30.BSE_IDX,01/07/2025,10:05:45,8023.08,0,0,0,0,0,0
DOL30.BSE_IDX,01/07/2025,10:05:53,8024.07,0,0,0,0,0,0
DOL30.BSE_IDX,01/07/2025,10:06:01,8023.92,0,0,0,0,0,0
DOL30.BSE_IDX,01/07/2025,10:06:09,8024.14,0,0,0,0,0,0
DOL30.BSE_IDX,01/07/2025,10:06:17,8025.15,0,0,0,0,0,0
DOL30.BSE_IDX,01/07/2025,10:06:25,8025.38,0,0,0,0,0,0
DOL30.BSE_IDX,01/07/2025,10:06:33,8025.79,0,0,0,0,0,0
DOL30.BSE_IDX,01/07/2025,10:06:41,8025.77,0,0,0,0,0,0
DOL30.BSE_IDX,01/07/2025,10:06:49,8025.47,0,0,0,0,0,0
DOL30.BSE_IDX,01/07/2025,10:06:57,8025.56,0,0,0,0,0,0
DOL30.BSE_IDX,01/07/2025,10:07:05,8025.83,0,0,0,0,0,0
DOL30.BSE_IDX,01/07/2025,10:07:13,8025.93,0,0,0,0,0,0
DOL30.BSE_IDX,01/07/2025,10:07:21,8025.97,0,0,0,0,0,0
DOL30.BSE_IDX,01/07/2025,10:07:29,8026.29,0,0,0,0,0,0
DOL30.BSE_IDX,01/07/2025,10:07:37,8026.74,0,0,0,0,0,0
DOL30.BSE_IDX,01/07/2025,10:07:45,8026.83,0,0,0,0,0,0
DOL30.BSE_IDX,01/07/2025,10:07:53,8027.01,0,0,0,0,0,0
DOL30.BSE_IDX,01/07/2025,10:08:01,8027.16,0,0,0,0,0,0
DOL30.BSE_IDX,01/07/2025,10:08:09,8027.04,0,0,0,0,0,0
DOL30.BSE_IDX,01/07/2025,10:08:17,8027.98,0,0,0,0,0,0
DOL30.BSE_IDX,01/07/2025,10:08:25,8027.8,0,0,0,0,0,0
DOL30.BSE_IDX,01/07/2025,10:08:33,8027.68,0,0,0,0,0,0
DOL30.BSE_IDX,01/07/2025,10:08:41,8026.86,0,0,0,0,0,0
DOL30.BSE_IDX,01/07/2025,10:08:49,8026.92,0,0,0,0,0,0
DOL30.BSE_IDX,01/07/2025,10:08:57,8026.65,0,0,0,0,0,0
DOL30.BSE_IDX,01/07/2025,10:09:05,8024.67,0,0,0,0,0,0
DOL30.BSE_IDX,01/07/2025,10:09:13,8024.35,0,0,0,0,0,0
DOL30.BSE_IDX,01/07/2025,10:09:21,8023.53,0,0,0,0,0,0
DOL30.BSE_IDX,01/07/2025,10:09:29,8023.09,0,0,0,0,0,0
DOL30.BSE_IDX,01/07/2025,10:09:37,8024.34,0,0,0,0,0,0
DOL30.BSE_IDX,01/07/2025,10:09:45,8024.53,0,0,0,0,0,0
DOL30.BSE_IDX,01/07/2025,10:09:53,8024.57,0,0,0,0,0,0
DOL30.BSE_IDX,01/07/2025,10:10:01,8025.53,0,0,0,0,0,0
DOL30.BSE_IDX,01/07/2025,10:10:09,8025.03,0,0,0,0,0,0
DOL30.BSE_IDX,01/07/2025,10:10:17,8024.88,0,0,0,0,0,0
DOL30.BSE_IDX,01/07/2025,10:10:25,8024.45,0,0,0,0,0,0
DOL30.BSE_IDX,01/07/2025,10:10:33,8025.11,0,0,0,0,0,0
DOL30.BSE_IDX,01/07/2025,10:10:41,8024.77,0,0,0,0,0,0
DOL30.BSE_IDX,01/07/2025,10:10:49,8024.91,0,0,0,0,0,0
DOL30.BSE_IDX,01/07/2025,10:10:57,8024.5,0,0,0,0,0,0
DOL30.BSE_IDX,01/07/2025,10:11:05,8024.57,0,0,0,0,0,0
DOL30.BSE_IDX,01/07/2025,10:11:13,8023.64,0,0,0,0,0,0
DOL30.BSE_IDX,01/07/2025,10:11:22,8023.99,0,0,0,0,0,0
DOL30.BSE_IDX,01/07/2025,10:11:29,8022.81,0,0,0,0,0,0
DOL30.BSE_IDX,01/07/2025,10:11:37,8022.91,0,0,0,0,0,0
DOL30.BSE_IDX,01/07/2025,10:11:45,8022.54,0,0,0,0,0,0
DOL30.BSE_IDX,01/07/2025,10:11:53,8023.55,0,0,0,0,0,0
DOL30.BSE_IDX,01/07/2025,10:12:01,8025.54,0,0,0,0,0,0
DOL30.BSE_IDX,01/07/2025,10:12:09,8026.22,0,0,0,0,0,0
DOL30.BSE_IDX,01/07/2025,10:12:17,8024.76,0,0,0,0,0,0
DOL30.BSE_IDX,01/07/2025,10:12:25,8024.67,0,0,0,0,0,0
DOL30.BSE_IDX,01/07/2025,10:12:33,8024.27,0,0,0,0,0,0
DOL30.BSE_IDX,01/07/2025,10:12:41,8024.13,0,0,0,0,0,0
DOL30.BSE_IDX,01/07/2025,10:12:49,8022.56,0,0,0,0,0,0
DOL30.BSE_IDX,01/07/2025,10:12:57,8019.68,0,0,0,0,0,0
DOL30.BSE_IDX,01/07/2025,10:13:05,8019.15,0,0,0,0,0,0
DOL30.BSE_IDX,01/07/2025,10:13:13,8019.44,0,0,0,0,0,0
DOL30.BSE_IDX,01/07/2025,10:13:21,8021.44,0,0,0,0,0,0
DOL30.BSE_IDX,01/07/2025,10:13:29,8022.11,0,0,0,0,0,0
DOL30.BSE_IDX,01/07/2025,10:13:37,8022.36,0,0,0,0,0,0
DOL30.BSE_IDX,01/07/2025,10:13:45,8021.93,0,0,0,0,0,0
DOL30.BSE_IDX,01/07/2025,10:13:53,8021.9,0,0,0,0,0,0
DOL30.BSE_IDX,01/07/2025,10:14:01,8021.26,0,0,0,0,0,0
DOL30.BSE_IDX,01/07/2025,10:14:09,8021.18,0,0,0,0,0,0
DOL30.BSE_IDX,01/07/2025,10:14:17,8021.91,0,0,0,0,0,0
DOL30.BSE_IDX,01/07/2025,10:14:25,8021.86,0,0,0,0,0,0
DOL30.BSE_IDX,01/07/2025,10:14:33,8022.67,0,0,0,0,0,0
DOL30.BSE_IDX,01/07/2025,10:14:41,8021.45,0,0,0,0,0,0
DOL30.BSE_IDX,01/07/2025,10:14:49,8021.68,0,0,0,0,0,0
DOL30.BSE_IDX,01/07/2025,10:14:57,8022.21,0,0,0,0,0,0
DOL30.BSE_IDX,01/07/2025,10:15:05,8021.66,0,0,0,0,0,0
DOL30.BSE_IDX,01/07/2025,10:15:13,8021.57,0,0,0,0,0,0
DOL30.BSE_IDX,01/07/2025,10:15:21,8021.82,0,0,0,0,0,0
DOL30.BSE_IDX,01/07/2025,10:15:29,8020.63,0,0,0,0,0,0
DOL30.BSE_IDX,01/07/2025,10:15:37,8021.6,0,0,0,0,0,0
DOL30.BSE_IDX,01/07/2025,10:15:45,8022.95,0,0,0,0,0,0
DOL30.BSE_IDX,01/07/2025,10:15:53,8023.36,0,0,0,0,0,0
DOL30.BSE_IDX,01/07/2025,10:16:01,8023,0,0,0,0,0,0
DOL30.BSE_IDX,01/07/2025,10:16:09,8023.7,0,0,0,0,0,0
DOL30.BSE_IDX,01/07/2025,10:16:17,8023.17,0,0,0,0,0,0
DOL30.BSE_IDX,01/07/2025,10:16:25,8023.63,0,0,0,0,0,0
DOL30.BSE_IDX,01/07/2025,10:16:33,8023.16,0,0,0,0,0,0
DOL30.BSE_IDX,01/07/2025,10:16:41,8023.11,0,0,0,0,0,0
DOL30.BSE_IDX,01/07/2025,10:16:49,8023.15,0,0,0,0,0,0
DOL30.BSE_IDX,01/07/2025,10:16:57,8023.13,0,0,0,0,0,0
DOL30.BSE_IDX,01/07/2025,10:17:05,8023.23,0,0,0,0,0,0
DOL30.BSE_IDX,01/07/2025,10:17:13,8022.93,0,0,0,0,0,0
DOL30.BSE_IDX,01/07/2025,10:17:21,8024.16,0,0,0,0,0,0
DOL30.BSE_IDX,01/07/2025,10:17:29,8023.46,0,0,0,0,0,0
DOL30.BSE_IDX,01/07/2025,10:17:37,8023.77,0,0,0,0,0,0
DOL30.BSE_IDX,01/07/2025,10:17:45,8024.01,0,0,0,0,0,0
DOL30.BSE_IDX,01/07/2025,10:17:53,8024.24,0,0,0,0,0,0
DOL30.BSE_IDX,01/07/2025,10:18:01,8024.19,0,0,0,0,0,0
DOL30.BSE_IDX,01/07/2025,10:18:09,8024.37,0,0,0,0,0,0
DOL30.BSE_IDX,01/07/2025,10:18:17,8024.96,0,0,0,0,0,0
DOL30.BSE_IDX,01/07/2025,10:18:25,8025.03,0,0,0,0,0,0
DOL30.BSE_IDX,01/07/2025,10:18:33,8024.7,0,0,0,0,0,0
DOL30.BSE_IDX,01/07/2025,10:18:41,8024.65,0,0,0,0,0,0
DOL30.BSE_IDX,01/07/2025,10:18:49,8024.06,0,0,0,0,0,0
DOL30.BSE_IDX,01/07/2025,10:18:57,8023.46,0,0,0,0,0,0
DOL30.BSE_IDX,01/07/2025,10:19:05,8022.54,0,0,0,0,0,0
DOL30.BSE_IDX,01/07/2025,10:19:13,8022.72,0,0,0,0,0,0
DOL30.BSE_IDX,01/07/2025,10:19:21,8023.13,0,0,0,0,0,0
DOL30.BSE_IDX,01/07/2025,10:19:29,8023.36,0,0,0,0,0,0
DOL30.BSE_IDX,01/07/2025,10:19:37,8022.14,0,0,0,0,0,0
DOL30.BSE_IDX,01/07/2025,10:19:45,8023.23,0,0,0,0,0,0
DOL30.BSE_IDX,01/07/2025,10:19:53,8022.51,0,0,0,0,0,0
DOL30.BSE_IDX,01/07/2025,10:20:01,8022.52,0,0,0,0,0,0
DOL30.BSE_IDX,01/07/2025,10:20:09,8023.09,0,0,0,0,0,0
DOL30.BSE_IDX,01/07/2025,10:20:17,8023.18,0,0,0,0,0,0
DOL30.BSE_IDX,01/07/2025,10:20:25,8022.63,0,0,0,0,0,0
DOL30.BSE_IDX,01/07/2025,10:20:33,8022.37,0,0,0,0,0,0
DOL30.BSE_IDX,01/07/2025,10:20:41,8023.01,0,0,0,0,0,0
DOL30.BSE_IDX,01/07/2025,10:20:49,8021.83,0,0,0,0,0,0
DOL30.BSE_IDX,01/07/2025,10:20:57,8021.5,0,0,0,0,0,0
DOL30.BSE_IDX,01/07/2025,10:21:05,8021.18,0,0,0,0,0,0
DOL30.BSE_IDX,01/07/2025,10:21:13,8020.82,0,0,0,0,0,0
DOL30.BSE_IDX,01/07/2025,10:21:21,8021.24,0,0,0,0,0,0
DOL30.BSE_IDX,01/07/2025,10:21:29,8021.16,0,0,0,0,0,0
DOL30.BSE_IDX,01/07/2025,10:21:37,8021.22,0,0,0,0,0,0
DOL30.BSE_IDX,01/07/2025,10:21:45,8020.34,0,0,0,0,0,0
DOL30.BSE_IDX,01/07/2025,10:21:53,8021.2,0,0,0,0,0,0
DOL30.BSE_IDX,01/07/2025,10:22:01,8021.11,0,0,0,0,0,0
DOL30.BSE_IDX,01/07/2025,10:22:09,8020.93,0,0,0,0,0,0
DOL30.BSE_IDX,01/07/2025,10:22:17,8020.16,0,0,0,0,0,0
DOL30.BSE_IDX,01/07/2025,10:22:25,8020.26,0,0,0,0,0,0
DOL30.BSE_IDX,01/07/2025,10:22:33,8019.68,0,0,0,0,0,0
DOL30.BSE_IDX,01/07/2025,10:22:41,8020.06,0,0,0,0,0,0
DOL30.BSE_IDX,01/07/2025,10:22:49,8019.93,0,0,0,0,0,0
DOL30.BSE_IDX,01/07/2025,10:22:57,8020.85,0,0,0,0,0,0
DOL30.BSE_IDX,01/07/2025,10:23:05,8020.54,0,0,0,0,0,0
DOL30.BSE_IDX,01/07/2025,10:23:13,8020.71,0,0,0,0,0,0
DOL30.BSE_IDX,01/07/2025,10:23:21,8020.15,0,0,0,0,0,0
DOL30.BSE_IDX,01/07/2025,10:23:29,8020.72,0,0,0,0,0,0
DOL30.BSE_IDX,01/07/2025,10:23:37,8020.92,0,0,0,0,0,0
DOL30.BSE_IDX,01/07/2025,10:23:45,8021.03,0,0,0,0,0,0
DOL30.BSE_IDX,01/07/2025,10:23:53,8020.57,0,0,0,0,0,0
DOL30.BSE_IDX,01/07/2025,10:24:01,8020.95,0,0,0,0,0,0
DOL30.BSE_IDX,01/07/2025,10:24:09,8020.6,0,0,0,0,0,0
DOL30.BSE_IDX,01/07/2025,10:24:17,8020.03,0,0,0,0,0,0
DOL30.BSE_IDX,01/07/2025,10:24:25,8020.23,0,0,0,0,0,0
DOL30.BSE_IDX,01/07/2025,10:24:33,8019.8,0,0,0,0,0,0
DOL30.BSE_IDX,01/07/2025,10:24:41,8020.09,0,0,0,0,0,0
DOL30.BSE_IDX,01/07/2025,10:24:49,8020.52,0,0,0,0,0,0
DOL30.BSE_IDX,01/07/2025,10:24:57,8020.57,0,0,0,0,0,0
DOL30.BSE_IDX,01/07/2025,10:25:05,8020.12,0,0,0,0,0,0
DOL30.BSE_IDX,01/07/2025,10:25:13,8020.24,0,0,0,0,0,0
DOL30.BSE_IDX,01/07/2025,10:25:21,8020.05,0,0,0,0,0,0
DOL30.BSE_IDX,01/07/2025,10:25:29,8019.77,0,0,0,0,0,0
DOL30.BSE_IDX,01/07/2025,10:25:37,8020.19,0,0,0,0,0,0
DOL30.BSE_IDX,01/07/2025,10:25:45,8020.46,0,0,0,0,0,0
DOL30.BSE_IDX,01/07/2025,10:25:53,8021.06,0,0,0,0,0,0
DOL30.BSE_IDX,01/07/2025,10:26:01,8021.83,0,0,0,0,0,0
DOL30.BSE_IDX,01/07/2025,10:26:09,8021.91,0,0,0,0,0,0
DOL30.BSE_IDX,01/07/2025,10:26:17,8021.99,0,0,0,0,0,0
DOL30.BSE_IDX,01/07/2025,10:26:25,8021.98,0,0,0,0,0,0
DOL30.BSE_IDX,01/07/2025,10:26:33,8021.51,0,0,0,0,0,0
DOL30.BSE_IDX,01/07/2025,10:26:41,8022.31,0,0,0,0,0,0
DOL30.BSE_IDX,01/07/2025,10:26:49,8021.88,0,0,0,0,0,0
DOL30.BSE_IDX,01/07/2025,10:26:57,8021.77,0,0,0,0,0,0
DOL30.BSE_IDX,01/07/2025,10:27:05,8022.26,0,0,0,0,0,0
DOL30.BSE_IDX,01/07/2025,10:27:13,8022.35,0,0,0,0,0,0
DOL30.BSE_IDX,01/07/2025,10:27:21,8021.49,0,0,0,0,0,0
DOL30.BSE_IDX,01/07/2025,10:27:29,8022.16,0,0,0,0,0,0
DOL30.BSE_IDX,01/07/2025,10:27:37,8022.28,0,0,0,0,0,0
DOL30.BSE_IDX,01/07/2025,10:27:45,8022.66,0,0,0,0,0,0
DOL30.BSE_IDX,01/07/2025,10:27:53,8023.17,0,0,0,0,0,0
DOL30.BSE_IDX,01/07/2025,10:28:01,8023.96,0,0,0,0,0,0
DOL30.BSE_IDX,01/07/2025,10:28:09,8024.37,0,0,0,0,0,0
DOL30.BSE_IDX,01/07/2025,10:28:17,8023.48,0,0,0,0,0,0
DOL30.BSE_IDX,01/07/2025,10:28:25,8023.43,0,0,0,0,0,0
DOL30.BSE_IDX,01/07/2025,10:28:33,8024.08,0,0,0,0,0,0
DOL30.BSE_IDX,01/07/2025,10:28:41,8024.22,0,0,0,0,0,0
DOL30.BSE_IDX,01/07/2025,10:28:49,8025.29,0,0,0,0,0,0
DOL30.BSE_IDX,01/07/2025,10:28:57,8025.29,0,0,0,0,0,0
DOL30.BSE_IDX,01/07/2025,10:29:05,8026.15,0,0,0,0,0,0
DOL30.BSE_IDX,01/07/2025,10:29:13,8025.95,0,0,0,0,0,0
DOL30.BSE_IDX,01/07/2025,10:29:21,8026.45,0,0,0,0,0,0
DOL30.BSE_IDX,01/07/2025,10:29:29,8025.76,0,0,0,0,0,0
DOL30.BSE_IDX,01/07/2025,10:29:37,8025.4,0,0,0,0,0,0
DOL30.BSE_IDX,01/07/2025,10:29:46,8025.58,0,0,0,0,0,0
DOL30.BSE_IDX,01/07/2025,10:29:54,8026.01,0,0,0,0,0,0
DOL30.BSE_IDX,01/07/2025,10:30:01,8026.15,0,0,0,0,0,0
DOL30.BSE_IDX,01/07/2025,10:30:09,8026.02,0,0,0,0,0,0
DOL30.BSE_IDX,01/07/2025,10:30:17,8026.9,0,0,0,0,0,0
DOL30.BSE_IDX,01/07/2025,10:30:25,8027.94,0,0,0,0,0,0
DOL30.BSE_IDX,01/07/2025,10:30:33,8027.53,0,0,0,0,0,0
DOL30.BSE_IDX,01/07/2025,10:30:41,8027.43,0,0,0,0,0,0
DOL30.BSE_IDX,01/07/2025,10:30:49,8027.11,0,0,0,0,0,0
DOL30.BSE_IDX,01/07/2025,10:30:57,8025.6,0,0,0,0,0,0
DOL30.BSE_IDX,01/07/2025,10:31:05,8026.52,0,0,0,0,0,0
DOL30.BSE_IDX,01/07/2025,10:31:13,8026.22,0,0,0,0,0,0
DOL30.BSE_IDX,01/07/2025,10:31:21,8025.85,0,0,0,0,0,0
DOL30.BSE_IDX,01/07/2025,10:31:29,8026.31,0,0,0,0,0,0
DOL30.BSE_IDX,01/07/2025,10:31:37,8025.72,0,0,0,0,0,0
DOL30.BSE_IDX,01/07/2025,10:31:45,8025.1,0,0,0,0,0,0
DOL30.BSE_IDX,01/07/2025,10:31:53,8025.9,0,0,0,0,0,0
DOL30.BSE_IDX,01/07/2025,10:32:01,8026.59,0,0,0,0,0,0
DOL30.BSE_IDX,01/07/2025,10:32:09,8025.13,0,0,0,0,0,0
DOL30.BSE_IDX,01/07/2025,10:32:17,8025.43,0,0,0,0,0,0
DOL30.BSE_IDX,01/07/2025,10:32:25,8025.9,0,0,0,0,0,0
DOL30.BSE_IDX,01/07/2025,10:32:33,8026.09,0,0,0,0,0,0
DOL30.BSE_IDX,01/07/2025,10:32:41,8026.08,0,0,0,0,0,0
DOL30.BSE_IDX,01/07/2025,10:32:49,8026.66,0,0,0,0,0,0
DOL30.BSE_IDX,01/07/2025,10:32:57,8027.55,0,0,0,0,0,0
DOL30.BSE_IDX,01/07/2025,10:33:05,8027.78,0,0,0,0,0,0
DOL30.BSE_IDX,01/07/2025,10:33:13,8028.13,0,0,0,0,0,0
DOL30.BSE_IDX,01/07/2025,10:33:21,8028.06,0,0,0,0,0,0
DOL30.BSE_IDX,01/07/2025,10:33:29,8028.1,0,0,0,0,0,0
DOL30.BSE_IDX,01/07/2025,10:33:37,8028.35,0,0,0,0,0,0
DOL30.BSE_IDX,01/07/2025,10:33:45,8028.5,0,0,0,0,0,0
DOL30.BSE_IDX,01/07/2025,10:33:53,8028.34,0,0,0,0,0,0
DOL30.BSE_IDX,01/07/2025,10:34:01,8027.34,0,0,0,0,0,0
DOL30.BSE_IDX,01/07/2025,10:34:09,8027.25,0,0,0,0,0,0
DOL30.BSE_IDX,01/07/2025,10:34:17,8026.64,0,0,0,0,0,0
DOL30.BSE_IDX,01/07/2025,10:34:25,8026.88,0,0,0,0,0,0
DOL30.BSE_IDX,01/07/2025,10:34:33,8027.35,0,0,0,0,0,0
DOL30.BSE_IDX,01/07/2025,10:34:41,8026.93,0,0,0,0,0,0
DOL30.BSE_IDX,01/07/2025,10:34:49,8027.13,0,0,0,0,0,0
DOL30.BSE_IDX,01/07/2025,10:34:58,8027.02,0,0,0,0,0,0
DOL30.BSE_IDX,01/07/2025,10:35:06,8027.69,0,0,0,0,0,0
DOL30.BSE_IDX,01/07/2025,10:35:14,8027.56,0,0,0,0,0,0
DOL30.BSE_IDX,01/07/2025,10:35:21,8027.47,0,0,0,0,0,0
DOL30.BSE_IDX,01/07/2025,10:35:29,8026.86,0,0,0,0,0,0
DOL30.BSE_IDX,01/07/2025,10:35:37,8026.41,0,0,0,0,0,0
DOL30.BSE_IDX,01/07/2025,10:35:45,8026.37,0,0,0,0,0,0
DOL30.BSE_IDX,01/07/2025,10:35:54,8026.69,0,0,0,0,0,0
DOL30.BSE_IDX,01/07/2025,10:36:02,8026.96,0,0,0,0,0,0
DOL30.BSE_IDX,01/07/2025,10:36:10,8026.27,0,0,0,0,0,0
DOL30.BSE_IDX,01/07/2025,10:36:17,8026.39,0,0,0,0,0,0
DOL30.BSE_IDX,01/07/2025,10:36:25,8026.2,0,0,0,0,0,0
DOL30.BSE_IDX,01/07/2025,10:36:34,8027.34,0,0,0,0,0,0
DOL30.BSE_IDX,01/07/2025,10:36:42,8027.28,0,0,0,0,0,0
DOL30.BSE_IDX,01/07/2025,10:36:49,8027.36,0,0,0,0,0,0
DOL30.BSE_IDX,01/07/2025,10:36:58,8027.17,0,0,0,0,0,0
DOL30.BSE_IDX,01/07/2025,10:37:05,8027.35,0,0,0,0,0,0
DOL30.BSE_IDX,01/07/2025,10:37:14,8026.63,0,0,0,0,0,0
DOL30.BSE_IDX,01/07/2025,10:37:21,8026.41,0,0,0,0,0,0
DOL30.BSE_IDX,01/07/2025,10:37:30,8026.38,0,0,0,0,0,0
DOL30.BSE_IDX,01/07/2025,10:37:38,8026.03,0,0,0,0,0,0
DOL30.BSE_IDX,01/07/2025,10:37:46,8025.77,0,0,0,0,0,0
DOL30.BSE_IDX,01/07/2025,10:37:54,8024.82,0,0,0,0,0,0
DOL30.BSE_IDX,01/07/2025,10:38:02,8024.63,0,0,0,0,0,0
DOL30.BSE_IDX,01/07/2025,10:38:10,8024.94,0,0,0,0,0,0
DOL30.BSE_IDX,01/07/2025,10:38:18,8025.26,0,0,0,0,0,0
DOL30.BSE_IDX,01/07/2025,10:38:26,8025.45,0,0,0,0,0,0
DOL30.BSE_IDX,01/07/2025,10:38:34,8024.83,0,0,0,0,0,0
DOL30.BSE_IDX,01/07/2025,10:38:42,8025.45,0,0,0,0,0,0
DOL30.BSE_IDX,01/07/2025,10:38:50,8025.84,0,0,0,0,0,0
DOL30.BSE_IDX,01/07/2025,10:38:58,8025.99,0,0,0,0,0,0
DOL30.BSE_IDX,01/07/2025,10:39:06,8027.48,0,0,0,0,0,0
DOL30.BSE_IDX,01/07/2025,10:39:14,8027.92,0,0,0,0,0,0
DOL30.BSE_IDX,01/07/2025,10:39:22,8028.05,0,0,0,0,0,0
DOL30.BSE_IDX,01/07/2025,10:39:30,8028.32,0,0,0,0,0,0
DOL30.BSE_IDX,01/07/2025,10:39:38,8028,0,0,0,0,0,0
DOL30.BSE_IDX,01/07/2025,10:39:46,8028.04,0,0,0,0,0,0
DOL30.BSE_IDX,01/07/2025,10:39:54,8028.45,0,0,0,0,0,0
DOL30.BSE_IDX,01/07/2025,10:40:02,8028.9,0,0,0,0,0,0
DOL30.BSE_IDX,01/07/2025,10:40:10,8028.2,0,0,0,0,0,0
DOL30.BSE_IDX,01/07/2025,10:40:18,8028.5,0,0,0,0,0,0
DOL30.BSE_IDX,01/07/2025,10:40:26,8028.27,0,0,0,0,0,0
DOL30.BSE_IDX,01/07/2025,10:40:34,8028.6,0,0,0,0,0,0
DOL30.BSE_IDX,01/07/2025,10:40:42,8028.17,0,0,0,0,0,0
DOL30.BSE_IDX,01/07/2025,10:40:50,8028.46,0,0,0,0,0,0
DOL30.BSE_IDX,01/07/2025,10:40:58,8028.78,0,0,0,0,0,0
DOL30.BSE_IDX,01/07/2025,10:41:06,8028.75,0,0,0,0,0,0
DOL30.BSE_IDX,01/07/2025,10:41:14,8028,0,0,0,0,0,0
DOL30.BSE_IDX,01/07/2025,10:41:22,8028.7,0,0,0,0,0,0
DOL30.BSE_IDX,01/07/2025,10:41:30,8028.35,0,0,0,0,0,0
DOL30.BSE_IDX,01/07/2025,10:41:38,8029.72,0,0,0,0,0,0
DOL30.BSE_IDX,01/07/2025,10:41:46,8028.8,0,0,0,0,0,0
DOL30.BSE_IDX,01/07/2025,10:41:54,8028.64,0,0,0,0,0,0
DOL30.BSE_IDX,01/07/2025,10:42:02,8028.77,0,0,0,0,0,0
DOL30.BSE_IDX,01/07/2025,10:42:10,8028.77,0,0,0,0,0,0
DOL30.BSE_IDX,01/07/2025,10:42:18,8029.12,0,0,0,0,0,0
DOL30.BSE_IDX,01/07/2025,10:42:26,8029.3,0,0,0,0,0,0
DOL30.BSE_IDX,01/07/2025,10:42:34,8028.6,0,0,0,0,0,0
DOL30.BSE_IDX,01/07/2025,10:42:42,8028.39,0,0,0,0,0,0
DOL30.BSE_IDX,01/07/2025,10:42:50,8028.35,0,0,0,0,0,0
DOL30.BSE_IDX,01/07/2025,10:42:58,8027.67,0,0,0,0,0,0
DOL30.BSE_IDX,01/07/2025,10:43:06,8028.11,0,0,0,0,0,0
DOL30.BSE_IDX,01/07/2025,10:43:14,8028.52,0,0,0,0,0,0
DOL30.BSE_IDX,01/07/2025,10:43:22,8028.14,0,0,0,0,0,0
DOL30.BSE_IDX,01/07/2025,10:43:30,8028.26,0,0,0,0,0,0
DOL30.BSE_IDX,01/07/2025,10:43:38,8027.45,0,0,0,0,0,0
DOL30.BSE_IDX,01/07/2025,10:43:46,8028.25,0,0,0,0,0,0
DOL30.BSE_IDX,01/07/2025,10:43:54,8027.71,0,0,0,0,0,0
DOL30.BSE_IDX,01/07/2025,10:44:02,8027.18,0,0,0,0,0,0
DOL30.BSE_IDX,01/07/2025,10:44:10,8026,0,0,0,0,0,0
DOL30.BSE_IDX,01/07/2025,10:44:18,8025.84,0,0,0,0,0,0
DOL30.BSE_IDX,01/07/2025,10:44:26,8026.25,0,0,0,0,0,0
DOL30.BSE_IDX,01/07/2025,10:44:34,8026.08,0,0,0,0,0,0
DOL30.BSE_IDX,01/07/2025,10:44:42,8026.26,0,0,0,0,0,0
DOL30.BSE_IDX,01/07/2025,10:44:50,8026.75,0,0,0,0,0,0
DOL30.BSE_IDX,01/07/2025,10:44:58,8025.73,0,0,0,0,0,0
DOL30.BSE_IDX,01/07/2025,10:45:07,8025.75,0,0,0,0,0,0
DOL30.BSE_IDX,01/07/2025,10:45:14,8026.43,0,0,0,0,0,0
DOL30.BSE_IDX,01/07/2025,10:45:22,8025.89,0,0,0,0,0,0
DOL30.BSE_IDX,01/07/2025,10:45:30,8026.28,0,0,0,0,0,0
DOL30.BSE_IDX,01/07/2025,10:45:38,8025.98,0,0,0,0,0,0
DOL30.BSE_IDX,01/07/2025,10:45:46,8026.72,0,0,0,0,0,0
DOL30.BSE_IDX,01/07/2025,10:45:54,8025.81,0,0,0,0,0,0
DOL30.BSE_IDX,01/07/2025,10:46:02,8025.73,0,0,0,0,0,0
DOL30.BSE_IDX,01/07/2025,10:46:10,8025.69,0,0,0,0,0,0
DOL30.BSE_IDX,01/07/2025,10:46:18,8026.44,0,0,0,0,0,0
DOL30.BSE_IDX,01/07/2025,10:46:26,8026.63,0,0,0,0,0,0
DOL30.BSE_IDX,01/07/2025,10:46:34,8026.09,0,0,0,0,0,0
DOL30.BSE_IDX,01/07/2025,10:46:42,8026.23,0,0,0,0,0,0
DOL30.BSE_IDX,01/07/2025,10:46:50,8026.86,0,0,0,0,0,0
DOL30.BSE_IDX,01/07/2025,10:46:58,8026.3,0,0,0,0,0,0
DOL30.BSE_IDX,01/07/2025,10:47:06,8026.67,0,0,0,0,0,0
DOL30.BSE_IDX,01/07/2025,10:47:14,8026.25,0,0,0,0,0,0
DOL30.BSE_IDX,01/07/2025,10:47:22,8026.1,0,0,0,0,0,0
DOL30.BSE_IDX,01/07/2025,10:47:30,8026.04,0,0,0,0,0,0
DOL30.BSE_IDX,01/07/2025,10:47:38,8026.57,0,0,0,0,0,0
DOL30.BSE_IDX,01/07/2025,10:47:46,8026.77,0,0,0,0,0,0
DOL30.BSE_IDX,01/07/2025,10:47:54,8027.38,0,0,0,0,0,0
DOL30.BSE_IDX,01/07/2025,10:48:02,8027.36,0,0,0,0,0,0
DOL30.BSE_IDX,01/07/2025,10:48:10,8027.01,0,0,0,0,0,0
DOL30.BSE_IDX,01/07/2025,10:48:18,8026.98,0,0,0,0,0,0
DOL30.BSE_IDX,01/07/2025,10:48:26,8027.4,0,0,0,0,0,0
DOL30.BSE_IDX,01/07/2025,10:48:34,8027.22,0,0,0,0,0,0
DOL30.BSE_IDX,01/07/2025,10:48:42,8027.24,0,0,0,0,0,0
DOL30.BSE_IDX,01/07/2025,10:48:50,8028.75,0,0,0,0,0,0
DOL30.BSE_IDX,01/07/2025,10:48:58,8028.24,0,0,0,0,0,0
DOL30.BSE_IDX,01/07/2025,10:49:06,8028.31,0,0,0,0,0,0
DOL30.BSE_IDX,01/07/2025,10:49:14,8027.66,0,0,0,0,0,0
DOL30.BSE_IDX,01/07/2025,10:49:22,8027.06,0,0,0,0,0,0
DOL30.BSE_IDX,01/07/2025,10:49:30,8026.93,0,0,0,0,0,0
DOL30.BSE_IDX,01/07/2025,10:49:38,8026.56,0,0,0,0,0,0
DOL30.BSE_IDX,01/07/2025,10:49:46,8026.83,0,0,0,0,0,0
DOL30.BSE_IDX,01/07/2025,10:49:54,8026.17,0,0,0,0,0,0
DOL30.BSE_IDX,01/07/2025,10:50:02,8026.29,0,0,0,0,0,0
DOL30.BSE_IDX,01/07/2025,10:50:10,8026.02,0,0,0,0,0,0
DOL30.BSE_IDX,01/07/2025,10:50:18,8026.1,0,0,0,0,0,0
DOL30.BSE_IDX,01/07/2025,10:50:26,8026.03,0,0,0,0,0,0
DOL30.BSE_IDX,01/07/2025,10:50:34,8027.06,0,0,0,0,0,0
DOL30.BSE_IDX,01/07/2025,10:50:42,8026.9,0,0,0,0,0,0
DOL30.BSE_IDX,01/07/2025,10:50:50,8026.72,0,0,0,0,0,0
DOL30.BSE_IDX,01/07/2025,10:50:58,8026.7,0,0,0,0,0,0
DOL30.BSE_IDX,01/07/2025,10:51:06,8026.3,0,0,0,0,0,0
DOL30.BSE_IDX,01/07/2025,10:51:14,8026.29,0,0,0,0,0,0
DOL30.BSE_IDX,01/07/2025,10:51:22,8025.61,0,0,0,0,0,0
DOL30.BSE_IDX,01/07/2025,10:51:30,8025.54,0,0,0,0,0,0
DOL30.BSE_IDX,01/07/2025,10:51:38,8025.81,0,0,0,0,0,0
DOL30.BSE_IDX,01/07/2025,10:51:46,8025.62,0,0,0,0,0,0
DOL30.BSE_IDX,01/07/2025,10:51:54,8024.85,0,0,0,0,0,0
DOL30.BSE_IDX,01/07/2025,10:52:02,8024.88,0,0,0,0,0,0
DOL30.BSE_IDX,01/07/2025,10:52:10,8025.15,0,0,0,0,0,0
DOL30.BSE_IDX,01/07/2025,10:52:18,8024.12,0,0,0,0,0,0
DOL30.BSE_IDX,01/07/2025,10:52:26,8023.94,0,0,0,0,0,0
DOL30.BSE_IDX,01/07/2025,10:52:34,8023.81,0,0,0,0,0,0
DOL30.BSE_IDX,01/07/2025,10:52:43,8022.86,0,0,0,0,0,0
DOL30.BSE_IDX,01/07/2025,10:52:50,8022.96,0,0,0,0,0,0
DOL30.BSE_IDX,01/07/2025,10:52:58,8022.55,0,0,0,0,0,0
DOL30.BSE_IDX,01/07/2025,10:53:06,8022.39,0,0,0,0,0,0
DOL30.BSE_IDX,01/07/2025,10:53:14,8022.64,0,0,0,0,0,0
DOL30.BSE_IDX,01/07/2025,10:53:22,8022.42,0,0,0,0,0,0
DOL30.BSE_IDX,01/07/2025,10:53:30,8023.01,0,0,0,0,0,0
DOL30.BSE_IDX,01/07/2025,10:53:38,8023.32,0,0,0,0,0,0
DOL30.BSE_IDX,01/07/2025,10:53:46,8023.66,0,0,0,0,0,0
DOL30.BSE_IDX,01/07/2025,10:53:54,8023.76,0,0,0,0,0,0
DOL30.BSE_IDX,01/07/2025,10:54:02,8024.04,0,0,0,0,0,0
DOL30.BSE_IDX,01/07/2025,10:54:10,8023.72,0,0,0,0,0,0
DOL30.BSE_IDX,01/07/2025,10:54:18,8023.88,0,0,0,0,0,0
DOL30.BSE_IDX,01/07/2025,10:54:26,8023.36,0,0,0,0,0,0
DOL30.BSE_IDX,01/07/2025,10:54:34,8024.24,0,0,0,0,0,0
DOL30.BSE_IDX,01/07/2025,10:54:42,8024.81,0,0,0,0,0,0
DOL30.BSE_IDX,01/07/2025,10:54:51,8025.37,0,0,0,0,0,0
DOL30.BSE_IDX,01/07/2025,10:54:58,8025.26,0,0,0,0,0,0
DOL30.BSE_IDX,01/07/2025,10:55:06,8025.4,0,0,0,0,0,0
DOL30.BSE_IDX,01/07/2025,10:55:14,8024.92,0,0,0,0,0,0
DOL30.BSE_IDX,01/07/2025,10:55:22,8025.02,0,0,0,0,0,0
DOL30.BSE_IDX,01/07/2025,10:55:30,8024.9,0,0,0,0,0,0
DOL30.BSE_IDX,01/07/2025,10:55:38,8024.85,0,0,0,0,0,0
DOL30.BSE_IDX,01/07/2025,10:55:46,8024.35,0,0,0,0,0,0
DOL30.BSE_IDX,01/07/2025,10:55:54,8024.7,0,0,0,0,0,0
DOL30.BSE_IDX,01/07/2025,10:56:02,8023.94,0,0,0,0,0,0
DOL30.BSE_IDX,01/07/2025,10:56:10,8023.92,0,0,0,0,0,0
DOL30.BSE_IDX,01/07/2025,10:56:18,8023.41,0,0,0,0,0,0
DOL30.BSE_IDX,01/07/2025,10:56:26,8022.81,0,0,0,0,0,0
DOL30.BSE_IDX,01/07/2025,10:56:34,8023.24,0,0,0,0,0,0
DOL30.BSE_IDX,01/07/2025,10:56:42,8023.1,0,0,0,0,0,0
DOL30.BSE_IDX,01/07/2025,10:56:50,8023.13,0,0,0,0,0,0
DOL30.BSE_IDX,01/07/2025,10:56:58,8022.23,0,0,0,0,0,0
DOL30.BSE_IDX,01/07/2025,10:57:06,8022.41,0,0,0,0,0,0
DOL30.BSE_IDX,01/07/2025,10:57:14,8022.36,0,0,0,0,0,0
DOL30.BSE_IDX,01/07/2025,10:57:22,8022.42,0,0,0,0,0,0
DOL30.BSE_IDX,01/07/2025,10:57:30,8021.88,0,0,0,0,0,0
DOL30.BSE_IDX,01/07/2025,10:57:39,8022.27,0,0,0,0,0,0
DOL30.BSE_IDX,01/07/2025,10:57:46,8022.44,0,0,0,0,0,0
DOL30.BSE_IDX,01/07/2025,10:57:54,8022.27,0,0,0,0,0,0
DOL30.BSE_IDX,01/07/2025,10:58:02,8022.38,0,0,0,0,0,0
DOL30.BSE_IDX,01/07/2025,10:58:10,8022.27,0,0,0,0,0,0
DOL30.BSE_IDX,01/07/2025,10:58:18,8021.32,0,0,0,0,0,0
DOL30.BSE_IDX,01/07/2025,10:58:26,8021.37,0,0,0,0,0,0
DOL30.BSE_IDX,01/07/2025,10:58:34,8021.88,0,0,0,0,0,0
DOL30.BSE_IDX,01/07/2025,10:58:42,8021.91,0,0,0,0,0,0
DOL30.BSE_IDX,01/07/2025,10:58:50,8023.1,0,0,0,0,0,0
DOL30.BSE_IDX,01/07/2025,10:58:58,8022.1,0,0,0,0,0,0
DOL30.BSE_IDX,01/07/2025,10:59:06,8022.02,0,0,0,0,0,0
DOL30.BSE_IDX,01/07/2025,10:59:14,8021.97,0,0,0,0,0,0
DOL30.BSE_IDX,01/07/2025,10:59:22,8022.02,0,0,0,0,0,0
DOL30.BSE_IDX,01/07/2025,10:59:30,8021.92,0,0,0,0,0,0
DOL30.BSE_IDX,01/07/2025,10:59:38,8021.47,0,0,0,0,0,0
DOL30.BSE_IDX,01/07/2025,10:59:47,8021.86,0,0,0,0,0,0
DOL30.BSE_IDX,01/07/2025,10:59:55,8021.92,0,0,0,0,0,0
DOL30.BSE_IDX,01/07/2025,11:00:03,8021.73,0,0,0,0,0,0
DOL30.BSE_IDX,01/07/2025,11:00:11,8021.26,0,0,0,0,0,0
DOL30.BSE_IDX,01/07/2025,11:00:18,8021.67,0,0,0,0,0,0
DOL30.BSE_IDX,01/07/2025,11:00:26,8021.91,0,0,0,0,0,0
DOL30.BSE_IDX,01/07/2025,11:00:34,8022.31,0,0,0,0,0,0
DOL30.BSE_IDX,01/07/2025,11:00:42,8022.03,0,0,0,0,0,0
DOL30.BSE_IDX,01/07/2025,11:00:50,8022.74,0,0,0,0,0,0
DOL30.BSE_IDX,01/07/2025,11:00:58,8023.01,0,0,0,0,0,0
DOL30.BSE_IDX,01/07/2025,11:01:06,8022.93,0,0,0,0,0,0
DOL30.BSE_IDX,01/07/2025,11:01:15,8023.29,0,0,0,0,0,0
DOL30.BSE_IDX,01/07/2025,11:01:22,8021.69,0,0,0,0,0,0
DOL30.BSE_IDX,01/07/2025,11:01:30,8021.74,0,0,0,0,0,0
DOL30.BSE_IDX,01/07/2025,11:01:38,8021.26,0,0,0,0,0,0
DOL30.BSE_IDX,01/07/2025,11:01:46,8020.05,0,0,0,0,0,0
DOL30.BSE_IDX,01/07/2025,11:01:54,8019.78,0,0,0,0,0,0
DOL30.BSE_IDX,01/07/2025,11:02:02,8020.59,0,0,0,0,0,0
DOL30.BSE_IDX,01/07/2025,11:02:10,8019.46,0,0,0,0,0,0
DOL30.BSE_IDX,01/07/2025,11:02:18,8019.94,0,0,0,0,0,0
DOL30.BSE_IDX,01/07/2025,11:02:27,8020.39,0,0,0,0,0,0
DOL30.BSE_IDX,01/07/2025,11:02:34,8020.79,0,0,0,0,0,0
DOL30.BSE_IDX,01/07/2025,11:02:42,8019.73,0,0,0,0,0,0
DOL30.BSE_IDX,01/07/2025,11:02:51,8020,0,0,0,0,0,0
DOL30.BSE_IDX,01/07/2025,11:02:58,8019.62,0,0,0,0,0,0
DOL30.BSE_IDX,01/07/2025,11:03:06,8019.6,0,0,0,0,0,0
DOL30.BSE_IDX,01/07/2025,11:03:14,8019.7,0,0,0,0,0,0
DOL30.BSE_IDX,01/07/2025,11:03:22,8019.72,0,0,0,0,0,0
DOL30.BSE_IDX,01/07/2025,11:03:31,8019.55,0,0,0,0,0,0
DOL30.BSE_IDX,01/07/2025,11:03:38,8019.95,0,0,0,0,0,0
DOL30.BSE_IDX,01/07/2025,11:03:46,8020.09,0,0,0,0,0,0
DOL30.BSE_IDX,01/07/2025,11:03:54,8019.67,0,0,0,0,0,0
DOL30.BSE_IDX,01/07/2025,11:04:02,8020.13,0,0,0,0,0,0
DOL30.BSE_IDX,01/07/2025,11:04:10,8019.8,0,0,0,0,0,0
DOL30.BSE_IDX,01/07/2025,11:04:18,8020.16,0,0,0,0,0,0
DOL30.BSE_IDX,01/07/2025,11:04:27,8020.3,0,0,0,0,0,0
DOL30.BSE_IDX,01/07/2025,11:04:34,8020.51,0,0,0,0,0,0
DOL30.BSE_IDX,01/07/2025,11:04:42,8019.85,0,0,0,0,0,0
DOL30.BSE_IDX,01/07/2025,11:04:51,8020.67,0,0,0,0,0,0
DOL30.BSE_IDX,01/07/2025,11:04:58,8020.63,0,0,0,0,0,0
DOL30.BSE_IDX,01/07/2025,11:05:06,8021.04,0,0,0,0,0,0
DOL30.BSE_IDX,01/07/2025,11:05:14,8021.2,0,0,0,0,0,0
DOL30.BSE_IDX,01/07/2025,11:05:22,8020.93,0,0,0,0,0,0
DOL30.BSE_IDX,01/07/2025,11:05:30,8021.13,0,0,0,0,0,0
DOL30.BSE_IDX,01/07/2025,11:05:38,8020.8,0,0,0,0,0,0
DOL30.BSE_IDX,01/07/2025,11:05:46,8020.88,0,0,0,0,0,0
DOL30.BSE_IDX,01/07/2025,11:05:54,8020.92,0,0,0,0,0,0
DOL30.BSE_IDX,01/07/2025,11:06:02,8020.66,0,0,0,0,0,0
DOL30.BSE_IDX,01/07/2025,11:06:11,8021.52,0,0,0,0,0,0
DOL30.BSE_IDX,01/07/2025,11:06:19,8022.73,0,0,0,0,0,0
DOL30.BSE_IDX,01/07/2025,11:06:26,8022.3,0,0,0,0,0,0
DOL30.BSE_IDX,01/07/2025,11:06:34,8021.13,0,0,0,0,0,0
DOL30.BSE_IDX,01/07/2025,11:06:42,8021.35,0,0,0,0,0,0
DOL30.BSE_IDX,01/07/2025,11:06:50,8021.88,0,0,0,0,0,0
DOL30.BSE_IDX,01/07/2025,11:06:58,8022.03,0,0,0,0,0,0
DOL30.BSE_IDX,01/07/2025,11:07:06,8021.47,0,0,0,0,0,0
DOL30.BSE_IDX,01/07/2025,11:07:15,8021.34,0,0,0,0,0,0
DOL30.BSE_IDX,01/07/2025,11:07:22,8021.06,0,0,0,0,0,0
DOL30.BSE_IDX,01/07/2025,11:07:30,8020.85,0,0,0,0,0,0
DOL30.BSE_IDX,01/07/2025,11:07:38,8020.61,0,0,0,0,0,0
DOL30.BSE_IDX,01/07/2025,11:07:46,8021.29,0,0,0,0,0,0
DOL30.BSE_IDX,01/07/2025,11:07:54,8021.91,0,0,0,0,0,0
DOL30.BSE_IDX,01/07/2025,11:08:02,8022,0,0,0,0,0,0
DOL30.BSE_IDX,01/07/2025,11:08:11,8021.57,0,0,0,0,0,0
DOL30.BSE_IDX,01/07/2025,11:08:18,8021.56,0,0,0,0,0,0
DOL30.BSE_IDX,01/07/2025,11:08:26,8021.67,0,0,0,0,0,0
DOL30.BSE_IDX,01/07/2025,11:08:35,8020.27,0,0,0,0,0,0
DOL30.BSE_IDX,01/07/2025,11:08:43,8020.58,0,0,0,0,0,0
DOL30.BSE_IDX,01/07/2025,11:08:51,8021.17,0,0,0,0,0,0
DOL30.BSE_IDX,01/07/2025,11:08:58,8021.7,0,0,0,0,0,0
DOL30.BSE_IDX,01/07/2025,11:09:07,8021.69,0,0,0,0,0,0
DOL30.BSE_IDX,01/07/2025,11:09:15,8020.22,0,0,0,0,0,0
DOL30.BSE_IDX,01/07/2025,11:09:23,8019.55,0,0,0,0,0,0
DOL30.BSE_IDX,01/07/2025,11:09:31,8020.01,0,0,0,0,0,0
DOL30.BSE_IDX,01/07/2025,11:09:39,8019.72,0,0,0,0,0,0
DOL30.BSE_IDX,01/07/2025,11:09:46,8020.51,0,0,0,0,0,0
DOL30.BSE_IDX,01/07/2025,11:09:55,8020.18,0,0,0,0,0,0
DOL30.BSE_IDX,01/07/2025,11:10:03,8020.69,0,0,0,0,0,0
DOL30.BSE_IDX,01/07/2025,11:10:11,8020.95,0,0,0,0,0,0
DOL30.BSE_IDX,01/07/2025,11:10:19,8020.48,0,0,0,0,0,0
DOL30.BSE_IDX,01/07/2025,11:10:27,8020.67,0,0,0,0,0,0
DOL30.BSE_IDX,01/07/2025,11:10:35,8021.03,0,0,0,0,0,0
DOL30.BSE_IDX,01/07/2025,11:10:43,8020.92,0,0,0,0,0,0
DOL30.BSE_IDX,01/07/2025,11:10:51,8020.7,0,0,0,0,0,0
DOL30.BSE_IDX,01/07/2025,11:10:59,8020.64,0,0,0,0,0,0
DOL30.BSE_IDX,01/07/2025,11:11:07,8021.5,0,0,0,0,0,0
DOL30.BSE_IDX,01/07/2025,11:11:15,8021.05,0,0,0,0,0,0
DOL30.BSE_IDX,01/07/2025,11:11:23,8021.11,0,0,0,0,0,0
DOL30.BSE_IDX,01/07/2025,11:11:31,8021.1,0,0,0,0,0,0
DOL30.BSE_IDX,01/07/2025,11:11:39,8020.85,0,0,0,0,0,0
DOL30.BSE_IDX,01/07/2025,11:11:47,8020.58,0,0,0,0,0,0
DOL30.BSE_IDX,01/07/2025,11:11:55,8020.65,0,0,0,0,0,0
DOL30.BSE_IDX,01/07/2025,11:12:03,8020.31,0,0,0,0,0,0
DOL30.BSE_IDX,01/07/2025,11:12:11,8020.63,0,0,0,0,0,0
DOL30.BSE_IDX,01/07/2025,11:12:19,8020.27,0,0,0,0,0,0
DOL30.BSE_IDX,01/07/2025,11:12:27,8020.23,0,0,0,0,0,0
DOL30.BSE_IDX,01/07/2025,11:12:35,8020.71,0,0,0,0,0,0
DOL30.BSE_IDX,01/07/2025,11:12:43,8019.69,0,0,0,0,0,0
DOL30.BSE_IDX,01/07/2025,11:12:51,8019.92,0,0,0,0,0,0
DOL30.BSE_IDX,01/07/2025,11:12:59,8020.21,0,0,0,0,0,0
DOL30.BSE_IDX,01/07/2025,11:13:07,8020.44,0,0,0,0,0,0
DOL30.BSE_IDX,01/07/2025,11:13:16,8020.31,0,0,0,0,0,0
DOL30.BSE_IDX,01/07/2025,11:13:23,8019.71,0,0,0,0,0,0
DOL30.BSE_IDX,01/07/2025,11:13:31,8019.48,0,0,0,0,0,0
DOL30.BSE_IDX,01/07/2025,11:13:39,8019.38,0,0,0,0,0,0
DOL30.BSE_IDX,01/07/2025,11:13:47,8019.98,0,0,0,0,0,0
DOL30.BSE_IDX,01/07/2025,11:13:55,8020.1,0,0,0,0,0,0
DOL30.BSE_IDX,01/07/2025,11:14:03,8020.49,0,0,0,0,0,0
DOL30.BSE_IDX,01/07/2025,11:14:11,8019.84,0,0,0,0,0,0
DOL30.BSE_IDX,01/07/2025,11:14:19,8020.37,0,0,0,0,0,0
DOL30.BSE_IDX,01/07/2025,11:14:27,8021.12,0,0,0,0,0,0
DOL30.BSE_IDX,01/07/2025,11:14:35,8021.27,0,0,0,0,0,0
DOL30.BSE_IDX,01/07/2025,11:14:43,8021.47,0,0,0,0,0,0
DOL30.BSE_IDX,01/07/2025,11:14:51,8021.73,0,0,0,0,0,0
DOL30.BSE_IDX,01/07/2025,11:14:59,8021.57,0,0,0,0,0,0
DOL30.BSE_IDX,01/07/2025,11:15:07,8021.4,0,0,0,0,0,0
DOL30.BSE_IDX,01/07/2025,11:15:15,8021.47,0,0,0,0,0,0
DOL30.BSE_IDX,01/07/2025,11:15:23,8021.93,0,0,0,0,0,0
DOL30.BSE_IDX,01/07/2025,11:15:31,8021.33,0,0,0,0,0,0
DOL30.BSE_IDX,01/07/2025,11:15:39,8021.95,0,0,0,0,0,0
DOL30.BSE_IDX,01/07/2025,11:15:47,8022.01,0,0,0,0,0,0
DOL30.BSE_IDX,01/07/2025,11:15:56,8022.72,0,0,0,0,0,0
DOL30.BSE_IDX,01/07/2025,11:16:03,8021.96,0,0,0,0,0,0
DOL30.BSE_IDX,01/07/2025,11:16:11,8021.65,0,0,0,0,0,0
DOL30.BSE_IDX,01/07/2025,11:16:19,8021.83,0,0,0,0,0,0
DOL30.BSE_IDX,01/07/2025,11:16:27,8020.56,0,0,0,0,0,0
DOL30.BSE_IDX,01/07/2025,11:16:35,8020.6,0,0,0,0,0,0
DOL30.BSE_IDX,01/07/2025,11:16:43,8019.93,0,0,0,0,0,0
DOL30.BSE_IDX,01/07/2025,11:16:51,8020.1,0,0,0,0,0,0
DOL30.BSE_IDX,01/07/2025,11:16:59,8020.34,0,0,0,0,0,0
DOL30.BSE_IDX,01/07/2025,11:17:07,8020.21,0,0,0,0,0,0
DOL30.BSE_IDX,01/07/2025,11:17:15,8020.67,0,0,0,0,0,0
DOL30.BSE_IDX,01/07/2025,11:17:23,8021.49,0,0,0,0,0,0
DOL30.BSE_IDX,01/07/2025,11:17:31,8022.75,0,0,0,0,0,0
DOL30.BSE_IDX,01/07/2025,11:17:39,8023.17,0,0,0,0,0,0
DOL30.BSE_IDX,01/07/2025,11:17:47,8024.14,0,0,0,0,0,0
DOL30.BSE_IDX,01/07/2025,11:17:57,8024.06,0,0,0,0,0,0
DOL30.BSE_IDX,01/07/2025,11:18:03,8023.7,0,0,0,0,0,0
DOL30.BSE_IDX,01/07/2025,11:18:11,8023.53,0,0,0,0,0,0
DOL30.BSE_IDX,01/07/2025,11:18:19,8023.6,0,0,0,0,0,0
DOL30.BSE_IDX,01/07/2025,11:18:27,8023.96,0,0,0,0,0,0
DOL30.BSE_IDX,01/07/2025,11:18:35,8024.67,0,0,0,0,0,0
DOL30.BSE_IDX,01/07/2025,11:18:44,8024.44,0,0,0,0,0,0
DOL30.BSE_IDX,01/07/2025,11:18:51,8024.93,0,0,0,0,0,0
DOL30.BSE_IDX,01/07/2025,11:18:59,8024.16,0,0,0,0,0,0
DOL30.BSE_IDX,01/07/2025,11:19:08,8024.09,0,0,0,0,0,0
DOL30.BSE_IDX,01/07/2025,11:19:15,8024.51,0,0,0,0,0,0
DOL30.BSE_IDX,01/07/2025,11:19:23,8024.11,0,0,0,0,0,0
DOL30.BSE_IDX,01/07/2025,11:19:31,8023.9,0,0,0,0,0,0
DOL30.BSE_IDX,01/07/2025,11:19:39,8023.66,0,0,0,0,0,0
DOL30.BSE_IDX,01/07/2025,11:19:47,8023.66,0,0,0,0,0,0
DOL30.BSE_IDX,01/07/2025,11:19:55,8022.39,0,0,0,0,0,0
DOL30.BSE_IDX,01/07/2025,11:20:03,8022.39,0,0,0,0,0,0
DOL30.BSE_IDX,01/07/2025,11:20:11,8023.2,0,0,0,0,0,0
DOL30.BSE_IDX,01/07/2025,11:20:19,8023.39,0,0,0,0,0,0
DOL30.BSE_IDX,01/07/2025,11:20:27,8023.57,0,0,0,0,0,0
DOL30.BSE_IDX,01/07/2025,11:20:35,8023.91,0,0,0,0,0,0
DOL30.BSE_IDX,01/07/2025,11:20:43,8023.8,0,0,0,0,0,0
DOL30.BSE_IDX,01/07/2025,11:20:51,8023.83,0,0,0,0,0,0
DOL30.BSE_IDX,01/07/2025,11:20:59,8024.15,0,0,0,0,0,0
DOL30.BSE_IDX,01/07/2025,11:21:07,8023.89,0,0,0,0,0,0
DOL30.BSE_IDX,01/07/2025,11:21:15,8024.16,0,0,0,0,0,0
DOL30.BSE_IDX,01/07/2025,11:21:24,8024.18,0,0,0,0,0,0
DOL30.BSE_IDX,01/07/2025,11:21:31,8024.39,0,0,0,0,0,0
DOL30.BSE_IDX,01/07/2025,11:21:39,8023.62,0,0,0,0,0,0
DOL30.BSE_IDX,01/07/2025,11:21:47,8023.47,0,0,0,0,0,0
DOL30.BSE_IDX,01/07/2025,11:21:56,8023.99,0,0,0,0,0,0
DOL30.BSE_IDX,01/07/2025,11:22:03,8023.97,0,0,0,0,0,0
DOL30.BSE_IDX,01/07/2025,11:22:11,8023.69,0,0,0,0,0,0
DOL30.BSE_IDX,01/07/2025,11:22:19,8023.9,0,0,0,0,0,0
DOL30.BSE_IDX,01/07/2025,11:22:28,8023.81,0,0,0,0,0,0
DOL30.BSE_IDX,01/07/2025,11:22:35,8023.99,0,0,0,0,0,0
DOL30.BSE_IDX,01/07/2025,11:22:43,8023.79,0,0,0,0,0,0
DOL30.BSE_IDX,01/07/2025,11:22:51,8023.73,0,0,0,0,0,0
DOL30.BSE_IDX,01/07/2025,11:22:59,8024,0,0,0,0,0,0
DOL30.BSE_IDX,01/07/2025,11:23:07,8023.87,0,0,0,0,0,0
DOL30.BSE_IDX,01/07/2025,11:23:15,8024.55,0,0,0,0,0,0
DOL30.BSE_IDX,01/07/2025,11:23:23,8024.5,0,0,0,0,0,0
DOL30.BSE_IDX,01/07/2025,11:23:31,8024.3,0,0,0,0,0,0
DOL30.BSE_IDX,01/07/2025,11:23:39,8024.27,0,0,0,0,0,0
DOL30.BSE_IDX,01/07/2025,11:23:47,8024.3,0,0,0,0,0,0
DOL30.BSE_IDX,01/07/2025,11:23:55,8024.04,0,0,0,0,0,0
DOL30.BSE_IDX,01/07/2025,11:24:04,8023.43,0,0,0,0,0,0
DOL30.BSE_IDX,01/07/2025,11:24:11,8023.87,0,0,0,0,0,0
DOL30.BSE_IDX,01/07/2025,11:24:19,8023.42,0,0,0,0,0,0
DOL30.BSE_IDX,01/07/2025,11:24:27,8023.08,0,0,0,0,0,0
DOL30.BSE_IDX,01/07/2025,11:24:35,8022.35,0,0,0,0,0,0
DOL30.BSE_IDX,01/07/2025,11:24:43,8022.42,0,0,0,0,0,0
DOL30.BSE_IDX,01/07/2025,11:24:52,8022.08,0,0,0,0,0,0
DOL30.BSE_IDX,01/07/2025,11:25:00,8022.47,0,0,0,0,0,0
DOL30.BSE_IDX,01/07/2025,11:25:07,8023.08,0,0,0,0,0,0
DOL30.BSE_IDX,01/07/2025,11:25:15,8022.8,0,0,0,0,0,0
DOL30.BSE_IDX,01/07/2025,11:25:23,8022.7,0,0,0,0,0,0
DOL30.BSE_IDX,01/07/2025,11:25:31,8022.86,0,0,0,0,0,0
DOL30.BSE_IDX,01/07/2025,11:25:41,8022.33,0,0,0,0,0,0
DOL30.BSE_IDX,01/07/2025,11:25:47,8021.73,0,0,0,0,0,0
DOL30.BSE_IDX,01/07/2025,11:25:55,8021.69,0,0,0,0,0,0
DOL30.BSE_IDX,01/07/2025,11:26:03,8022.21,0,0,0,0,0,0
DOL30.BSE_IDX,01/07/2025,11:26:11,8021.52,0,0,0,0,0,0
DOL30.BSE_IDX,01/07/2025,11:26:19,8021.74,0,0,0,0,0,0
DOL30.BSE_IDX,01/07/2025,11:26:27,8021.63,0,0,0,0,0,0
DOL30.BSE_IDX,01/07/2025,11:26:35,8021.85,0,0,0,0,0,0
DOL30.BSE_IDX,01/07/2025,11:26:43,8021.79,0,0,0,0,0,0
DOL30.BSE_IDX,01/07/2025,11:26:51,8021.34,0,0,0,0,0,0
DOL30.BSE_IDX,01/07/2025,11:26:59,8021.72,0,0,0,0,0,0
DOL30.BSE_IDX,01/07/2025,11:27:07,8021.46,0,0,0,0,0,0
DOL30.BSE_IDX,01/07/2025,11:27:15,8021.83,0,0,0,0,0,0
DOL30.BSE_IDX,01/07/2025,11:27:23,8021.44,0,0,0,0,0,0
DOL30.BSE_IDX,01/07/2025,11:27:31,8022.06,0,0,0,0,0,0
DOL30.BSE_IDX,01/07/2025,11:27:39,8022.27,0,0,0,0,0,0
DOL30.BSE_IDX,01/07/2025,11:27:47,8022.28,0,0,0,0,0,0
DOL30.BSE_IDX,01/07/2025,11:27:55,8022.47,0,0,0,0,0,0
DOL30.BSE_IDX,01/07/2025,11:28:03,8022.46,0,0,0,0,0,0
DOL30.BSE_IDX,01/07/2025,11:28:11,8021.8,0,0,0,0,0,0
DOL30.BSE_IDX,01/07/2025,11:28:19,8021.17,0,0,0,0,0,0
DOL30.BSE_IDX,01/07/2025,11:28:27,8021.47,0,0,0,0,0,0
DOL30.BSE_IDX,01/07/2025,11:28:36,8022.25,0,0,0,0,0,0
DOL30.BSE_IDX,01/07/2025,11:28:43,8022.26,0,0,0,0,0,0
DOL30.BSE_IDX,01/07/2025,11:28:51,8022.55,0,0,0,0,0,0
DOL30.BSE_IDX,01/07/2025,11:28:59,8022.37,0,0,0,0,0,0
DOL30.BSE_IDX,01/07/2025,11:29:07,8022.24,0,0,0,0,0,0
DOL30.BSE_IDX,01/07/2025,11:29:16,8022.24,0,0,0,0,0,0
DOL30.BSE_IDX,01/07/2025,11:29:24,8021.79,0,0,0,0,0,0
DOL30.BSE_IDX,01/07/2025,11:29:31,8021.9,0,0,0,0,0,0
DOL30.BSE_IDX,01/07/2025,11:29:39,8022.2,0,0,0,0,0,0
DOL30.BSE_IDX,01/07/2025,11:29:47,8022.69,0,0,0,0,0,0
DOL30.BSE_IDX,01/07/2025,11:29:55,8022.81,0,0,0,0,0,0
DOL30.BSE_IDX,01/07/2025,11:30:03,8023.46,0,0,0,0,0,0
DOL30.BSE_IDX,01/07/2025,11:30:11,8022.94,0,0,0,0,0,0
DOL30.BSE_IDX,01/07/2025,11:30:19,8023.08,0,0,0,0,0,0
DOL30.BSE_IDX,01/07/2025,11:30:27,8023.11,0,0,0,0,0,0
DOL30.BSE_IDX,01/07/2025,11:30:35,8022.85,0,0,0,0,0,0
DOL30.BSE_IDX,01/07/2025,11:30:43,8023.49,0,0,0,0,0,0
DOL30.BSE_IDX,01/07/2025,11:30:51,8023.82,0,0,0,0,0,0
DOL30.BSE_IDX,01/07/2025,11:30:59,8023.74,0,0,0,0,0,0
DOL30.BSE_IDX,01/07/2025,11:31:07,8022.4,0,0,0,0,0,0
DOL30.BSE_IDX,01/07/2025,11:31:15,8022,0,0,0,0,0,0
DOL30.BSE_IDX,01/07/2025,11:31:23,8021.67,0,0,0,0,0,0
DOL30.BSE_IDX,01/07/2025,11:31:31,8021.42,0,0,0,0,0,0
DOL30.BSE_IDX,01/07/2025,11:31:39,8021.37,0,0,0,0,0,0
DOL30.BSE_IDX,01/07/2025,11:31:47,8021.77,0,0,0,0,0,0
DOL30.BSE_IDX,01/07/2025,11:31:55,8021.93,0,0,0,0,0,0
DOL30.BSE_IDX,01/07/2025,11:32:04,8021.54,0,0,0,0,0,0
DOL30.BSE_IDX,01/07/2025,11:32:11,8021.32,0,0,0,0,0,0
DOL30.BSE_IDX,01/07/2025,11:32:19,8021.55,0,0,0,0,0,0
DOL30.BSE_IDX,01/07/2025,11:32:27,8021.37,0,0,0,0,0,0
DOL30.BSE_IDX,01/07/2025,11:32:35,8021.88,0,0,0,0,0,0
DOL30.BSE_IDX,01/07/2025,11:32:43,8021.71,0,0,0,0,0,0
DOL30.BSE_IDX,01/07/2025,11:32:51,8021.28,0,0,0,0,0,0
DOL30.BSE_IDX,01/07/2025,11:32:59,8021.44,0,0,0,0,0,0
DOL30.BSE_IDX,01/07/2025,11:33:07,8021.05,0,0,0,0,0,0
DOL30.BSE_IDX,01/07/2025,11:33:15,8020.05,0,0,0,0,0,0
DOL30.BSE_IDX,01/07/2025,11:33:23,8020.65,0,0,0,0,0,0
DOL30.BSE_IDX,01/07/2025,11:33:31,8020.03,0,0,0,0,0,0
DOL30.BSE_IDX,01/07/2025,11:33:39,8020.47,0,0,0,0,0,0
DOL30.BSE_IDX,01/07/2025,11:33:47,8019.63,0,0,0,0,0,0
DOL30.BSE_IDX,01/07/2025,11:33:55,8019.73,0,0,0,0,0,0
DOL30.BSE_IDX,01/07/2025,11:34:03,8020.02,0,0,0,0,0,0
DOL30.BSE_IDX,01/07/2025,11:34:12,8019.29,0,0,0,0,0,0
DOL30.BSE_IDX,01/07/2025,11:34:19,8019.46,0,0,0,0,0,0
DOL30.BSE_IDX,01/07/2025,11:34:27,8019.03,0,0,0,0,0,0
DOL30.BSE_IDX,01/07/2025,11:34:35,8018.89,0,0,0,0,0,0
DOL30.BSE_IDX,01/07/2025,11:34:43,8019.42,0,0,0,0,0,0
DOL30.BSE_IDX,01/07/2025,11:34:51,8019.91,0,0,0,0,0,0
DOL30.BSE_IDX,01/07/2025,11:34:59,8019.7,0,0,0,0,0,0
DOL30.BSE_IDX,01/07/2025,11:35:07,8019.89,0,0,0,0,0,0
DOL30.BSE_IDX,01/07/2025,11:35:16,8020.01,0,0,0,0,0,0
DOL30.BSE_IDX,01/07/2025,11:35:23,8021.09,0,0,0,0,0,0
DOL30.BSE_IDX,01/07/2025,11:35:32,8020.66,0,0,0,0,0,0
DOL30.BSE_IDX,01/07/2025,11:35:39,8020.43,0,0,0,0,0,0
DOL30.BSE_IDX,01/07/2025,11:35:47,8020.53,0,0,0,0,0,0
DOL30.BSE_IDX,01/07/2025,11:35:55,8020.06,0,0,0,0,0,0
DOL30.BSE_IDX,01/07/2025,11:36:04,8019.94,0,0,0,0,0,0
DOL30.BSE_IDX,01/07/2025,11:36:11,8020.45,0,0,0,0,0,0
DOL30.BSE_IDX,01/07/2025,11:36:19,8019.98,0,0,0,0,0,0
DOL30.BSE_IDX,01/07/2025,11:36:28,8020.45,0,0,0,0,0,0
DOL30.BSE_IDX,01/07/2025,11:36:35,8019.79,0,0,0,0,0,0
DOL30.BSE_IDX,01/07/2025,11:36:43,8019.72,0,0,0,0,0,0
DOL30.BSE_IDX,01/07/2025,11:36:54,8020.13,0,0,0,0,0,0
DOL30.BSE_IDX,01/07/2025,11:36:59,8020.38,0,0,0,0,0,0
DOL30.BSE_IDX,01/07/2025,11:37:07,8020.39,0,0,0,0,0,0
DOL30.BSE_IDX,01/07/2025,11:37:15,8020.44,0,0,0,0,0,0
DOL30.BSE_IDX,01/07/2025,11:37:23,8020.32,0,0,0,0,0,0
DOL30.BSE_IDX,01/07/2025,11:37:31,8020.61,0,0,0,0,0,0
DOL30.BSE_IDX,01/07/2025,11:37:41,8020.01,0,0,0,0,0,0
DOL30.BSE_IDX,01/07/2025,11:37:47,8020.15,0,0,0,0,0,0
DOL30.BSE_IDX,01/07/2025,11:37:55,8021.08,0,0,0,0,0,0
DOL30.BSE_IDX,01/07/2025,11:38:03,8021.11,0,0,0,0,0,0
DOL30.BSE_IDX,01/07/2025,11:38:11,8020.8,0,0,0,0,0,0
DOL30.BSE_IDX,01/07/2025,11:38:20,8020.41,0,0,0,0,0,0
DOL30.BSE_IDX,01/07/2025,11:38:27,8020.8,0,0,0,0,0,0
DOL30.BSE_IDX,01/07/2025,11:38:35,8021.16,0,0,0,0,0,0
DOL30.BSE_IDX,01/07/2025,11:38:43,8020.65,0,0,0,0,0,0
DOL30.BSE_IDX,01/07/2025,11:38:51,8020.77,0,0,0,0,0,0
DOL30.BSE_IDX,01/07/2025,11:38:59,8020.27,0,0,0,0,0,0
DOL30.BSE_IDX,01/07/2025,11:39:07,8020.3,0,0,0,0,0,0
DOL30.BSE_IDX,01/07/2025,11:39:16,8020.23,0,0,0,0,0,0
DOL30.BSE_IDX,01/07/2025,11:39:23,8020.7,0,0,0,0,0,0
DOL30.BSE_IDX,01/07/2025,11:39:31,8020.96,0,0,0,0,0,0
DOL30.BSE_IDX,01/07/2025,11:39:39,8020.37,0,0,0,0,0,0
DOL30.BSE_IDX,01/07/2025,11:39:47,8020.56,0,0,0,0,0,0
DOL30.BSE_IDX,01/07/2025,11:39:55,8020.63,0,0,0,0,0,0
DOL30.BSE_IDX,01/07/2025,11:40:03,8021.27,0,0,0,0,0,0
DOL30.BSE_IDX,01/07/2025,11:40:11,8021.44,0,0,0,0,0,0
DOL30.BSE_IDX,01/07/2025,11:40:19,8021.12,0,0,0,0,0,0
DOL30.BSE_IDX,01/07/2025,11:40:27,8021.13,0,0,0,0,0,0
DOL30.BSE_IDX,01/07/2025,11:40:35,8020.68,0,0,0,0,0,0
DOL30.BSE_IDX,01/07/2025,11:40:43,8020.91,0,0,0,0,0,0
DOL30.BSE_IDX,01/07/2025,11:40:51,8020.57,0,0,0,0,0,0
DOL30.BSE_IDX,01/07/2025,11:41:00,8021.55,0,0,0,0,0,0
DOL30.BSE_IDX,01/07/2025,11:41:07,8021.12,0,0,0,0,0,0
DOL30.BSE_IDX,01/07/2025,11:41:15,8021.03,0,0,0,0,0,0
DOL30.BSE_IDX,01/07/2025,11:41:24,8020.94,0,0,0,0,0,0
DOL30.BSE_IDX,01/07/2025,11:41:32,8021.03,0,0,0,0,0,0
DOL30.BSE_IDX,01/07/2025,11:41:39,8021.31,0,0,0,0,0,0
DOL30.BSE_IDX,01/07/2025,11:41:48,8020.56,0,0,0,0,0,0
DOL30.BSE_IDX,01/07/2025,11:41:56,8019.96,0,0,0,0,0,0
DOL30.BSE_IDX,01/07/2025,11:42:04,8020.63,0,0,0,0,0,0
DOL30.BSE_IDX,01/07/2025,11:42:12,8020.58,0,0,0,0,0,0
DOL30.BSE_IDX,01/07/2025,11:42:20,8020.32,0,0,0,0,0,0
DOL30.BSE_IDX,01/07/2025,11:42:28,8020.34,0,0,0,0,0,0
DOL30.BSE_IDX,01/07/2025,11:42:36,8021.05,0,0,0,0,0,0
DOL30.BSE_IDX,01/07/2025,11:42:44,8021.37,0,0,0,0,0,0
DOL30.BSE_IDX,01/07/2025,11:42:52,8021.74,0,0,0,0,0,0
DOL30.BSE_IDX,01/07/2025,11:43:00,8021.3,0,0,0,0,0,0
DOL30.BSE_IDX,01/07/2025,11:43:08,8020.74,0,0,0,0,0,0
DOL30.BSE_IDX,01/07/2025,11:43:16,8021.51,0,0,0,0,0,0
DOL30.BSE_IDX,01/07/2025,11:43:24,8021.83,0,0,0,0,0,0
DOL30.BSE_IDX,01/07/2025,11:43:32,8021.42,0,0,0,0,0,0
DOL30.BSE_IDX,01/07/2025,11:43:40,8021,0,0,0,0,0,0
DOL30.BSE_IDX,01/07/2025,11:43:48,8020.98,0,0,0,0,0,0
DOL30.BSE_IDX,01/07/2025,11:43:56,8020.36,0,0,0,0,0,0
DOL30.BSE_IDX,01/07/2025,11:44:04,8021.01,0,0,0,0,0,0
DOL30.BSE_IDX,01/07/2025,11:44:12,8021.06,0,0,0,0,0,0
DOL30.BSE_IDX,01/07/2025,11:44:20,8020.76,0,0,0,0,0,0
DOL30.BSE_IDX,01/07/2025,11:44:28,8019.63,0,0,0,0,0,0
DOL30.BSE_IDX,01/07/2025,11:44:36,8017.19,0,0,0,0,0,0
DOL30.BSE_IDX,01/07/2025,11:44:44,8016.59,0,0,0,0,0,0
DOL30.BSE_IDX,01/07/2025,11:44:52,8016.09,0,0,0,0,0,0
DOL30.BSE_IDX,01/07/2025,11:45:00,8015.29,0,0,0,0,0,0
DOL30.BSE_IDX,01/07/2025,11:45:08,8017.38,0,0,0,0,0,0
DOL30.BSE_IDX,01/07/2025,11:45:16,8017.59,0,0,0,0,0,0
DOL30.BSE_IDX,01/07/2025,11:45:24,8018.44,0,0,0,0,0,0
DOL30.BSE_IDX,01/07/2025,11:45:32,8018.44,0,0,0,0,0,0
DOL30.BSE_IDX,01/07/2025,11:45:40,8019.75,0,0,0,0,0,0
DOL30.BSE_IDX,01/07/2025,11:45:48,8019.96,0,0,0,0,0,0
DOL30.BSE_IDX,01/07/2025,11:45:56,8020.88,0,0,0,0,0,0
DOL30.BSE_IDX,01/07/2025,11:46:04,8023.16,0,0,0,0,0,0
DOL30.BSE_IDX,01/07/2025,11:46:12,8024.43,0,0,0,0,0,0
DOL30.BSE_IDX,01/07/2025,11:46:20,8023.16,0,0,0,0,0,0
DOL30.BSE_IDX,01/07/2025,11:46:28,8022.62,0,0,0,0,0,0
DOL30.BSE_IDX,01/07/2025,11:46:36,8022.35,0,0,0,0,0,0
DOL30.BSE_IDX,01/07/2025,11:46:44,8022.01,0,0,0,0,0,0
DOL30.BSE_IDX,01/07/2025,11:46:52,8022.22,0,0,0,0,0,0
DOL30.BSE_IDX,01/07/2025,11:47:00,8021.65,0,0,0,0,0,0
DOL30.BSE_IDX,01/07/2025,11:47:08,8021.7,0,0,0,0,0,0
DOL30.BSE_IDX,01/07/2025,11:47:16,8020.7,0,0,0,0,0,0
DOL30.BSE_IDX,01/07/2025,11:47:24,8020.35,0,0,0,0,0,0
DOL30.BSE_IDX,01/07/2025,11:47:32,8020.45,0,0,0,0,0,0
DOL30.BSE_IDX,01/07/2025,11:47:40,8020.4,0,0,0,0,0,0
DOL30.BSE_IDX,01/07/2025,11:47:48,8020.37,0,0,0,0,0,0
DOL30.BSE_IDX,01/07/2025,11:47:56,8019.2,0,0,0,0,0,0
DOL30.BSE_IDX,01/07/2025,11:48:04,8019.17,0,0,0,0,0,0
DOL30.BSE_IDX,01/07/2025,11:48:12,8019.34,0,0,0,0,0,0
DOL30.BSE_IDX,01/07/2025,11:48:20,8020.14,0,0,0,0,0,0
DOL30.BSE_IDX,01/07/2025,11:48:28,8020.1,0,0,0,0,0,0
DOL30.BSE_IDX,01/07/2025,11:48:36,8019.7,0,0,0,0,0,0
DOL30.BSE_IDX,01/07/2025,11:48:44,8020.11,0,0,0,0,0,0
DOL30.BSE_IDX,01/07/2025,11:48:52,8020.04,0,0,0,0,0,0
DOL30.BSE_IDX,01/07/2025,11:49:01,8019.75,0,0,0,0,0,0
DOL30.BSE_IDX,01/07/2025,11:49:09,8019.71,0,0,0,0,0,0
DOL30.BSE_IDX,01/07/2025,11:49:16,8019.85,0,0,0,0,0,0
DOL30.BSE_IDX,01/07/2025,11:49:24,8019.83,0,0,0,0,0,0
DOL30.BSE_IDX,01/07/2025,11:49:32,8019.81,0,0,0,0,0,0
DOL30.BSE_IDX,01/07/2025,11:49:40,8019.86,0,0,0,0,0,0
DOL30.BSE_IDX,01/07/2025,11:49:49,8019.26,0,0,0,0,0,0
DOL30.BSE_IDX,01/07/2025,11:49:56,8019.31,0,0,0,0,0,0
DOL30.BSE_IDX,01/07/2025,11:50:04,8019.75,0,0,0,0,0,0
DOL30.BSE_IDX,01/07/2025,11:50:12,8019.6,0,0,0,0,0,0
DOL30.BSE_IDX,01/07/2025,11:50:20,8019.46,0,0,0,0,0,0
DOL30.BSE_IDX,01/07/2025,11:50:28,8019.84,0,0,0,0,0,0
DOL30.BSE_IDX,01/07/2025,11:50:36,8019.88,0,0,0,0,0,0
DOL30.BSE_IDX,01/07/2025,11:50:44,8019.64,0,0,0,0,0,0
DOL30.BSE_IDX,01/07/2025,11:50:52,8019.65,0,0,0,0,0,0
DOL30.BSE_IDX,01/07/2025,11:51:00,8019.82,0,0,0,0,0,0
DOL30.BSE_IDX,01/07/2025,11:51:08,8020.45,0,0,0,0,0,0
DOL30.BSE_IDX,01/07/2025,11:51:16,8020.57,0,0,0,0,0,0
DOL30.BSE_IDX,01/07/2025,11:51:24,8019.56,0,0,0,0,0,0
DOL30.BSE_IDX,01/07/2025,11:51:32,8019.68,0,0,0,0,0,0
DOL30.BSE_IDX,01/07/2025,11:51:40,8019.82,0,0,0,0,0,0
DOL30.BSE_IDX,01/07/2025,11:51:48,8020.34,0,0,0,0,0,0
DOL30.BSE_IDX,01/07/2025,11:51:56,8020.12,0,0,0,0,0,0
DOL30.BSE_IDX,01/07/2025,11:52:04,8020.03,0,0,0,0,0,0
DOL30.BSE_IDX,01/07/2025,11:52:12,8019.48,0,0,0,0,0,0
DOL30.BSE_IDX,01/07/2025,11:52:20,8019.43,0,0,0,0,0,0
DOL30.BSE_IDX,01/07/2025,11:52:28,8019.55,0,0,0,0,0,0
DOL30.BSE_IDX,01/07/2025,11:52:36,8018.99,0,0,0,0,0,0
DOL30.BSE_IDX,01/07/2025,11:52:44,8018.96,0,0,0,0,0,0
DOL30.BSE_IDX,01/07/2025,11:52:52,8018.89,0,0,0,0,0,0
DOL30.BSE_IDX,01/07/2025,11:53:00,8018.23,0,0,0,0,0,0
DOL30.BSE_IDX,01/07/2025,11:53:08,8018.21,0,0,0,0,0,0
DOL30.BSE_IDX,01/07/2025,11:53:16,8017.63,0,0,0,0,0,0
DOL30.BSE_IDX,01/07/2025,11:53:24,8017.34,0,0,0,0,0,0
DOL30.BSE_IDX,01/07/2025,11:53:32,8017.38,0,0,0,0,0,0
DOL30.BSE_IDX,01/07/2025,11:53:40,8017.89,0,0,0,0,0,0
DOL30.BSE_IDX,01/07/2025,11:53:48,8017.44,0,0,0,0,0,0
DOL30.BSE_IDX,01/07/2025,11:53:56,8017.04,0,0,0,0,0,0
DOL30.BSE_IDX,01/07/2025,11:54:04,8016.63,0,0,0,0,0,0
DOL30.BSE_IDX,01/07/2025,11:54:12,8015.57,0,0,0,0,0,0
DOL30.BSE_IDX,01/07/2025,11:54:20,8015.66,0,0,0,0,0,0
DOL30.BSE_IDX,01/07/2025,11:54:28,8016.09,0,0,0,0,0,0
DOL30.BSE_IDX,01/07/2025,11:54:36,8015.88,0,0,0,0,0,0
DOL30.BSE_IDX,01/07/2025,11:54:44,8015.97,0,0,0,0,0,0
DOL30.BSE_IDX,01/07/2025,11:54:52,8016.1,0,0,0,0,0,0
DOL30.BSE_IDX,01/07/2025,11:55:00,8015.86,0,0,0,0,0,0
DOL30.BSE_IDX,01/07/2025,11:55:08,8016.16,0,0,0,0,0,0
DOL30.BSE_IDX,01/07/2025,11:55:17,8016.13,0,0,0,0,0,0
DOL30.BSE_IDX,01/07/2025,11:55:24,8016.09,0,0,0,0,0,0
DOL30.BSE_IDX,01/07/2025,11:55:32,8016,0,0,0,0,0,0
DOL30.BSE_IDX,01/07/2025,11:55:40,8015.85,0,0,0,0,0,0
DOL30.BSE_IDX,01/07/2025,11:55:48,8015.34,0,0,0,0,0,0
DOL30.BSE_IDX,01/07/2025,11:55:56,8015.78,0,0,0,0,0,0
DOL30.BSE_IDX,01/07/2025,11:56:05,8015.82,0,0,0,0,0,0
DOL30.BSE_IDX,01/07/2025,11:56:12,8015.35,0,0,0,0,0,0
DOL30.BSE_IDX,01/07/2025,11:56:20,8013.33,0,0,0,0,0,0
DOL30.BSE_IDX,01/07/2025,11:56:28,8012.57,0,0,0,0,0,0
DOL30.BSE_IDX,01/07/2025,11:56:36,8012.9,0,0,0,0,0,0
DOL30.BSE_IDX,01/07/2025,11:56:44,8014.74,0,0,0,0,0,0
DOL30.BSE_IDX,01/07/2025,11:56:52,8013.52,0,0,0,0,0,0
DOL30.BSE_IDX,01/07/2025,11:57:00,8013.47,0,0,0,0,0,0
DOL30.BSE_IDX,01/07/2025,11:57:08,8013.32,0,0,0,0,0,0
DOL30.BSE_IDX,01/07/2025,11:57:16,8013.95,0,0,0,0,0,0
DOL30.BSE_IDX,01/07/2025,11:57:24,8014.09,0,0,0,0,0,0
DOL30.BSE_IDX,01/07/2025,11:57:32,8014.08,0,0,0,0,0,0
DOL30.BSE_IDX,01/07/2025,11:57:40,8013.84,0,0,0,0,0,0
DOL30.BSE_IDX,01/07/2025,11:57:48,8014.12,0,0,0,0,0,0
DOL30.BSE_IDX,01/07/2025,11:57:56,8014.18,0,0,0,0,0,0
DOL30.BSE_IDX,01/07/2025,11:58:04,8014.29,0,0,0,0,0,0
DOL30.BSE_IDX,01/07/2025,11:58:12,8014.57,0,0,0,0,0,0
DOL30.BSE_IDX,01/07/2025,11:58:20,8014.3,0,0,0,0,0,0
DOL30.BSE_IDX,01/07/2025,11:58:28,8014.12,0,0,0,0,0,0
DOL30.BSE_IDX,01/07/2025,11:58:36,8014.87,0,0,0,0,0,0
DOL30.BSE_IDX,01/07/2025,11:58:44,8015.35,0,0,0,0,0,0
DOL30.BSE_IDX,01/07/2025,11:58:52,8015.55,0,0,0,0,0,0
DOL30.BSE_IDX,01/07/2025,11:59:00,8015.12,0,0,0,0,0,0
DOL30.BSE_IDX,01/07/2025,11:59:08,8015.64,0,0,0,0,0,0
DOL30.BSE_IDX,01/07/2025,11:59:16,8015.7,0,0,0,0,0,0
DOL30.BSE_IDX,01/07/2025,11:59:24,8016.1,0,0,0,0,0,0
DOL30.BSE_IDX,01/07/2025,11:59:32,8016.52,0,0,0,0,0,0
DOL30.BSE_IDX,01/07/2025,11:59:40,8016.6,0,0,0,0,0,0
DOL30.BSE_IDX,01/07/2025,11:59:48,8016.87,0,0,0,0,0,0
DOL30.BSE_IDX,01/07/2025,11:59:56,8016.96,0,0,0,0,0,0
DOL30.BSE_IDX,01/07/2025,12:00:05,8017.23,0,0,0,0,0,0
DOL30.BSE_IDX,01/07/2025,12:00:12,8016.98,0,0,0,0,0,0
DOL30.BSE_IDX,01/07/2025,12:00:20,8016.32,0,0,0,0,0,0
DOL30.BSE_IDX,01/07/2025,12:00:28,8016.11,0,0,0,0,0,0
DOL30.BSE_IDX,01/07/2025,12:00:37,8016.11,0,0,0,0,0,0
DOL30.BSE_IDX,01/07/2025,12:00:44,8015.83,0,0,0,0,0,0
DOL30.BSE_IDX,01/07/2025,12:00:52,8015.94,0,0,0,0,0,0
DOL30.BSE_IDX,01/07/2025,12:01:00,8016.06,0,0,0,0,0,0
DOL30.BSE_IDX,01/07/2025,12:01:08,8016.2,0,0,0,0,0,0
DOL30.BSE_IDX,01/07/2025,12:01:16,8016.53,0,0,0,0,0,0
DOL30.BSE_IDX,01/07/2025,12:01:24,8016.78,0,0,0,0,0,0
DOL30.BSE_IDX,01/07/2025,12:01:32,8016.77,0,0,0,0,0,0
DOL30.BSE_IDX,01/07/2025,12:01:40,8016.74,0,0,0,0,0,0
DOL30.BSE_IDX,01/07/2025,12:01:48,8016.56,0,0,0,0,0,0
DOL30.BSE_IDX,01/07/2025,12:01:57,8016.31,0,0,0,0,0,0
DOL30.BSE_IDX,01/07/2025,12:02:04,8016.48,0,0,0,0,0,0
DOL30.BSE_IDX,01/07/2025,12:02:12,8016.75,0,0,0,0,0,0
DOL30.BSE_IDX,01/07/2025,12:02:20,8016.46,0,0,0,0,0,0
DOL30.BSE_IDX,01/07/2025,12:02:28,8015.69,0,0,0,0,0,0
DOL30.BSE_IDX,01/07/2025,12:02:36,8016.17,0,0,0,0,0,0
DOL30.BSE_IDX,01/07/2025,12:02:44,8016.38,0,0,0,0,0,0
DOL30.BSE_IDX,01/07/2025,12:02:52,8017.13,0,0,0,0,0,0
DOL30.BSE_IDX,01/07/2025,12:03:00,8016.87,0,0,0,0,0,0
DOL30.BSE_IDX,01/07/2025,12:03:08,8016.44,0,0,0,0,0,0
DOL30.BSE_IDX,01/07/2025,12:03:17,8016.61,0,0,0,0,0,0
DOL30.BSE_IDX,01/07/2025,12:03:24,8016.83,0,0,0,0,0,0
DOL30.BSE_IDX,01/07/2025,12:03:32,8017.33,0,0,0,0,0,0
DOL30.BSE_IDX,01/07/2025,12:03:40,8017.59,0,0,0,0,0,0
DOL30.BSE_IDX,01/07/2025,12:03:48,8017.07,0,0,0,0,0,0
DOL30.BSE_IDX,01/07/2025,12:03:56,8016.69,0,0,0,0,0,0
DOL30.BSE_IDX,01/07/2025,12:04:04,8017.04,0,0,0,0,0,0
DOL30.BSE_IDX,01/07/2025,12:04:12,8017.15,0,0,0,0,0,0
DOL30.BSE_IDX,01/07/2025,12:04:20,8016.89,0,0,0,0,0,0
DOL30.BSE_IDX,01/07/2025,12:04:28,8017.59,0,0,0,0,0,0
DOL30.BSE_IDX,01/07/2025,12:04:36,8017.95,0,0,0,0,0,0
DOL30.BSE_IDX,01/07/2025,12:04:44,8017.75,0,0,0,0,0,0
DOL30.BSE_IDX,01/07/2025,12:04:52,8017.47,0,0,0,0,0,0
DOL30.BSE_IDX,01/07/2025,12:05:01,8017.15,0,0,0,0,0,0
DOL30.BSE_IDX,01/07/2025,12:05:08,8017.17,0,0,0,0,0,0
DOL30.BSE_IDX,01/07/2025,12:05:16,8017.55,0,0,0,0,0,0
DOL30.BSE_IDX,01/07/2025,12:05:24,8017.11,0,0,0,0,0,0
DOL30.BSE_IDX,01/07/2025,12:05:32,8016.42,0,0,0,0,0,0
DOL30.BSE_IDX,01/07/2025,12:05:40,8016.97,0,0,0,0,0,0
DOL30.BSE_IDX,01/07/2025,12:05:48,8016.11,0,0,0,0,0,0
DOL30.BSE_IDX,01/07/2025,12:05:56,8016.87,0,0,0,0,0,0
DOL30.BSE_IDX,01/07/2025,12:06:04,8017.12,0,0,0,0,0,0
DOL30.BSE_IDX,01/07/2025,12:06:12,8017.19,0,0,0,0,0,0
DOL30.BSE_IDX,01/07/2025,12:06:20,8017.18,0,0,0,0,0,0
DOL30.BSE_IDX,01/07/2025,12:06:28,8016.98,0,0,0,0,0,0
DOL30.BSE_IDX,01/07/2025,12:06:36,8016.46,0,0,0,0,0,0
DOL30.BSE_IDX,01/07/2025,12:06:44,8016.99,0,0,0,0,0,0
DOL30.BSE_IDX,01/07/2025,12:06:53,8016.85,0,0,0,0,0,0
DOL30.BSE_IDX,01/07/2025,12:07:00,8016.39,0,0,0,0,0,0
DOL30.BSE_IDX,01/07/2025,12:07:08,8016.45,0,0,0,0,0,0
DOL30.BSE_IDX,01/07/2025,12:07:16,8016.63,0,0,0,0,0,0
DOL30.BSE_IDX,01/07/2025,12:07:24,8016.29,0,0,0,0,0,0
DOL30.BSE_IDX,01/07/2025,12:07:32,8015.91,0,0,0,0,0,0
DOL30.BSE_IDX,01/07/2025,12:07:40,8015.93,0,0,0,0,0,0
DOL30.BSE_IDX,01/07/2025,12:07:48,8016.26,0,0,0,0,0,0
DOL30.BSE_IDX,01/07/2025,12:07:56,8015.8,0,0,0,0,0,0
DOL30.BSE_IDX,01/07/2025,12:08:04,8016.03,0,0,0,0,0,0
DOL30.BSE_IDX,01/07/2025,12:08:12,8016.35,0,0,0,0,0,0
DOL30.BSE_IDX,01/07/2025,12:08:20,8015.88,0,0,0,0,0,0
DOL30.BSE_IDX,01/07/2025,12:08:28,8015.32,0,0,0,0,0,0
DOL30.BSE_IDX,01/07/2025,12:08:36,8015.3,0,0,0,0,0,0
DOL30.BSE_IDX,01/07/2025,12:08:44,8015.66,0,0,0,0,0,0
DOL30.BSE_IDX,01/07/2025,12:08:52,8016.42,0,0,0,0,0,0
DOL30.BSE_IDX,01/07/2025,12:09:00,8016.34,0,0,0,0,0,0
DOL30.BSE_IDX,01/07/2025,12:09:08,8015.83,0,0,0,0,0,0
DOL30.BSE_IDX,01/07/2025,12:09:16,8016.37,0,0,0,0,0,0
DOL30.BSE_IDX,01/07/2025,12:09:25,8016.11,0,0,0,0,0,0
DOL30.BSE_IDX,01/07/2025,12:09:32,8016.22,0,0,0,0,0,0
DOL30.BSE_IDX,01/07/2025,12:09:40,8017.05,0,0,0,0,0,0
DOL30.BSE_IDX,01/07/2025,12:09:48,8017,0,0,0,0,0,0
DOL30.BSE_IDX,01/07/2025,12:09:57,8017.43,0,0,0,0,0,0
DOL30.BSE_IDX,01/07/2025,12:10:05,8016.9,0,0,0,0,0,0
DOL30.BSE_IDX,01/07/2025,12:10:13,8016.27,0,0,0,0,0,0
DOL30.BSE_IDX,01/07/2025,12:10:22,8017.04,0,0,0,0,0,0
DOL30.BSE_IDX,01/07/2025,12:10:28,8017.03,0,0,0,0,0,0
DOL30.BSE_IDX,01/07/2025,12:10:36,8016.42,0,0,0,0,0,0
DOL30.BSE_IDX,01/07/2025,12:10:45,8016.36,0,0,0,0,0,0
DOL30.BSE_IDX,01/07/2025,12:10:52,8016.7,0,0,0,0,0,0
DOL30.BSE_IDX,01/07/2025,12:11:00,8016.79,0,0,0,0,0,0
DOL30.BSE_IDX,01/07/2025,12:11:08,8017.15,0,0,0,0,0,0
DOL30.BSE_IDX,01/07/2025,12:11:17,8017.19,0,0,0,0,0,0
DOL30.BSE_IDX,01/07/2025,12:11:24,8017.5,0,0,0,0,0,0
DOL30.BSE_IDX,01/07/2025,12:11:32,8017.11,0,0,0,0,0,0
DOL30.BSE_IDX,01/07/2025,12:11:40,8017.42,0,0,0,0,0,0
DOL30.BSE_IDX,01/07/2025,12:11:49,8018.3,0,0,0,0,0,0
DOL30.BSE_IDX,01/07/2025,12:11:57,8018.61,0,0,0,0,0,0
DOL30.BSE_IDX,01/07/2025,12:12:05,8018.61,0,0,0,0,0,0
DOL30.BSE_IDX,01/07/2025,12:12:13,8018.89,0,0,0,0,0,0
DOL30.BSE_IDX,01/07/2025,12:12:21,8019.24,0,0,0,0,0,0
DOL30.BSE_IDX,01/07/2025,12:12:29,8018.88,0,0,0,0,0,0
DOL30.BSE_IDX,01/07/2025,12:12:37,8019.22,0,0,0,0,0,0
DOL30.BSE_IDX,01/07/2025,12:12:45,8019.17,0,0,0,0,0,0
DOL30.BSE_IDX,01/07/2025,12:12:53,8018.17,0,0,0,0,0,0
DOL30.BSE_IDX,01/07/2025,12:13:01,8018.5,0,0,0,0,0,0
DOL30.BSE_IDX,01/07/2025,12:13:09,8018.57,0,0,0,0,0,0
DOL30.BSE_IDX,01/07/2025,12:13:17,8018.62,0,0,0,0,0,0
DOL30.BSE_IDX,01/07/2025,12:13:25,8018.53,0,0,0,0,0,0
DOL30.BSE_IDX,01/07/2025,12:13:33,8018.8,0,0,0,0,0,0
DOL30.BSE_IDX,01/07/2025,12:13:41,8019.22,0,0,0,0,0,0
DOL30.BSE_IDX,01/07/2025,12:13:49,8018.5,0,0,0,0,0,0
DOL30.BSE_IDX,01/07/2025,12:13:57,8018.46,0,0,0,0,0,0
DOL30.BSE_IDX,01/07/2025,12:14:05,8018.49,0,0,0,0,0,0
DOL30.BSE_IDX,01/07/2025,12:14:13,8018.55,0,0,0,0,0,0
DOL30.BSE_IDX,01/07/2025,12:14:21,8018.86,0,0,0,0,0,0
DOL30.BSE_IDX,01/07/2025,12:14:29,8018.84,0,0,0,0,0,0
DOL30.BSE_IDX,01/07/2025,12:14:37,8018.76,0,0,0,0,0,0
DOL30.BSE_IDX,01/07/2025,12:14:46,8018.81,0,0,0,0,0,0
DOL30.BSE_IDX,01/07/2025,12:14:54,8018.48,0,0,0,0,0,0
DOL30.BSE_IDX,01/07/2025,12:15:01,8018.46,0,0,0,0,0,0
DOL30.BSE_IDX,01/07/2025,12:15:09,8018.55,0,0,0,0,0,0
DOL30.BSE_IDX,01/07/2025,12:15:17,8019.09,0,0,0,0,0,0
DOL30.BSE_IDX,01/07/2025,12:15:25,8019.32,0,0,0,0,0,0
DOL30.BSE_IDX,01/07/2025,12:15:33,8019.26,0,0,0,0,0,0
DOL30.BSE_IDX,01/07/2025,12:15:41,8018.99,0,0,0,0,0,0
DOL30.BSE_IDX,01/07/2025,12:15:49,8018.46,0,0,0,0,0,0
DOL30.BSE_IDX,01/07/2025,12:15:57,8018.65,0,0,0,0,0,0
DOL30.BSE_IDX,01/07/2025,12:16:05,8018.33,0,0,0,0,0,0
DOL30.BSE_IDX,01/07/2025,12:16:13,8018.42,0,0,0,0,0,0
DOL30.BSE_IDX,01/07/2025,12:16:21,8018.99,0,0,0,0,0,0
DOL30.BSE_IDX,01/07/2025,12:16:29,8019.56,0,0,0,0,0,0
DOL30.BSE_IDX,01/07/2025,12:16:37,8020.18,0,0,0,0,0,0
DOL30.BSE_IDX,01/07/2025,12:16:45,8019.82,0,0,0,0,0,0
DOL30.BSE_IDX,01/07/2025,12:16:53,8018.67,0,0,0,0,0,0
DOL30.BSE_IDX,01/07/2025,12:17:01,8018.44,0,0,0,0,0,0
DOL30.BSE_IDX,01/07/2025,12:17:09,8018.97,0,0,0,0,0,0
DOL30.BSE_IDX,01/07/2025,12:17:17,8019.48,0,0,0,0,0,0
DOL30.BSE_IDX,01/07/2025,12:17:25,8018.54,0,0,0,0,0,0
DOL30.BSE_IDX,01/07/2025,12:17:33,8019.12,0,0,0,0,0,0
DOL30.BSE_IDX,01/07/2025,12:17:41,8018.97,0,0,0,0,0,0
DOL30.BSE_IDX,01/07/2025,12:17:49,8019.25,0,0,0,0,0,0
DOL30.BSE_IDX,01/07/2025,12:17:57,8019.23,0,0,0,0,0,0
DOL30.BSE_IDX,01/07/2025,12:18:05,8019.33,0,0,0,0,0,0
DOL30.BSE_IDX,01/07/2025,12:18:13,8019.51,0,0,0,0,0,0
DOL30.BSE_IDX,01/07/2025,12:18:21,8019.14,0,0,0,0,0,0
DOL30.BSE_IDX,01/07/2025,12:18:29,8019.42,0,0,0,0,0,0
DOL30.BSE_IDX,01/07/2025,12:18:37,8019.64,0,0,0,0,0,0
DOL30.BSE_IDX,01/07/2025,12:18:45,8019.57,0,0,0,0,0,0
DOL30.BSE_IDX,01/07/2025,12:18:53,8019.49,0,0,0,0,0,0
DOL30.BSE_IDX,01/07/2025,12:19:01,8019.8,0,0,0,0,0,0
DOL30.BSE_IDX,01/07/2025,12:19:09,8020.37,0,0,0,0,0,0
DOL30.BSE_IDX,01/07/2025,12:19:17,8020.14,0,0,0,0,0,0
DOL30.BSE_IDX,01/07/2025,12:19:25,8020.5,0,0,0,0,0,0
DOL30.BSE_IDX,01/07/2025,12:19:33,8020.92,0,0,0,0,0,0
DOL30.BSE_IDX,01/07/2025,12:19:41,8021.3,0,0,0,0,0,0
DOL30.BSE_IDX,01/07/2025,12:19:49,8021.37,0,0,0,0,0,0
DOL30.BSE_IDX,01/07/2025,12:19:57,8021.43,0,0,0,0,0,0
DOL30.BSE_IDX,01/07/2025,12:20:05,8022.02,0,0,0,0,0,0
DOL30.BSE_IDX,01/07/2025,12:20:13,8021.44,0,0,0,0,0,0
DOL30.BSE_IDX,01/07/2025,12:20:21,8022.78,0,0,0,0,0,0
DOL30.BSE_IDX,01/07/2025,12:20:29,8024.4,0,0,0,0,0,0
DOL30.BSE_IDX,01/07/2025,12:20:37,8024.89,0,0,0,0,0,0
DOL30.BSE_IDX,01/07/2025,12:20:45,8023.76,0,0,0,0,0,0
DOL30.BSE_IDX,01/07/2025,12:20:53,8024.49,0,0,0,0,0,0
DOL30.BSE_IDX,01/07/2025,12:21:01,8024.74,0,0,0,0,0,0
DOL30.BSE_IDX,01/07/2025,12:21:09,8024.64,0,0,0,0,0,0
DOL30.BSE_IDX,01/07/2025,12:21:17,8023.57,0,0,0,0,0,0
DOL30.BSE_IDX,01/07/2025,12:21:25,8023.98,0,0,0,0,0,0
DOL30.BSE_IDX,01/07/2025,12:21:33,8024.08,0,0,0,0,0,0
DOL30.BSE_IDX,01/07/2025,12:21:41,8024.81,0,0,0,0,0,0
DOL30.BSE_IDX,01/07/2025,12:21:49,8024.85,0,0,0,0,0,0
DOL30.BSE_IDX,01/07/2025,12:21:57,8024.82,0,0,0,0,0,0
DOL30.BSE_IDX,01/07/2025,12:22:05,8025.47,0,0,0,0,0,0
DOL30.BSE_IDX,01/07/2025,12:22:13,8025.04,0,0,0,0,0,0
DOL30.BSE_IDX,01/07/2025,12:22:21,8024.82,0,0,0,0,0,0
DOL30.BSE_IDX,01/07/2025,12:22:29,8024.59,0,0,0,0,0,0
DOL30.BSE_IDX,01/07/2025,12:22:37,8023.6,0,0,0,0,0,0
DOL30.BSE_IDX,01/07/2025,12:22:45,8022.93,0,0,0,0,0,0
DOL30.BSE_IDX,01/07/2025,12:22:53,8022.78,0,0,0,0,0,0
DOL30.BSE_IDX,01/07/2025,12:23:02,8023.1,0,0,0,0,0,0
DOL30.BSE_IDX,01/07/2025,12:23:09,8023.1,0,0,0,0,0,0
DOL30.BSE_IDX,01/07/2025,12:23:17,8022.97,0,0,0,0,0,0
DOL30.BSE_IDX,01/07/2025,12:23:25,8022.77,0,0,0,0,0,0
DOL30.BSE_IDX,01/07/2025,12:23:33,8022.17,0,0,0,0,0,0
DOL30.BSE_IDX,01/07/2025,12:23:41,8022.59,0,0,0,0,0,0
DOL30.BSE_IDX,01/07/2025,12:23:49,8022.94,0,0,0,0,0,0
DOL30.BSE_IDX,01/07/2025,12:23:57,8023.25,0,0,0,0,0,0
DOL30.BSE_IDX,01/07/2025,12:24:05,8022.97,0,0,0,0,0,0
DOL30.BSE_IDX,01/07/2025,12:24:13,8023.58,0,0,0,0,0,0
DOL30.BSE_IDX,01/07/2025,12:24:21,8024.11,0,0,0,0,0,0
DOL30.BSE_IDX,01/07/2025,12:24:29,8023.63,0,0,0,0,0,0
DOL30.BSE_IDX,01/07/2025,12:24:37,8023.79,0,0,0,0,0,0
DOL30.BSE_IDX,01/07/2025,12:24:45,8024.23,0,0,0,0,0,0
DOL30.BSE_IDX,01/07/2025,12:24:53,8023.74,0,0,0,0,0,0
DOL30.BSE_IDX,01/07/2025,12:25:01,8023.92,0,0,0,0,0,0
DOL30.BSE_IDX,01/07/2025,12:25:09,8024.13,0,0,0,0,0,0
DOL30.BSE_IDX,01/07/2025,12:25:17,8023.93,0,0,0,0,0,0
DOL30.BSE_IDX,01/07/2025,12:25:25,8024.19,0,0,0,0,0,0
DOL30.BSE_IDX,01/07/2025,12:25:33,8024.78,0,0,0,0,0,0
DOL30.BSE_IDX,01/07/2025,12:25:41,8024.89,0,0,0,0,0,0
DOL30.BSE_IDX,01/07/2025,12:25:49,8024.55,0,0,0,0,0,0
DOL30.BSE_IDX,01/07/2025,12:25:57,8025.09,0,0,0,0,0,0
DOL30.BSE_IDX,01/07/2025,12:26:05,8024.98,0,0,0,0,0,0
DOL30.BSE_IDX,01/07/2025,12:26:13,8024.86,0,0,0,0,0,0
DOL30.BSE_IDX,01/07/2025,12:26:21,8024.46,0,0,0,0,0,0
DOL30.BSE_IDX,01/07/2025,12:26:31,8024.72,0,0,0,0,0,0
DOL30.BSE_IDX,01/07/2025,12:26:37,8025.62,0,0,0,0,0,0
DOL30.BSE_IDX,01/07/2025,12:26:45,8025.84,0,0,0,0,0,0
DOL30.BSE_IDX,01/07/2025,12:26:53,8025.52,0,0,0,0,0,0
DOL30.BSE_IDX,01/07/2025,12:27:01,8024.86,0,0,0,0,0,0
DOL30.BSE_IDX,01/07/2025,12:27:09,8024.64,0,0,0,0,0,0
DOL30.BSE_IDX,01/07/2025,12:27:17,8025.01,0,0,0,0,0,0
DOL30.BSE_IDX,01/07/2025,12:27:25,8025.29,0,0,0,0,0,0
DOL30.BSE_IDX,01/07/2025,12:27:33,8025.04,0,0,0,0,0,0
DOL30.BSE_IDX,01/07/2025,12:27:41,8025.53,0,0,0,0,0,0
DOL30.BSE_IDX,01/07/2025,12:27:49,8025.04,0,0,0,0,0,0
DOL30.BSE_IDX,01/07/2025,12:27:57,8024.99,0,0,0,0,0,0
DOL30.BSE_IDX,01/07/2025,12:28:05,8024.88,0,0,0,0,0,0
DOL30.BSE_IDX,01/07/2025,12:28:13,8025.21,0,0,0,0,0,0
DOL30.BSE_IDX,01/07/2025,12:28:21,8024.89,0,0,0,0,0,0
DOL30.BSE_IDX,01/07/2025,12:28:29,8024.27,0,0,0,0,0,0
DOL30.BSE_IDX,01/07/2025,12:28:37,8024.83,0,0,0,0,0,0
DOL30.BSE_IDX,01/07/2025,12:28:45,8023.96,0,0,0,0,0,0
DOL30.BSE_IDX,01/07/2025,12:28:53,8023.11,0,0,0,0,0,0
DOL30.BSE_IDX,01/07/2025,12:29:01,8022.75,0,0,0,0,0,0
DOL30.BSE_IDX,01/07/2025,12:29:10,8022.24,0,0,0,0,0,0
DOL30.BSE_IDX,01/07/2025,12:29:18,8022.48,0,0,0,0,0,0
DOL30.BSE_IDX,01/07/2025,12:29:25,8023.25,0,0,0,0,0,0
DOL30.BSE_IDX,01/07/2025,12:29:33,8022.67,0,0,0,0,0,0
DOL30.BSE_IDX,01/07/2025,12:29:41,8022.18,0,0,0,0,0,0
DOL30.BSE_IDX,01/07/2025,12:29:49,8022.12,0,0,0,0,0,0
DOL30.BSE_IDX,01/07/2025,12:29:57,8022.78,0,0,0,0,0,0
DOL30.BSE_IDX,01/07/2025,12:30:05,8024.62,0,0,0,0,0,0
DOL30.BSE_IDX,01/07/2025,12:30:13,8024.88,0,0,0,0,0,0
DOL30.BSE_IDX,01/07/2025,12:30:22,8024.38,0,0,0,0,0,0
DOL30.BSE_IDX,01/07/2025,12:30:29,8023.33,0,0,0,0,0,0
DOL30.BSE_IDX,01/07/2025,12:30:37,8022.87,0,0,0,0,0,0
DOL30.BSE_IDX,01/07/2025,12:30:45,8023.39,0,0,0,0,0,0
DOL30.BSE_IDX,01/07/2025,12:30:53,8023.91,0,0,0,0,0,0
DOL30.BSE_IDX,01/07/2025,12:31:01,8024.34,0,0,0,0,0,0
DOL30.BSE_IDX,01/07/2025,12:31:09,8023.27,0,0,0,0,0,0
DOL30.BSE_IDX,01/07/2025,12:31:17,8021.93,0,0,0,0,0,0
DOL30.BSE_IDX,01/07/2025,12:31:25,8021.67,0,0,0,0,0,0
DOL30.BSE_IDX,01/07/2025,12:31:34,8021.8,0,0,0,0,0,0
DOL30.BSE_IDX,01/07/2025,12:31:41,8021.29,0,0,0,0,0,0
DOL30.BSE_IDX,01/07/2025,12:31:49,8021.43,0,0,0,0,0,0
DOL30.BSE_IDX,01/07/2025,12:31:57,8021.47,0,0,0,0,0,0
DOL30.BSE_IDX,01/07/2025,12:32:05,8021.66,0,0,0,0,0,0
DOL30.BSE_IDX,01/07/2025,12:32:13,8021.98,0,0,0,0,0,0
DOL30.BSE_IDX,01/07/2025,12:32:21,8022.14,0,0,0,0,0,0
DOL30.BSE_IDX,01/07/2025,12:32:29,8022.51,0,0,0,0,0,0
DOL30.BSE_IDX,01/07/2025,12:32:37,8022.37,0,0,0,0,0,0
DOL30.BSE_IDX,01/07/2025,12:32:45,8022.19,0,0,0,0,0,0
DOL30.BSE_IDX,01/07/2025,12:32:53,8021.7,0,0,0,0,0,0
DOL30.BSE_IDX,01/07/2025,12:33:01,8022.03,0,0,0,0,0,0
DOL30.BSE_IDX,01/07/2025,12:33:09,8021.7,0,0,0,0,0,0
DOL30.BSE_IDX,01/07/2025,12:33:17,8021.27,0,0,0,0,0,0
DOL30.BSE_IDX,01/07/2025,12:33:26,8021.5,0,0,0,0,0,0
DOL30.BSE_IDX,01/07/2025,12:33:33,8021.6,0,0,0,0,0,0
DOL30.BSE_IDX,01/07/2025,12:33:41,8021.88,0,0,0,0,0,0
DOL30.BSE_IDX,01/07/2025,12:33:49,8021.77,0,0,0,0,0,0
DOL30.BSE_IDX,01/07/2025,12:33:57,8021.71,0,0,0,0,0,0
DOL30.BSE_IDX,01/07/2025,12:34:05,8022.29,0,0,0,0,0,0
DOL30.BSE_IDX,01/07/2025,12:34:13,8022.74,0,0,0,0,0,0
DOL30.BSE_IDX,01/07/2025,12:34:21,8022.86,0,0,0,0,0,0
DOL30.BSE_IDX,01/07/2025,12:34:29,8023.46,0,0,0,0,0,0
DOL30.BSE_IDX,01/07/2025,12:34:37,8023.47,0,0,0,0,0,0
DOL30.BSE_IDX,01/07/2025,12:34:45,8023.62,0,0,0,0,0,0
DOL30.BSE_IDX,01/07/2025,12:34:53,8023.82,0,0,0,0,0,0
DOL30.BSE_IDX,01/07/2025,12:35:01,8024.07,0,0,0,0,0,0
DOL30.BSE_IDX,01/07/2025,12:35:09,8024.15,0,0,0,0,0,0
DOL30.BSE_IDX,01/07/2025,12:35:17,8024.43,0,0,0,0,0,0
DOL30.BSE_IDX,01/07/2025,12:35:25,8024.76,0,0,0,0,0,0
DOL30.BSE_IDX,01/07/2025,12:35:33,8024.76,0,0,0,0,0,0
DOL30.BSE_IDX,01/07/2025,12:35:41,8024.5,0,0,0,0,0,0
DOL30.BSE_IDX,01/07/2025,12:35:49,8025.29,0,0,0,0,0,0
DOL30.BSE_IDX,01/07/2025,12:35:57,8024.46,0,0,0,0,0,0
DOL30.BSE_IDX,01/07/2025,12:36:05,8025.38,0,0,0,0,0,0
DOL30.BSE_IDX,01/07/2025,12:36:13,8025.69,0,0,0,0,0,0
DOL30.BSE_IDX,01/07/2025,12:36:21,8024.57,0,0,0,0,0,0
DOL30.BSE_IDX,01/07/2025,12:36:29,8024.78,0,0,0,0,0,0
DOL30.BSE_IDX,01/07/2025,12:36:37,8024.71,0,0,0,0,0,0
DOL30.BSE_IDX,01/07/2025,12:36:45,8025.11,0,0,0,0,0,0
DOL30.BSE_IDX,01/07/2025,12:36:53,8025.17,0,0,0,0,0,0
DOL30.BSE_IDX,01/07/2025,12:37:01,8025.65,0,0,0,0,0,0
DOL30.BSE_IDX,01/07/2025,12:37:09,8025.7,0,0,0,0,0,0
DOL30.BSE_IDX,01/07/2025,12:37:17,8025.21,0,0,0,0,0,0
DOL30.BSE_IDX,01/07/2025,12:37:25,8024.53,0,0,0,0,0,0
DOL30.BSE_IDX,01/07/2025,12:37:33,8024.65,0,0,0,0,0,0
DOL30.BSE_IDX,01/07/2025,12:37:41,8024.35,0,0,0,0,0,0
DOL30.BSE_IDX,01/07/2025,12:37:49,8024.23,0,0,0,0,0,0
DOL30.BSE_IDX,01/07/2025,12:37:57,8023.88,0,0,0,0,0,0
DOL30.BSE_IDX,01/07/2025,12:38:05,8024.16,0,0,0,0,0,0
DOL30.BSE_IDX,01/07/2025,12:38:13,8024.41,0,0,0,0,0,0
DOL30.BSE_IDX,01/07/2025,12:38:22,8025.05,0,0,0,0,0,0
DOL30.BSE_IDX,01/07/2025,12:38:29,8024.82,0,0,0,0,0,0
DOL30.BSE_IDX,01/07/2025,12:38:39,8024.88,0,0,0,0,0,0
DOL30.BSE_IDX,01/07/2025,12:38:45,8024.86,0,0,0,0,0,0
DOL30.BSE_IDX,01/07/2025,12:38:53,8025.34,0,0,0,0,0,0
DOL30.BSE_IDX,01/07/2025,12:39:01,8025.45,0,0,0,0,0,0
DOL30.BSE_IDX,01/07/2025,12:39:10,8024.66,0,0,0,0,0,0
DOL30.BSE_IDX,01/07/2025,12:39:17,8025.16,0,0,0,0,0,0
DOL30.BSE_IDX,01/07/2025,12:39:25,8024.95,0,0,0,0,0,0
DOL30.BSE_IDX,01/07/2025,12:39:34,8024.75,0,0,0,0,0,0
DOL30.BSE_IDX,01/07/2025,12:39:42,8025.2,0,0,0,0,0,0
DOL30.BSE_IDX,01/07/2025,12:39:49,8025.22,0,0,0,0,0,0
DOL30.BSE_IDX,01/07/2025,12:39:57,8025.39,0,0,0,0,0,0
DOL30.BSE_IDX,01/07/2025,12:40:05,8025.83,0,0,0,0,0,0
DOL30.BSE_IDX,01/07/2025,12:40:14,8025.27,0,0,0,0,0,0
DOL30.BSE_IDX,01/07/2025,12:40:21,8025.29,0,0,0,0,0,0
DOL30.BSE_IDX,01/07/2025,12:40:29,8025.15,0,0,0,0,0,0
DOL30.BSE_IDX,01/07/2025,12:40:37,8025.4,0,0,0,0,0,0
DOL30.BSE_IDX,01/07/2025,12:40:45,8025.14,0,0,0,0,0,0
DOL30.BSE_IDX,01/07/2025,12:40:54,8025.47,0,0,0,0,0,0
DOL30.BSE_IDX,01/07/2025,12:41:01,8025.44,0,0,0,0,0,0
DOL30.BSE_IDX,01/07/2025,12:41:09,8024.96,0,0,0,0,0,0
DOL30.BSE_IDX,01/07/2025,12:41:17,8025.12,0,0,0,0,0,0
DOL30.BSE_IDX,01/07/2025,12:41:25,8024.87,0,0,0,0,0,0
DOL30.BSE_IDX,01/07/2025,12:41:33,8024.77,0,0,0,0,0,0
DOL30.BSE_IDX,01/07/2025,12:41:41,8024.83,0,0,0,0,0,0
DOL30.BSE_IDX,01/07/2025,12:41:49,8025.59,0,0,0,0,0,0
DOL30.BSE_IDX,01/07/2025,12:41:57,8025.28,0,0,0,0,0,0
DOL30.BSE_IDX,01/07/2025,12:42:05,8024.83,0,0,0,0,0,0
DOL30.BSE_IDX,01/07/2025,12:42:13,8025.14,0,0,0,0,0,0
DOL30.BSE_IDX,01/07/2025,12:42:21,8025.06,0,0,0,0,0,0
DOL30.BSE_IDX,01/07/2025,12:42:29,8025.67,0,0,0,0,0,0
DOL30.BSE_IDX,01/07/2025,12:42:37,8025.38,0,0,0,0,0,0
DOL30.BSE_IDX,01/07/2025,12:42:45,8025.47,0,0,0,0,0,0
DOL30.BSE_IDX,01/07/2025,12:42:53,8025.25,0,0,0,0,0,0
DOL30.BSE_IDX,01/07/2025,12:43:01,8025.73,0,0,0,0,0,0
DOL30.BSE_IDX,01/07/2025,12:43:10,8025.69,0,0,0,0,0,0
DOL30.BSE_IDX,01/07/2025,12:43:17,8025.54,0,0,0,0,0,0
DOL30.BSE_IDX,01/07/2025,12:43:26,8025.58,0,0,0,0,0,0
DOL30.BSE_IDX,01/07/2025,12:43:33,8025.48,0,0,0,0,0,0
DOL30.BSE_IDX,01/07/2025,12:43:41,8024.75,0,0,0,0,0,0
DOL30.BSE_IDX,01/07/2025,12:43:49,8024.64,0,0,0,0,0,0
DOL30.BSE_IDX,01/07/2025,12:43:58,8024.46,0,0,0,0,0,0
DOL30.BSE_IDX,01/07/2025,12:44:05,8024.95,0,0,0,0,0,0
DOL30.BSE_IDX,01/07/2025,12:44:14,8024.82,0,0,0,0,0,0
DOL30.BSE_IDX,01/07/2025,12:44:21,8024.01,0,0,0,0,0,0
DOL30.BSE_IDX,01/07/2025,12:44:29,8024.09,0,0,0,0,0,0
DOL30.BSE_IDX,01/07/2025,12:44:38,8023.73,0,0,0,0,0,0
DOL30.BSE_IDX,01/07/2025,12:44:45,8024.15,0,0,0,0,0,0
DOL30.BSE_IDX,01/07/2025,12:44:53,8023.65,0,0,0,0,0,0
DOL30.BSE_IDX,01/07/2025,12:45:01,8023.77,0,0,0,0,0,0
DOL30.BSE_IDX,01/07/2025,12:45:11,8023.78,0,0,0,0,0,0
DOL30.BSE_IDX,01/07/2025,12:45:17,8023.39,0,0,0,0,0,0
DOL30.BSE_IDX,01/07/2025,12:45:25,8023.11,0,0,0,0,0,0
DOL30.BSE_IDX,01/07/2025,12:45:34,8023.45,0,0,0,0,0,0
DOL30.BSE_IDX,01/07/2025,12:45:42,8022.86,0,0,0,0,0,0
DOL30.BSE_IDX,01/07/2025,12:45:50,8023.28,0,0,0,0,0,0
DOL30.BSE_IDX,01/07/2025,12:45:58,8023.14,0,0,0,0,0,0
DOL30.BSE_IDX,01/07/2025,12:46:06,8023.44,0,0,0,0,0,0
DOL30.BSE_IDX,01/07/2025,12:46:14,8023.04,0,0,0,0,0,0
DOL30.BSE_IDX,01/07/2025,12:46:22,8023.45,0,0,0,0,0,0
DOL30.BSE_IDX,01/07/2025,12:46:30,8022.99,0,0,0,0,0,0
DOL30.BSE_IDX,01/07/2025,12:46:38,8022.88,0,0,0,0,0,0
DOL30.BSE_IDX,01/07/2025,12:46:46,8023.25,0,0,0,0,0,0
DOL30.BSE_IDX,01/07/2025,12:46:54,8022.63,0,0,0,0,0,0
DOL30.BSE_IDX,01/07/2025,12:47:02,8022.79,0,0,0,0,0,0
DOL30.BSE_IDX,01/07/2025,12:47:10,8022.75,0,0,0,0,0,0
DOL30.BSE_IDX,01/07/2025,12:47:18,8022.75,0,0,0,0,0,0
DOL30.BSE_IDX,01/07/2025,12:47:26,8022.83,0,0,0,0,0,0
DOL30.BSE_IDX,01/07/2025,12:47:34,8023.04,0,0,0,0,0,0
DOL30.BSE_IDX,01/07/2025,12:47:42,8022.53,0,0,0,0,0,0
DOL30.BSE_IDX,01/07/2025,12:47:50,8023.13,0,0,0,0,0,0
DOL30.BSE_IDX,01/07/2025,12:47:58,8023.46,0,0,0,0,0,0
DOL30.BSE_IDX,01/07/2025,12:48:06,8023.71,0,0,0,0,0,0
DOL30.BSE_IDX,01/07/2025,12:48:14,8024.03,0,0,0,0,0,0
DOL30.BSE_IDX,01/07/2025,12:48:22,8023.92,0,0,0,0,0,0
DOL30.BSE_IDX,01/07/2025,12:48:30,8024.63,0,0,0,0,0,0
DOL30.BSE_IDX,01/07/2025,12:48:38,8024.46,0,0,0,0,0,0
DOL30.BSE_IDX,01/07/2025,12:48:46,8024.26,0,0,0,0,0,0
DOL30.BSE_IDX,01/07/2025,12:48:54,8024.5,0,0,0,0,0,0
DOL30.BSE_IDX,01/07/2025,12:49:02,8024.45,0,0,0,0,0,0
DOL30.BSE_IDX,01/07/2025,12:49:10,8024.54,0,0,0,0,0,0
DOL30.BSE_IDX,01/07/2025,12:49:18,8024.27,0,0,0,0,0,0
DOL30.BSE_IDX,01/07/2025,12:49:26,8024.34,0,0,0,0,0,0
DOL30.BSE_IDX,01/07/2025,12:49:34,8024.2,0,0,0,0,0,0
DOL30.BSE_IDX,01/07/2025,12:49:42,8024.5,0,0,0,0,0,0
DOL30.BSE_IDX,01/07/2025,12:49:50,8025,0,0,0,0,0,0
DOL30.BSE_IDX,01/07/2025,12:49:58,8025.32,0,0,0,0,0,0
DOL30.BSE_IDX,01/07/2025,12:50:06,8025.39,0,0,0,0,0,0
DOL30.BSE_IDX,01/07/2025,12:50:14,8025.19,0,0,0,0,0,0
DOL30.BSE_IDX,01/07/2025,12:50:22,8025.77,0,0,0,0,0,0
DOL30.BSE_IDX,01/07/2025,12:50:30,8025.9,0,0,0,0,0,0
DOL30.BSE_IDX,01/07/2025,12:50:38,8025.76,0,0,0,0,0,0
DOL30.BSE_IDX,01/07/2025,12:50:47,8026.19,0,0,0,0,0,0
DOL30.BSE_IDX,01/07/2025,12:50:54,8026.18,0,0,0,0,0,0
DOL30.BSE_IDX,01/07/2025,12:51:02,8026.03,0,0,0,0,0,0
DOL30.BSE_IDX,01/07/2025,12:51:10,8026.33,0,0,0,0,0,0
DOL30.BSE_IDX,01/07/2025,12:51:19,8026.78,0,0,0,0,0,0
DOL30.BSE_IDX,01/07/2025,12:51:26,8026.51,0,0,0,0,0,0
DOL30.BSE_IDX,01/07/2025,12:51:34,8026.54,0,0,0,0,0,0
DOL30.BSE_IDX,01/07/2025,12:51:42,8026.35,0,0,0,0,0,0
DOL30.BSE_IDX,01/07/2025,12:51:50,8025.99,0,0,0,0,0,0
DOL30.BSE_IDX,01/07/2025,12:51:58,8026.22,0,0,0,0,0,0
DOL30.BSE_IDX,01/07/2025,12:52:06,8025.88,0,0,0,0,0,0
DOL30.BSE_IDX,01/07/2025,12:52:14,8025.73,0,0,0,0,0,0
DOL30.BSE_IDX,01/07/2025,12:52:22,8026.11,0,0,0,0,0,0
DOL30.BSE_IDX,01/07/2025,12:52:30,8026.33,0,0,0,0,0,0
DOL30.BSE_IDX,01/07/2025,12:52:38,8026.1,0,0,0,0,0,0
DOL30.BSE_IDX,01/07/2025,12:52:46,8026.07,0,0,0,0,0,0
DOL30.BSE_IDX,01/07/2025,12:52:54,8026.06,0,0,0,0,0,0
DOL30.BSE_IDX,01/07/2025,12:53:02,8026.11,0,0,0,0,0,0
DOL30.BSE_IDX,01/07/2025,12:53:10,8026.11,0,0,0,0,0,0
DOL30.BSE_IDX,01/07/2025,12:53:18,8025.96,0,0,0,0,0,0
DOL30.BSE_IDX,01/07/2025,12:53:26,8025.54,0,0,0,0,0,0
DOL30.BSE_IDX,01/07/2025,12:53:34,8025.2,0,0,0,0,0,0
DOL30.BSE_IDX,01/07/2025,12:53:42,8024.44,0,0,0,0,0,0
DOL30.BSE_IDX,01/07/2025,12:53:50,8024.53,0,0,0,0,0,0
DOL30.BSE_IDX,01/07/2025,12:53:58,8024.71,0,0,0,0,0,0
DOL30.BSE_IDX,01/07/2025,12:54:06,8025.02,0,0,0,0,0,0
DOL30.BSE_IDX,01/07/2025,12:54:14,8024.57,0,0,0,0,0,0
DOL30.BSE_IDX,01/07/2025,12:54:22,8024.24,0,0,0,0,0,0
DOL30.BSE_IDX,01/07/2025,12:54:30,8024.14,0,0,0,0,0,0
DOL30.BSE_IDX,01/07/2025,12:54:38,8024.34,0,0,0,0,0,0
DOL30.BSE_IDX,01/07/2025,12:54:46,8024.1,0,0,0,0,0,0
DOL30.BSE_IDX,01/07/2025,12:54:54,8023.71,0,0,0,0,0,0
DOL30.BSE_IDX,01/07/2025,12:55:02,8023.74,0,0,0,0,0,0
DOL30.BSE_IDX,01/07/2025,12:55:10,8023.27,0,0,0,0,0,0
DOL30.BSE_IDX,01/07/2025,12:55:18,8023.65,0,0,0,0,0,0
DOL30.BSE_IDX,01/07/2025,12:55:26,8023.85,0,0,0,0,0,0
DOL30.BSE_IDX,01/07/2025,12:55:34,8024.62,0,0,0,0,0,0
DOL30.BSE_IDX,01/07/2025,12:55:42,8024.61,0,0,0,0,0,0
DOL30.BSE_IDX,01/07/2025,12:55:50,8024.8,0,0,0,0,0,0
DOL30.BSE_IDX,01/07/2025,12:55:58,8025.3,0,0,0,0,0,0
DOL30.BSE_IDX,01/07/2025,12:56:06,8024.62,0,0,0,0,0,0
DOL30.BSE_IDX,01/07/2025,12:56:15,8025.08,0,0,0,0,0,0
DOL30.BSE_IDX,01/07/2025,12:56:22,8025.78,0,0,0,0,0,0
DOL30.BSE_IDX,01/07/2025,12:56:30,8025.12,0,0,0,0,0,0
DOL30.BSE_IDX,01/07/2025,12:56:38,8024.74,0,0,0,0,0,0
DOL30.BSE_IDX,01/07/2025,12:56:46,8023.94,0,0,0,0,0,0
DOL30.BSE_IDX,01/07/2025,12:56:54,8024.44,0,0,0,0,0,0
DOL30.BSE_IDX,01/07/2025,12:57:02,8023.83,0,0,0,0,0,0
DOL30.BSE_IDX,01/07/2025,12:57:10,8023.54,0,0,0,0,0,0
DOL30.BSE_IDX,01/07/2025,12:57:18,8023.75,0,0,0,0,0,0
DOL30.BSE_IDX,01/07/2025,12:57:26,8023.21,0,0,0,0,0,0
DOL30.BSE_IDX,01/07/2025,12:57:34,8023.84,0,0,0,0,0,0
DOL30.BSE_IDX,01/07/2025,12:57:42,8023.81,0,0,0,0,0,0
DOL30.BSE_IDX,01/07/2025,12:57:51,8023.7,0,0,0,0,0,0
DOL30.BSE_IDX,01/07/2025,12:57:58,8023.27,0,0,0,0,0,0
DOL30.BSE_IDX,01/07/2025,12:58:06,8023.87,0,0,0,0,0,0
DOL30.BSE_IDX,01/07/2025,12:58:14,8023.79,0,0,0,0,0,0
DOL30.BSE_IDX,01/07/2025,12:58:22,8023.7,0,0,0,0,0,0
DOL30.BSE_IDX,01/07/2025,12:58:30,8023.59,0,0,0,0,0,0
DOL30.BSE_IDX,01/07/2025,12:58:38,8023.39,0,0,0,0,0,0
DOL30.BSE_IDX,01/07/2025,12:58:46,8023.3,0,0,0,0,0,0
DOL30.BSE_IDX,01/07/2025,12:58:54,8022.59,0,0,0,0,0,0
DOL30.BSE_IDX,01/07/2025,12:59:02,8022.77,0,0,0,0,0,0
DOL30.BSE_IDX,01/07/2025,12:59:10,8022.56,0,0,0,0,0,0
DOL30.BSE_IDX,01/07/2025,12:59:18,8022.63,0,0,0,0,0,0
DOL30.BSE_IDX,01/07/2025,12:59:26,8022.92,0,0,0,0,0,0
DOL30.BSE_IDX,01/07/2025,12:59:34,8022.26,0,0,0,0,0,0
DOL30.BSE_IDX,01/07/2025,12:59:42,8022.21,0,0,0,0,0,0
DOL30.BSE_IDX,01/07/2025,12:59:50,8021.68,0,0,0,0,0,0
DOL30.BSE_IDX,01/07/2025,12:59:58,8022.07,0,0,0,0,0,0
DOL30.BSE_IDX,01/07/2025,13:00:06,8023.15,0,0,0,0,0,0
DOL30.BSE_IDX,01/07/2025,13:00:14,8022.97,0,0,0,0,0,0
DOL30.BSE_IDX,01/07/2025,13:00:22,8023.05,0,0,0,0,0,0
DOL30.BSE_IDX,01/07/2025,13:00:30,8023.68,0,0,0,0,0,0
DOL30.BSE_IDX,01/07/2025,13:00:38,8023.62,0,0,0,0,0,0
DOL30.BSE_IDX,01/07/2025,13:00:46,8023.78,0,0,0,0,0,0
DOL30.BSE_IDX,01/07/2025,13:00:54,8023.89,0,0,0,0,0,0
DOL30.BSE_IDX,01/07/2025,13:01:02,8023.42,0,0,0,0,0,0
DOL30.BSE_IDX,01/07/2025,13:01:10,8023.9,0,0,0,0,0,0
DOL30.BSE_IDX,01/07/2025,13:01:18,8023.11,0,0,0,0,0,0
DOL30.BSE_IDX,01/07/2025,13:01:26,8023.2,0,0,0,0,0,0
DOL30.BSE_IDX,01/07/2025,13:01:35,8023.55,0,0,0,0,0,0
DOL30.BSE_IDX,01/07/2025,13:01:42,8023.89,0,0,0,0,0,0
DOL30.BSE_IDX,01/07/2025,13:01:50,8023.84,0,0,0,0,0,0
DOL30.BSE_IDX,01/07/2025,13:01:58,8023.81,0,0,0,0,0,0
DOL30.BSE_IDX,01/07/2025,13:02:06,8023.09,0,0,0,0,0,0
DOL30.BSE_IDX,01/07/2025,13:02:14,8022.76,0,0,0,0,0,0
DOL30.BSE_IDX,01/07/2025,13:02:22,8022.68,0,0,0,0,0,0
DOL30.BSE_IDX,01/07/2025,13:02:30,8022.56,0,0,0,0,0,0
DOL30.BSE_IDX,01/07/2025,13:02:39,8022.86,0,0,0,0,0,0
DOL30.BSE_IDX,01/07/2025,13:02:46,8022.76,0,0,0,0,0,0
