Ticker,Date,Time,LTP,BuyPrice,BuyQty,SellPrice,SellQty,LTQ,OpenInterest
ENERGY.BSE_IDX,01/07/2025,09:00:07,11908.06,0,0,0,0,0,0
ENERGY.BSE_IDX,01/07/2025,09:00:15,11935.1,0,0,0,0,0,0
ENERGY.BSE_IDX,01/07/2025,09:00:23,11954.32,0,0,0,0,0,0
ENERGY.BSE_IDX,01/07/2025,09:00:31,11956.07,0,0,0,0,0,0
ENERGY.BSE_IDX,01/07/2025,09:00:39,11956.26,0,0,0,0,0,0
ENERGY.BSE_IDX,01/07/2025,09:00:47,11943.14,0,0,0,0,0,0
ENERGY.BSE_IDX,01/07/2025,09:00:55,11967.51,0,0,0,0,0,0
ENERGY.BSE_IDX,01/07/2025,09:01:03,11969.65,0,0,0,0,0,0
ENERGY.BSE_IDX,01/07/2025,09:01:11,11969.65,0,0,0,0,0,0
ENERGY.BSE_IDX,01/07/2025,09:01:19,11961.1,0,0,0,0,0,0
ENERGY.BSE_IDX,01/07/2025,09:01:27,11959.96,0,0,0,0,0,0
ENERGY.BSE_IDX,01/07/2025,09:01:35,11959.96,0,0,0,0,0,0
ENERGY.BSE_IDX,01/07/2025,09:01:43,11959.96,0,0,0,0,0,0
ENERGY.BSE_IDX,01/07/2025,09:01:51,11959.96,0,0,0,0,0,0
ENERGY.BSE_IDX,01/07/2025,09:01:59,11959.96,0,0,0,0,0,0
ENERGY.BSE_IDX,01/07/2025,09:02:07,11958.81,0,0,0,0,0,0
ENERGY.BSE_IDX,01/07/2025,09:02:15,11958.81,0,0,0,0,0,0
ENERGY.BSE_IDX,01/07/2025,09:02:23,11956.85,0,0,0,0,0,0
ENERGY.BSE_IDX,01/07/2025,09:02:31,11956.85,0,0,0,0,0,0
ENERGY.BSE_IDX,01/07/2025,09:02:39,11958.99,0,0,0,0,0,0
ENERGY.BSE_IDX,01/07/2025,09:02:47,11959.48,0,0,0,0,0,0
ENERGY.BSE_IDX,01/07/2025,09:02:55,11959.48,0,0,0,0,0,0
ENERGY.BSE_IDX,01/07/2025,09:03:03,11966.44,0,0,0,0,0,0
ENERGY.BSE_IDX,01/07/2025,09:03:11,11959.34,0,0,0,0,0,0
ENERGY.BSE_IDX,01/07/2025,09:03:19,11942.25,0,0,0,0,0,0
ENERGY.BSE_IDX,01/07/2025,09:03:27,11942.34,0,0,0,0,0,0
ENERGY.BSE_IDX,01/07/2025,09:03:35,11941.72,0,0,0,0,0,0
ENERGY.BSE_IDX,01/07/2025,09:03:43,11943.33,0,0,0,0,0,0
ENERGY.BSE_IDX,01/07/2025,09:03:51,11942.66,0,0,0,0,0,0
ENERGY.BSE_IDX,01/07/2025,09:03:59,11942.09,0,0,0,0,0,0
ENERGY.BSE_IDX,01/07/2025,09:04:07,11935.66,0,0,0,0,0,0
ENERGY.BSE_IDX,01/07/2025,09:04:15,11936,0,0,0,0,0,0
ENERGY.BSE_IDX,01/07/2025,09:04:23,11934.79,0,0,0,0,0,0
ENERGY.BSE_IDX,01/07/2025,09:04:31,11941.2,0,0,0,0,0,0
ENERGY.BSE_IDX,01/07/2025,09:04:39,11942.43,0,0,0,0,0,0
ENERGY.BSE_IDX,01/07/2025,09:04:47,11942.59,0,0,0,0,0,0
ENERGY.BSE_IDX,01/07/2025,09:04:55,11942.59,0,0,0,0,0,0
ENERGY.BSE_IDX,01/07/2025,09:05:03,11943.36,0,0,0,0,0,0
ENERGY.BSE_IDX,01/07/2025,09:05:11,11942.84,0,0,0,0,0,0
ENERGY.BSE_IDX,01/07/2025,09:05:19,11944.84,0,0,0,0,0,0
ENERGY.BSE_IDX,01/07/2025,09:05:27,11946.93,0,0,0,0,0,0
ENERGY.BSE_IDX,01/07/2025,09:05:35,11939.04,0,0,0,0,0,0
ENERGY.BSE_IDX,01/07/2025,09:05:43,11942.09,0,0,0,0,0,0
ENERGY.BSE_IDX,01/07/2025,09:05:51,11939.23,0,0,0,0,0,0
ENERGY.BSE_IDX,01/07/2025,09:05:59,11948.73,0,0,0,0,0,0
ENERGY.BSE_IDX,01/07/2025,09:06:07,11951.56,0,0,0,0,0,0
ENERGY.BSE_IDX,01/07/2025,09:06:15,11954.34,0,0,0,0,0,0
ENERGY.BSE_IDX,01/07/2025,09:06:23,11957.45,0,0,0,0,0,0
ENERGY.BSE_IDX,01/07/2025,09:06:31,11978.91,0,0,0,0,0,0
ENERGY.BSE_IDX,01/07/2025,09:06:39,11975.96,0,0,0,0,0,0
ENERGY.BSE_IDX,01/07/2025,09:06:47,11973.37,0,0,0,0,0,0
ENERGY.BSE_IDX,01/07/2025,09:06:55,11973.3,0,0,0,0,0,0
ENERGY.BSE_IDX,01/07/2025,09:07:04,11973.18,0,0,0,0,0,0
ENERGY.BSE_IDX,01/07/2025,09:07:11,11973.18,0,0,0,0,0,0
ENERGY.BSE_IDX,01/07/2025,09:07:19,11973.18,0,0,0,0,0,0
ENERGY.BSE_IDX,01/07/2025,09:07:27,11973.18,0,0,0,0,0,0
ENERGY.BSE_IDX,01/07/2025,09:07:35,11973.18,0,0,0,0,0,0
ENERGY.BSE_IDX,01/07/2025,09:07:43,11973.18,0,0,0,0,0,0
ENERGY.BSE_IDX,01/07/2025,09:07:51,11973.18,0,0,0,0,0,0
ENERGY.BSE_IDX,01/07/2025,09:07:59,11973.18,0,0,0,0,0,0
ENERGY.BSE_IDX,01/07/2025,09:08:07,11973.18,0,0,0,0,0,0
ENERGY.BSE_IDX,01/07/2025,09:08:15,11973.18,0,0,0,0,0,0
ENERGY.BSE_IDX,01/07/2025,09:08:23,11973.18,0,0,0,0,0,0
ENERGY.BSE_IDX,01/07/2025,09:08:31,11973.18,0,0,0,0,0,0
ENERGY.BSE_IDX,01/07/2025,09:08:39,11973.18,0,0,0,0,0,0
ENERGY.BSE_IDX,01/07/2025,09:08:47,11973.18,0,0,0,0,0,0
ENERGY.BSE_IDX,01/07/2025,09:08:55,11973.18,0,0,0,0,0,0
ENERGY.BSE_IDX,01/07/2025,09:09:03,11972.78,0,0,0,0,0,0
ENERGY.BSE_IDX,01/07/2025,09:09:11,11972.78,0,0,0,0,0,0
ENERGY.BSE_IDX,01/07/2025,09:09:19,11972.78,0,0,0,0,0,0
ENERGY.BSE_IDX,01/07/2025,09:09:27,11972.78,0,0,0,0,0,0
ENERGY.BSE_IDX,01/07/2025,09:09:35,11972.78,0,0,0,0,0,0
ENERGY.BSE_IDX,01/07/2025,09:09:43,11972.78,0,0,0,0,0,0
ENERGY.BSE_IDX,01/07/2025,09:09:51,11972.78,0,0,0,0,0,0
ENERGY.BSE_IDX,01/07/2025,09:09:59,11972.78,0,0,0,0,0,0
ENERGY.BSE_IDX,01/07/2025,09:10:07,11972.78,0,0,0,0,0,0
ENERGY.BSE_IDX,01/07/2025,09:10:15,11972.78,0,0,0,0,0,0
ENERGY.BSE_IDX,01/07/2025,09:10:23,11972.78,0,0,0,0,0,0
ENERGY.BSE_IDX,01/07/2025,09:10:31,11972.78,0,0,0,0,0,0
ENERGY.BSE_IDX,01/07/2025,09:10:39,11972.78,0,0,0,0,0,0
ENERGY.BSE_IDX,01/07/2025,09:10:47,11972.78,0,0,0,0,0,0
ENERGY.BSE_IDX,01/07/2025,09:10:55,11972.78,0,0,0,0,0,0
ENERGY.BSE_IDX,01/07/2025,09:11:03,11972.78,0,0,0,0,0,0
ENERGY.BSE_IDX,01/07/2025,09:11:11,11972.78,0,0,0,0,0,0
ENERGY.BSE_IDX,01/07/2025,09:11:19,11972.78,0,0,0,0,0,0
ENERGY.BSE_IDX,01/07/2025,09:11:27,11972.78,0,0,0,0,0,0
ENERGY.BSE_IDX,01/07/2025,09:11:35,11972.78,0,0,0,0,0,0
ENERGY.BSE_IDX,01/07/2025,09:11:43,11972.78,0,0,0,0,0,0
ENERGY.BSE_IDX,01/07/2025,09:11:51,11972.78,0,0,0,0,0,0
ENERGY.BSE_IDX,01/07/2025,09:11:59,11972.78,0,0,0,0,0,0
ENERGY.BSE_IDX,01/07/2025,09:12:07,11972.78,0,0,0,0,0,0
ENERGY.BSE_IDX,01/07/2025,09:12:16,11972.78,0,0,0,0,0,0
ENERGY.BSE_IDX,01/07/2025,09:12:23,11972.78,0,0,0,0,0,0
ENERGY.BSE_IDX,01/07/2025,09:12:31,11972.78,0,0,0,0,0,0
ENERGY.BSE_IDX,01/07/2025,09:12:39,11972.78,0,0,0,0,0,0
ENERGY.BSE_IDX,01/07/2025,09:12:47,11972.78,0,0,0,0,0,0
ENERGY.BSE_IDX,01/07/2025,09:12:55,11972.78,0,0,0,0,0,0
ENERGY.BSE_IDX,01/07/2025,09:13:03,11972.78,0,0,0,0,0,0
ENERGY.BSE_IDX,01/07/2025,09:13:11,11972.78,0,0,0,0,0,0
ENERGY.BSE_IDX,01/07/2025,09:13:19,11972.78,0,0,0,0,0,0
ENERGY.BSE_IDX,01/07/2025,09:13:27,11972.78,0,0,0,0,0,0
ENERGY.BSE_IDX,01/07/2025,09:13:35,11972.78,0,0,0,0,0,0
ENERGY.BSE_IDX,01/07/2025,09:13:43,11972.78,0,0,0,0,0,0
ENERGY.BSE_IDX,01/07/2025,09:13:51,11972.78,0,0,0,0,0,0
ENERGY.BSE_IDX,01/07/2025,09:13:59,11972.78,0,0,0,0,0,0
ENERGY.BSE_IDX,01/07/2025,09:14:07,11972.78,0,0,0,0,0,0
ENERGY.BSE_IDX,01/07/2025,09:14:15,11972.78,0,0,0,0,0,0
ENERGY.BSE_IDX,01/07/2025,09:14:23,11972.78,0,0,0,0,0,0
ENERGY.BSE_IDX,01/07/2025,09:14:31,11972.78,0,0,0,0,0,0
ENERGY.BSE_IDX,01/07/2025,09:14:39,11972.78,0,0,0,0,0,0
ENERGY.BSE_IDX,01/07/2025,09:14:47,11972.78,0,0,0,0,0,0
ENERGY.BSE_IDX,01/07/2025,09:14:55,11972.78,0,0,0,0,0,0
ENERGY.BSE_IDX,01/07/2025,09:15:04,11971.1,0,0,0,0,0,0
ENERGY.BSE_IDX,01/07/2025,09:15:11,11974.96,0,0,0,0,0,0
ENERGY.BSE_IDX,01/07/2025,09:15:19,11959.7,0,0,0,0,0,0
ENERGY.BSE_IDX,01/07/2025,09:15:27,11958.2,0,0,0,0,0,0
ENERGY.BSE_IDX,01/07/2025,09:15:35,11952.73,0,0,0,0,0,0
ENERGY.BSE_IDX,01/07/2025,09:15:43,11949.98,0,0,0,0,0,0
ENERGY.BSE_IDX,01/07/2025,09:15:51,11947.02,0,0,0,0,0,0
ENERGY.BSE_IDX,01/07/2025,09:15:59,11948.04,0,0,0,0,0,0
ENERGY.BSE_IDX,01/07/2025,09:16:07,11939.41,0,0,0,0,0,0
ENERGY.BSE_IDX,01/07/2025,09:16:15,11946.14,0,0,0,0,0,0
ENERGY.BSE_IDX,01/07/2025,09:16:24,11948.56,0,0,0,0,0,0
ENERGY.BSE_IDX,01/07/2025,09:16:31,11948.13,0,0,0,0,0,0
ENERGY.BSE_IDX,01/07/2025,09:16:39,11944.67,0,0,0,0,0,0
ENERGY.BSE_IDX,01/07/2025,09:16:48,11943.2,0,0,0,0,0,0
ENERGY.BSE_IDX,01/07/2025,09:16:55,11944.91,0,0,0,0,0,0
ENERGY.BSE_IDX,01/07/2025,09:17:03,11948.34,0,0,0,0,0,0
ENERGY.BSE_IDX,01/07/2025,09:17:12,11952.77,0,0,0,0,0,0
ENERGY.BSE_IDX,01/07/2025,09:17:19,11954.99,0,0,0,0,0,0
ENERGY.BSE_IDX,01/07/2025,09:17:27,11963.04,0,0,0,0,0,0
ENERGY.BSE_IDX,01/07/2025,09:17:35,11960.74,0,0,0,0,0,0
ENERGY.BSE_IDX,01/07/2025,09:17:44,11963.45,0,0,0,0,0,0
ENERGY.BSE_IDX,01/07/2025,09:17:51,11964.27,0,0,0,0,0,0
ENERGY.BSE_IDX,01/07/2025,09:17:59,11963,0,0,0,0,0,0
ENERGY.BSE_IDX,01/07/2025,09:18:07,11965.01,0,0,0,0,0,0
ENERGY.BSE_IDX,01/07/2025,09:18:15,11970.52,0,0,0,0,0,0
ENERGY.BSE_IDX,01/07/2025,09:18:23,11969.06,0,0,0,0,0,0
ENERGY.BSE_IDX,01/07/2025,09:18:31,11967.85,0,0,0,0,0,0
ENERGY.BSE_IDX,01/07/2025,09:18:39,11966.67,0,0,0,0,0,0
ENERGY.BSE_IDX,01/07/2025,09:18:47,11970.01,0,0,0,0,0,0
ENERGY.BSE_IDX,01/07/2025,09:18:56,11971.08,0,0,0,0,0,0
ENERGY.BSE_IDX,01/07/2025,09:19:03,11971.7,0,0,0,0,0,0
ENERGY.BSE_IDX,01/07/2025,09:19:11,11968.86,0,0,0,0,0,0
ENERGY.BSE_IDX,01/07/2025,09:19:19,11972.16,0,0,0,0,0,0
ENERGY.BSE_IDX,01/07/2025,09:19:28,11971.82,0,0,0,0,0,0
ENERGY.BSE_IDX,01/07/2025,09:19:35,11975.52,0,0,0,0,0,0
ENERGY.BSE_IDX,01/07/2025,09:19:43,11972.09,0,0,0,0,0,0
ENERGY.BSE_IDX,01/07/2025,09:19:52,11975.49,0,0,0,0,0,0
ENERGY.BSE_IDX,01/07/2025,09:19:59,11972.87,0,0,0,0,0,0
ENERGY.BSE_IDX,01/07/2025,09:20:07,11972.54,0,0,0,0,0,0
ENERGY.BSE_IDX,01/07/2025,09:20:15,11975.3,0,0,0,0,0,0
ENERGY.BSE_IDX,01/07/2025,09:20:24,11974.59,0,0,0,0,0,0
ENERGY.BSE_IDX,01/07/2025,09:20:31,11975.3,0,0,0,0,0,0
ENERGY.BSE_IDX,01/07/2025,09:20:39,11976.94,0,0,0,0,0,0
ENERGY.BSE_IDX,01/07/2025,09:20:47,11975.4,0,0,0,0,0,0
ENERGY.BSE_IDX,01/07/2025,09:20:55,11976.79,0,0,0,0,0,0
ENERGY.BSE_IDX,01/07/2025,09:21:03,11975.25,0,0,0,0,0,0
ENERGY.BSE_IDX,01/07/2025,09:21:11,11975.64,0,0,0,0,0,0
ENERGY.BSE_IDX,01/07/2025,09:21:19,11978.48,0,0,0,0,0,0
ENERGY.BSE_IDX,01/07/2025,09:21:27,11977.75,0,0,0,0,0,0
ENERGY.BSE_IDX,01/07/2025,09:21:36,11976.74,0,0,0,0,0,0
ENERGY.BSE_IDX,01/07/2025,09:21:43,11978.63,0,0,0,0,0,0
ENERGY.BSE_IDX,01/07/2025,09:21:51,11978.71,0,0,0,0,0,0
ENERGY.BSE_IDX,01/07/2025,09:21:59,11979.13,0,0,0,0,0,0
ENERGY.BSE_IDX,01/07/2025,09:22:07,11978.04,0,0,0,0,0,0
ENERGY.BSE_IDX,01/07/2025,09:22:15,11977.53,0,0,0,0,0,0
ENERGY.BSE_IDX,01/07/2025,09:22:23,11982.24,0,0,0,0,0,0
ENERGY.BSE_IDX,01/07/2025,09:22:31,11984.94,0,0,0,0,0,0
ENERGY.BSE_IDX,01/07/2025,09:22:39,11986.68,0,0,0,0,0,0
ENERGY.BSE_IDX,01/07/2025,09:22:47,11984.7,0,0,0,0,0,0
ENERGY.BSE_IDX,01/07/2025,09:22:55,11985.88,0,0,0,0,0,0
ENERGY.BSE_IDX,01/07/2025,09:23:03,11986.23,0,0,0,0,0,0
ENERGY.BSE_IDX,01/07/2025,09:23:11,11982.98,0,0,0,0,0,0
ENERGY.BSE_IDX,01/07/2025,09:23:19,11983.41,0,0,0,0,0,0
ENERGY.BSE_IDX,01/07/2025,09:23:27,11984.1,0,0,0,0,0,0
ENERGY.BSE_IDX,01/07/2025,09:23:35,11981.1,0,0,0,0,0,0
ENERGY.BSE_IDX,01/07/2025,09:23:44,11984,0,0,0,0,0,0
ENERGY.BSE_IDX,01/07/2025,09:23:51,11981.45,0,0,0,0,0,0
ENERGY.BSE_IDX,01/07/2025,09:23:59,11981.09,0,0,0,0,0,0
ENERGY.BSE_IDX,01/07/2025,09:24:08,11985.96,0,0,0,0,0,0
ENERGY.BSE_IDX,01/07/2025,09:24:15,11989.66,0,0,0,0,0,0
ENERGY.BSE_IDX,01/07/2025,09:24:23,11989.25,0,0,0,0,0,0
ENERGY.BSE_IDX,01/07/2025,09:24:32,11989.95,0,0,0,0,0,0
ENERGY.BSE_IDX,01/07/2025,09:24:39,11990.73,0,0,0,0,0,0
ENERGY.BSE_IDX,01/07/2025,09:24:48,11993.59,0,0,0,0,0,0
ENERGY.BSE_IDX,01/07/2025,09:24:57,11994.7,0,0,0,0,0,0
ENERGY.BSE_IDX,01/07/2025,09:25:03,11993.21,0,0,0,0,0,0
ENERGY.BSE_IDX,01/07/2025,09:25:12,11993.76,0,0,0,0,0,0
ENERGY.BSE_IDX,01/07/2025,09:25:19,11994.98,0,0,0,0,0,0
ENERGY.BSE_IDX,01/07/2025,09:25:29,11999.3,0,0,0,0,0,0
ENERGY.BSE_IDX,01/07/2025,09:25:35,12002.68,0,0,0,0,0,0
ENERGY.BSE_IDX,01/07/2025,09:25:43,12002.53,0,0,0,0,0,0
ENERGY.BSE_IDX,01/07/2025,09:25:51,12001.83,0,0,0,0,0,0
ENERGY.BSE_IDX,01/07/2025,09:25:59,12004.34,0,0,0,0,0,0
ENERGY.BSE_IDX,01/07/2025,09:26:08,12006.27,0,0,0,0,0,0
ENERGY.BSE_IDX,01/07/2025,09:26:15,12003.93,0,0,0,0,0,0
ENERGY.BSE_IDX,01/07/2025,09:26:24,12008.51,0,0,0,0,0,0
ENERGY.BSE_IDX,01/07/2025,09:26:31,12007.42,0,0,0,0,0,0
ENERGY.BSE_IDX,01/07/2025,09:26:39,12004.99,0,0,0,0,0,0
ENERGY.BSE_IDX,01/07/2025,09:26:48,12004.12,0,0,0,0,0,0
ENERGY.BSE_IDX,01/07/2025,09:26:55,12008.84,0,0,0,0,0,0
ENERGY.BSE_IDX,01/07/2025,09:27:04,12012.76,0,0,0,0,0,0
ENERGY.BSE_IDX,01/07/2025,09:27:12,12010.11,0,0,0,0,0,0
ENERGY.BSE_IDX,01/07/2025,09:27:19,12012.85,0,0,0,0,0,0
ENERGY.BSE_IDX,01/07/2025,09:27:28,12011.79,0,0,0,0,0,0
ENERGY.BSE_IDX,01/07/2025,09:27:36,12010.73,0,0,0,0,0,0
ENERGY.BSE_IDX,01/07/2025,09:27:44,12009.35,0,0,0,0,0,0
ENERGY.BSE_IDX,01/07/2025,09:27:51,12009.32,0,0,0,0,0,0
ENERGY.BSE_IDX,01/07/2025,09:28:00,12010.92,0,0,0,0,0,0
ENERGY.BSE_IDX,01/07/2025,09:28:08,12008.25,0,0,0,0,0,0
ENERGY.BSE_IDX,01/07/2025,09:28:16,12009.49,0,0,0,0,0,0
ENERGY.BSE_IDX,01/07/2025,09:28:24,12008.75,0,0,0,0,0,0
ENERGY.BSE_IDX,01/07/2025,09:28:32,12011.58,0,0,0,0,0,0
ENERGY.BSE_IDX,01/07/2025,09:28:40,12009.4,0,0,0,0,0,0
ENERGY.BSE_IDX,01/07/2025,09:28:48,12010.06,0,0,0,0,0,0
ENERGY.BSE_IDX,01/07/2025,09:28:56,12008.56,0,0,0,0,0,0
ENERGY.BSE_IDX,01/07/2025,09:29:04,12010.55,0,0,0,0,0,0
ENERGY.BSE_IDX,01/07/2025,09:29:12,12012.39,0,0,0,0,0,0
ENERGY.BSE_IDX,01/07/2025,09:29:20,12010.54,0,0,0,0,0,0
ENERGY.BSE_IDX,01/07/2025,09:29:28,12012,0,0,0,0,0,0
ENERGY.BSE_IDX,01/07/2025,09:29:36,12011.68,0,0,0,0,0,0
ENERGY.BSE_IDX,01/07/2025,09:29:44,12009.02,0,0,0,0,0,0
ENERGY.BSE_IDX,01/07/2025,09:29:52,12009.52,0,0,0,0,0,0
ENERGY.BSE_IDX,01/07/2025,09:30:00,12009.98,0,0,0,0,0,0
ENERGY.BSE_IDX,01/07/2025,09:30:08,12011.3,0,0,0,0,0,0
ENERGY.BSE_IDX,01/07/2025,09:30:16,12016.8,0,0,0,0,0,0
ENERGY.BSE_IDX,01/07/2025,09:30:24,12017.11,0,0,0,0,0,0
ENERGY.BSE_IDX,01/07/2025,09:30:32,12019.52,0,0,0,0,0,0
ENERGY.BSE_IDX,01/07/2025,09:30:40,12021.52,0,0,0,0,0,0
ENERGY.BSE_IDX,01/07/2025,09:30:48,12021.01,0,0,0,0,0,0
ENERGY.BSE_IDX,01/07/2025,09:30:56,12020.42,0,0,0,0,0,0
ENERGY.BSE_IDX,01/07/2025,09:31:04,12018.82,0,0,0,0,0,0
ENERGY.BSE_IDX,01/07/2025,09:31:12,12013.87,0,0,0,0,0,0
ENERGY.BSE_IDX,01/07/2025,09:31:20,12012.31,0,0,0,0,0,0
ENERGY.BSE_IDX,01/07/2025,09:31:28,12010.17,0,0,0,0,0,0
ENERGY.BSE_IDX,01/07/2025,09:31:36,12008.57,0,0,0,0,0,0
ENERGY.BSE_IDX,01/07/2025,09:31:44,12004.7,0,0,0,0,0,0
ENERGY.BSE_IDX,01/07/2025,09:31:52,12003.92,0,0,0,0,0,0
ENERGY.BSE_IDX,01/07/2025,09:32:00,12005.99,0,0,0,0,0,0
ENERGY.BSE_IDX,01/07/2025,09:32:08,12003.76,0,0,0,0,0,0
ENERGY.BSE_IDX,01/07/2025,09:32:16,12002.42,0,0,0,0,0,0
ENERGY.BSE_IDX,01/07/2025,09:32:24,12001.08,0,0,0,0,0,0
ENERGY.BSE_IDX,01/07/2025,09:32:32,12001.8,0,0,0,0,0,0
ENERGY.BSE_IDX,01/07/2025,09:32:40,12000.7,0,0,0,0,0,0
ENERGY.BSE_IDX,01/07/2025,09:32:48,12002.35,0,0,0,0,0,0
ENERGY.BSE_IDX,01/07/2025,09:32:56,12005.31,0,0,0,0,0,0
ENERGY.BSE_IDX,01/07/2025,09:33:04,12005.38,0,0,0,0,0,0
ENERGY.BSE_IDX,01/07/2025,09:33:12,12001.93,0,0,0,0,0,0
ENERGY.BSE_IDX,01/07/2025,09:33:20,12001.6,0,0,0,0,0,0
ENERGY.BSE_IDX,01/07/2025,09:33:28,12004.96,0,0,0,0,0,0
ENERGY.BSE_IDX,01/07/2025,09:33:36,12005.29,0,0,0,0,0,0
ENERGY.BSE_IDX,01/07/2025,09:33:44,12004.61,0,0,0,0,0,0
ENERGY.BSE_IDX,01/07/2025,09:33:52,12003.54,0,0,0,0,0,0
ENERGY.BSE_IDX,01/07/2025,09:34:00,12002.67,0,0,0,0,0,0
ENERGY.BSE_IDX,01/07/2025,09:34:08,12002.55,0,0,0,0,0,0
ENERGY.BSE_IDX,01/07/2025,09:34:16,12003.84,0,0,0,0,0,0
ENERGY.BSE_IDX,01/07/2025,09:34:24,12005.4,0,0,0,0,0,0
ENERGY.BSE_IDX,01/07/2025,09:34:32,12005.38,0,0,0,0,0,0
ENERGY.BSE_IDX,01/07/2025,09:34:40,12006.3,0,0,0,0,0,0
ENERGY.BSE_IDX,01/07/2025,09:34:48,12007.37,0,0,0,0,0,0
ENERGY.BSE_IDX,01/07/2025,09:34:56,12009.13,0,0,0,0,0,0
ENERGY.BSE_IDX,01/07/2025,09:35:05,12007.7,0,0,0,0,0,0
ENERGY.BSE_IDX,01/07/2025,09:35:12,12007.19,0,0,0,0,0,0
ENERGY.BSE_IDX,01/07/2025,09:35:20,12004.12,0,0,0,0,0,0
ENERGY.BSE_IDX,01/07/2025,09:35:28,12003.27,0,0,0,0,0,0
ENERGY.BSE_IDX,01/07/2025,09:35:36,12004.09,0,0,0,0,0,0
ENERGY.BSE_IDX,01/07/2025,09:35:44,12003.94,0,0,0,0,0,0
ENERGY.BSE_IDX,01/07/2025,09:35:52,12000.53,0,0,0,0,0,0
ENERGY.BSE_IDX,01/07/2025,09:36:00,12000.12,0,0,0,0,0,0
ENERGY.BSE_IDX,01/07/2025,09:36:08,11999.43,0,0,0,0,0,0
ENERGY.BSE_IDX,01/07/2025,09:36:16,11998.16,0,0,0,0,0,0
ENERGY.BSE_IDX,01/07/2025,09:36:24,11997.84,0,0,0,0,0,0
ENERGY.BSE_IDX,01/07/2025,09:36:33,11996.58,0,0,0,0,0,0
ENERGY.BSE_IDX,01/07/2025,09:36:40,11994.47,0,0,0,0,0,0
ENERGY.BSE_IDX,01/07/2025,09:36:48,11998.43,0,0,0,0,0,0
ENERGY.BSE_IDX,01/07/2025,09:36:56,11996.11,0,0,0,0,0,0
ENERGY.BSE_IDX,01/07/2025,09:37:04,11999.52,0,0,0,0,0,0
ENERGY.BSE_IDX,01/07/2025,09:37:12,11998.36,0,0,0,0,0,0
ENERGY.BSE_IDX,01/07/2025,09:37:20,12000.18,0,0,0,0,0,0
ENERGY.BSE_IDX,01/07/2025,09:37:28,12001.67,0,0,0,0,0,0
ENERGY.BSE_IDX,01/07/2025,09:37:36,11998.95,0,0,0,0,0,0
ENERGY.BSE_IDX,01/07/2025,09:37:44,12003.14,0,0,0,0,0,0
ENERGY.BSE_IDX,01/07/2025,09:37:52,12000.08,0,0,0,0,0,0
ENERGY.BSE_IDX,01/07/2025,09:38:00,12002.14,0,0,0,0,0,0
ENERGY.BSE_IDX,01/07/2025,09:38:08,11997.07,0,0,0,0,0,0
ENERGY.BSE_IDX,01/07/2025,09:38:16,11994.92,0,0,0,0,0,0
ENERGY.BSE_IDX,01/07/2025,09:38:24,11998.8,0,0,0,0,0,0
ENERGY.BSE_IDX,01/07/2025,09:38:32,11995.62,0,0,0,0,0,0
ENERGY.BSE_IDX,01/07/2025,09:38:40,11995.73,0,0,0,0,0,0
ENERGY.BSE_IDX,01/07/2025,09:38:48,11995.34,0,0,0,0,0,0
ENERGY.BSE_IDX,01/07/2025,09:38:56,11995.68,0,0,0,0,0,0
ENERGY.BSE_IDX,01/07/2025,09:39:04,11992.94,0,0,0,0,0,0
ENERGY.BSE_IDX,01/07/2025,09:39:12,11994.67,0,0,0,0,0,0
ENERGY.BSE_IDX,01/07/2025,09:39:20,11993.32,0,0,0,0,0,0
ENERGY.BSE_IDX,01/07/2025,09:39:28,11992.6,0,0,0,0,0,0
ENERGY.BSE_IDX,01/07/2025,09:39:36,11992.77,0,0,0,0,0,0
ENERGY.BSE_IDX,01/07/2025,09:39:44,11995.42,0,0,0,0,0,0
ENERGY.BSE_IDX,01/07/2025,09:39:52,11997.98,0,0,0,0,0,0
ENERGY.BSE_IDX,01/07/2025,09:40:00,11998.65,0,0,0,0,0,0
ENERGY.BSE_IDX,01/07/2025,09:40:08,12000.22,0,0,0,0,0,0
ENERGY.BSE_IDX,01/07/2025,09:40:16,11999.88,0,0,0,0,0,0
ENERGY.BSE_IDX,01/07/2025,09:40:24,12004.08,0,0,0,0,0,0
ENERGY.BSE_IDX,01/07/2025,09:40:32,12002.52,0,0,0,0,0,0
ENERGY.BSE_IDX,01/07/2025,09:40:40,12002.82,0,0,0,0,0,0
ENERGY.BSE_IDX,01/07/2025,09:40:48,12001.68,0,0,0,0,0,0
ENERGY.BSE_IDX,01/07/2025,09:40:56,12003.68,0,0,0,0,0,0
ENERGY.BSE_IDX,01/07/2025,09:41:04,12001.74,0,0,0,0,0,0
ENERGY.BSE_IDX,01/07/2025,09:41:12,12001.25,0,0,0,0,0,0
ENERGY.BSE_IDX,01/07/2025,09:41:20,12002.56,0,0,0,0,0,0
ENERGY.BSE_IDX,01/07/2025,09:41:28,12002.15,0,0,0,0,0,0
ENERGY.BSE_IDX,01/07/2025,09:41:36,12001.9,0,0,0,0,0,0
ENERGY.BSE_IDX,01/07/2025,09:41:44,11999.78,0,0,0,0,0,0
ENERGY.BSE_IDX,01/07/2025,09:41:52,11998.25,0,0,0,0,0,0
ENERGY.BSE_IDX,01/07/2025,09:42:00,11996.92,0,0,0,0,0,0
ENERGY.BSE_IDX,01/07/2025,09:42:08,11997.62,0,0,0,0,0,0
ENERGY.BSE_IDX,01/07/2025,09:42:16,11994.69,0,0,0,0,0,0
ENERGY.BSE_IDX,01/07/2025,09:42:24,11991.23,0,0,0,0,0,0
ENERGY.BSE_IDX,01/07/2025,09:42:32,11988.42,0,0,0,0,0,0
ENERGY.BSE_IDX,01/07/2025,09:42:40,11988.44,0,0,0,0,0,0
ENERGY.BSE_IDX,01/07/2025,09:42:48,11989.85,0,0,0,0,0,0
ENERGY.BSE_IDX,01/07/2025,09:42:56,11995.7,0,0,0,0,0,0
ENERGY.BSE_IDX,01/07/2025,09:43:04,11995.35,0,0,0,0,0,0
ENERGY.BSE_IDX,01/07/2025,09:43:12,11995.59,0,0,0,0,0,0
ENERGY.BSE_IDX,01/07/2025,09:43:20,11995.03,0,0,0,0,0,0
ENERGY.BSE_IDX,01/07/2025,09:43:28,11996.59,0,0,0,0,0,0
ENERGY.BSE_IDX,01/07/2025,09:43:36,11996.54,0,0,0,0,0,0
ENERGY.BSE_IDX,01/07/2025,09:43:44,11996.89,0,0,0,0,0,0
ENERGY.BSE_IDX,01/07/2025,09:43:53,11995.74,0,0,0,0,0,0
ENERGY.BSE_IDX,01/07/2025,09:44:00,11996.33,0,0,0,0,0,0
ENERGY.BSE_IDX,01/07/2025,09:44:08,11996.42,0,0,0,0,0,0
ENERGY.BSE_IDX,01/07/2025,09:44:16,11996.38,0,0,0,0,0,0
ENERGY.BSE_IDX,01/07/2025,09:44:24,11999.91,0,0,0,0,0,0
ENERGY.BSE_IDX,01/07/2025,09:44:32,11998.96,0,0,0,0,0,0
ENERGY.BSE_IDX,01/07/2025,09:44:40,11998.77,0,0,0,0,0,0
ENERGY.BSE_IDX,01/07/2025,09:44:48,11999.8,0,0,0,0,0,0
ENERGY.BSE_IDX,01/07/2025,09:44:56,11998.77,0,0,0,0,0,0
ENERGY.BSE_IDX,01/07/2025,09:45:05,11997.28,0,0,0,0,0,0
ENERGY.BSE_IDX,01/07/2025,09:45:12,11997.02,0,0,0,0,0,0
ENERGY.BSE_IDX,01/07/2025,09:45:20,11995.97,0,0,0,0,0,0
ENERGY.BSE_IDX,01/07/2025,09:45:28,11999.14,0,0,0,0,0,0
ENERGY.BSE_IDX,01/07/2025,09:45:36,11999.57,0,0,0,0,0,0
ENERGY.BSE_IDX,01/07/2025,09:45:44,11997.91,0,0,0,0,0,0
ENERGY.BSE_IDX,01/07/2025,09:45:52,11998.59,0,0,0,0,0,0
ENERGY.BSE_IDX,01/07/2025,09:46:01,12000.07,0,0,0,0,0,0
ENERGY.BSE_IDX,01/07/2025,09:46:08,11999.05,0,0,0,0,0,0
ENERGY.BSE_IDX,01/07/2025,09:46:16,12001.47,0,0,0,0,0,0
ENERGY.BSE_IDX,01/07/2025,09:46:24,11998.69,0,0,0,0,0,0
ENERGY.BSE_IDX,01/07/2025,09:46:32,11997.83,0,0,0,0,0,0
ENERGY.BSE_IDX,01/07/2025,09:46:40,12000.41,0,0,0,0,0,0
ENERGY.BSE_IDX,01/07/2025,09:46:48,12000.1,0,0,0,0,0,0
ENERGY.BSE_IDX,01/07/2025,09:46:56,11999.7,0,0,0,0,0,0
ENERGY.BSE_IDX,01/07/2025,09:47:04,11997.41,0,0,0,0,0,0
ENERGY.BSE_IDX,01/07/2025,09:47:12,11998.12,0,0,0,0,0,0
ENERGY.BSE_IDX,01/07/2025,09:47:20,11998.48,0,0,0,0,0,0
ENERGY.BSE_IDX,01/07/2025,09:47:28,11997.96,0,0,0,0,0,0
ENERGY.BSE_IDX,01/07/2025,09:47:36,11996.91,0,0,0,0,0,0
ENERGY.BSE_IDX,01/07/2025,09:47:44,11998.88,0,0,0,0,0,0
ENERGY.BSE_IDX,01/07/2025,09:47:52,11998.18,0,0,0,0,0,0
ENERGY.BSE_IDX,01/07/2025,09:48:00,12003.04,0,0,0,0,0,0
ENERGY.BSE_IDX,01/07/2025,09:48:08,12004.89,0,0,0,0,0,0
ENERGY.BSE_IDX,01/07/2025,09:48:16,12006.23,0,0,0,0,0,0
ENERGY.BSE_IDX,01/07/2025,09:48:24,12006.27,0,0,0,0,0,0
ENERGY.BSE_IDX,01/07/2025,09:48:32,12007.35,0,0,0,0,0,0
ENERGY.BSE_IDX,01/07/2025,09:48:40,12007.36,0,0,0,0,0,0
ENERGY.BSE_IDX,01/07/2025,09:48:48,12005.72,0,0,0,0,0,0
ENERGY.BSE_IDX,01/07/2025,09:48:56,12005.23,0,0,0,0,0,0
ENERGY.BSE_IDX,01/07/2025,09:49:04,12003.6,0,0,0,0,0,0
ENERGY.BSE_IDX,01/07/2025,09:49:12,12006.22,0,0,0,0,0,0
ENERGY.BSE_IDX,01/07/2025,09:49:20,12006.08,0,0,0,0,0,0
ENERGY.BSE_IDX,01/07/2025,09:49:28,12010.99,0,0,0,0,0,0
ENERGY.BSE_IDX,01/07/2025,09:49:36,12011.05,0,0,0,0,0,0
ENERGY.BSE_IDX,01/07/2025,09:49:44,12012.92,0,0,0,0,0,0
ENERGY.BSE_IDX,01/07/2025,09:49:52,12012.83,0,0,0,0,0,0
ENERGY.BSE_IDX,01/07/2025,09:50:00,12012.88,0,0,0,0,0,0
ENERGY.BSE_IDX,01/07/2025,09:50:08,12013.37,0,0,0,0,0,0
ENERGY.BSE_IDX,01/07/2025,09:50:16,12012.75,0,0,0,0,0,0
ENERGY.BSE_IDX,01/07/2025,09:50:24,12014.02,0,0,0,0,0,0
ENERGY.BSE_IDX,01/07/2025,09:50:32,12012.65,0,0,0,0,0,0
ENERGY.BSE_IDX,01/07/2025,09:50:40,12009.48,0,0,0,0,0,0
ENERGY.BSE_IDX,01/07/2025,09:50:48,12010.16,0,0,0,0,0,0
ENERGY.BSE_IDX,01/07/2025,09:50:57,12003.61,0,0,0,0,0,0
ENERGY.BSE_IDX,01/07/2025,09:51:04,12005.19,0,0,0,0,0,0
ENERGY.BSE_IDX,01/07/2025,09:51:12,12008.33,0,0,0,0,0,0
ENERGY.BSE_IDX,01/07/2025,09:51:20,12006.04,0,0,0,0,0,0
ENERGY.BSE_IDX,01/07/2025,09:51:28,12007.93,0,0,0,0,0,0
ENERGY.BSE_IDX,01/07/2025,09:51:37,12004.2,0,0,0,0,0,0
ENERGY.BSE_IDX,01/07/2025,09:51:44,12003.47,0,0,0,0,0,0
ENERGY.BSE_IDX,01/07/2025,09:51:52,12004.57,0,0,0,0,0,0
ENERGY.BSE_IDX,01/07/2025,09:52:01,12003.54,0,0,0,0,0,0
ENERGY.BSE_IDX,01/07/2025,09:52:08,12001.95,0,0,0,0,0,0
ENERGY.BSE_IDX,01/07/2025,09:52:17,12000.93,0,0,0,0,0,0
ENERGY.BSE_IDX,01/07/2025,09:52:24,11999.08,0,0,0,0,0,0
ENERGY.BSE_IDX,01/07/2025,09:52:32,12002.01,0,0,0,0,0,0
ENERGY.BSE_IDX,01/07/2025,09:52:40,12003.62,0,0,0,0,0,0
ENERGY.BSE_IDX,01/07/2025,09:52:48,12002.57,0,0,0,0,0,0
ENERGY.BSE_IDX,01/07/2025,09:52:57,12003.23,0,0,0,0,0,0
ENERGY.BSE_IDX,01/07/2025,09:53:04,12002.7,0,0,0,0,0,0
ENERGY.BSE_IDX,01/07/2025,09:53:13,12001.54,0,0,0,0,0,0
ENERGY.BSE_IDX,01/07/2025,09:53:20,12000.73,0,0,0,0,0,0
ENERGY.BSE_IDX,01/07/2025,09:53:28,11998.85,0,0,0,0,0,0
ENERGY.BSE_IDX,01/07/2025,09:53:36,11998.93,0,0,0,0,0,0
ENERGY.BSE_IDX,01/07/2025,09:53:44,11994.36,0,0,0,0,0,0
ENERGY.BSE_IDX,01/07/2025,09:53:52,11993.61,0,0,0,0,0,0
ENERGY.BSE_IDX,01/07/2025,09:54:00,11991.66,0,0,0,0,0,0
ENERGY.BSE_IDX,01/07/2025,09:54:08,11990.7,0,0,0,0,0,0
ENERGY.BSE_IDX,01/07/2025,09:54:16,11994.71,0,0,0,0,0,0
ENERGY.BSE_IDX,01/07/2025,09:54:24,11993.55,0,0,0,0,0,0
ENERGY.BSE_IDX,01/07/2025,09:54:32,11994.66,0,0,0,0,0,0
ENERGY.BSE_IDX,01/07/2025,09:54:40,11994.58,0,0,0,0,0,0
ENERGY.BSE_IDX,01/07/2025,09:54:48,11994.61,0,0,0,0,0,0
ENERGY.BSE_IDX,01/07/2025,09:54:56,11994.21,0,0,0,0,0,0
ENERGY.BSE_IDX,01/07/2025,09:55:04,11992.74,0,0,0,0,0,0
ENERGY.BSE_IDX,01/07/2025,09:55:12,11991.26,0,0,0,0,0,0
ENERGY.BSE_IDX,01/07/2025,09:55:20,11990.42,0,0,0,0,0,0
ENERGY.BSE_IDX,01/07/2025,09:55:28,11991.15,0,0,0,0,0,0
ENERGY.BSE_IDX,01/07/2025,09:55:36,11992.81,0,0,0,0,0,0
ENERGY.BSE_IDX,01/07/2025,09:55:44,11992.3,0,0,0,0,0,0
ENERGY.BSE_IDX,01/07/2025,09:55:52,11991.17,0,0,0,0,0,0
ENERGY.BSE_IDX,01/07/2025,09:56:00,11992.54,0,0,0,0,0,0
ENERGY.BSE_IDX,01/07/2025,09:56:08,11992.86,0,0,0,0,0,0
ENERGY.BSE_IDX,01/07/2025,09:56:16,11990.73,0,0,0,0,0,0
ENERGY.BSE_IDX,01/07/2025,09:56:25,11994.5,0,0,0,0,0,0
ENERGY.BSE_IDX,01/07/2025,09:56:32,11993.07,0,0,0,0,0,0
ENERGY.BSE_IDX,01/07/2025,09:56:41,11991.39,0,0,0,0,0,0
ENERGY.BSE_IDX,01/07/2025,09:56:48,11993.83,0,0,0,0,0,0
ENERGY.BSE_IDX,01/07/2025,09:56:57,11990.7,0,0,0,0,0,0
ENERGY.BSE_IDX,01/07/2025,09:57:04,11991.45,0,0,0,0,0,0
ENERGY.BSE_IDX,01/07/2025,09:57:12,11991.32,0,0,0,0,0,0
ENERGY.BSE_IDX,01/07/2025,09:57:20,11993.23,0,0,0,0,0,0
ENERGY.BSE_IDX,01/07/2025,09:57:28,11991.04,0,0,0,0,0,0
ENERGY.BSE_IDX,01/07/2025,09:57:36,11991.65,0,0,0,0,0,0
ENERGY.BSE_IDX,01/07/2025,09:57:44,11992.63,0,0,0,0,0,0
ENERGY.BSE_IDX,01/07/2025,09:57:52,11992.51,0,0,0,0,0,0
ENERGY.BSE_IDX,01/07/2025,09:58:00,11991.61,0,0,0,0,0,0
ENERGY.BSE_IDX,01/07/2025,09:58:08,11991.33,0,0,0,0,0,0
ENERGY.BSE_IDX,01/07/2025,09:58:16,11991.01,0,0,0,0,0,0
ENERGY.BSE_IDX,01/07/2025,09:58:24,11991.04,0,0,0,0,0,0
ENERGY.BSE_IDX,01/07/2025,09:58:32,11991.85,0,0,0,0,0,0
ENERGY.BSE_IDX,01/07/2025,09:58:40,11993.27,0,0,0,0,0,0
ENERGY.BSE_IDX,01/07/2025,09:58:48,11995.81,0,0,0,0,0,0
ENERGY.BSE_IDX,01/07/2025,09:58:56,11995.27,0,0,0,0,0,0
ENERGY.BSE_IDX,01/07/2025,09:59:05,11993.08,0,0,0,0,0,0
ENERGY.BSE_IDX,01/07/2025,09:59:12,11993.09,0,0,0,0,0,0
ENERGY.BSE_IDX,01/07/2025,09:59:20,11992.93,0,0,0,0,0,0
ENERGY.BSE_IDX,01/07/2025,09:59:28,11994.98,0,0,0,0,0,0
ENERGY.BSE_IDX,01/07/2025,09:59:36,11993.68,0,0,0,0,0,0
ENERGY.BSE_IDX,01/07/2025,09:59:45,11995.05,0,0,0,0,0,0
ENERGY.BSE_IDX,01/07/2025,09:59:52,11995.56,0,0,0,0,0,0
ENERGY.BSE_IDX,01/07/2025,10:00:00,11991.81,0,0,0,0,0,0
ENERGY.BSE_IDX,01/07/2025,10:00:08,11994.53,0,0,0,0,0,0
ENERGY.BSE_IDX,01/07/2025,10:00:16,11996.29,0,0,0,0,0,0
ENERGY.BSE_IDX,01/07/2025,10:00:24,11995.68,0,0,0,0,0,0
ENERGY.BSE_IDX,01/07/2025,10:00:32,11993.74,0,0,0,0,0,0
ENERGY.BSE_IDX,01/07/2025,10:00:40,11993.75,0,0,0,0,0,0
ENERGY.BSE_IDX,01/07/2025,10:00:48,11993.81,0,0,0,0,0,0
ENERGY.BSE_IDX,01/07/2025,10:00:56,11995.51,0,0,0,0,0,0
ENERGY.BSE_IDX,01/07/2025,10:01:04,11994.36,0,0,0,0,0,0
ENERGY.BSE_IDX,01/07/2025,10:01:12,11990.27,0,0,0,0,0,0
ENERGY.BSE_IDX,01/07/2025,10:01:21,11990.32,0,0,0,0,0,0
ENERGY.BSE_IDX,01/07/2025,10:01:28,11988.47,0,0,0,0,0,0
ENERGY.BSE_IDX,01/07/2025,10:01:36,11988.22,0,0,0,0,0,0
ENERGY.BSE_IDX,01/07/2025,10:01:44,11987.67,0,0,0,0,0,0
ENERGY.BSE_IDX,01/07/2025,10:01:52,11989.77,0,0,0,0,0,0
ENERGY.BSE_IDX,01/07/2025,10:02:00,11987.32,0,0,0,0,0,0
ENERGY.BSE_IDX,01/07/2025,10:02:08,11987.59,0,0,0,0,0,0
ENERGY.BSE_IDX,01/07/2025,10:02:17,11986.5,0,0,0,0,0,0
ENERGY.BSE_IDX,01/07/2025,10:02:24,11984.53,0,0,0,0,0,0
ENERGY.BSE_IDX,01/07/2025,10:02:32,11982.19,0,0,0,0,0,0
ENERGY.BSE_IDX,01/07/2025,10:02:41,11982.1,0,0,0,0,0,0
ENERGY.BSE_IDX,01/07/2025,10:02:49,11984.94,0,0,0,0,0,0
ENERGY.BSE_IDX,01/07/2025,10:02:56,11982.58,0,0,0,0,0,0
ENERGY.BSE_IDX,01/07/2025,10:03:04,11983.96,0,0,0,0,0,0
ENERGY.BSE_IDX,01/07/2025,10:03:13,11985.71,0,0,0,0,0,0
ENERGY.BSE_IDX,01/07/2025,10:03:20,11982.9,0,0,0,0,0,0
ENERGY.BSE_IDX,01/07/2025,10:03:29,11982.46,0,0,0,0,0,0
ENERGY.BSE_IDX,01/07/2025,10:03:37,11982.16,0,0,0,0,0,0
ENERGY.BSE_IDX,01/07/2025,10:03:45,11981.72,0,0,0,0,0,0
ENERGY.BSE_IDX,01/07/2025,10:03:53,11982.43,0,0,0,0,0,0
ENERGY.BSE_IDX,01/07/2025,10:04:01,11981.45,0,0,0,0,0,0
ENERGY.BSE_IDX,01/07/2025,10:04:09,11981.61,0,0,0,0,0,0
ENERGY.BSE_IDX,01/07/2025,10:04:17,11978.97,0,0,0,0,0,0
ENERGY.BSE_IDX,01/07/2025,10:04:25,11978.75,0,0,0,0,0,0
ENERGY.BSE_IDX,01/07/2025,10:04:33,11982.98,0,0,0,0,0,0
ENERGY.BSE_IDX,01/07/2025,10:04:41,11985.39,0,0,0,0,0,0
ENERGY.BSE_IDX,01/07/2025,10:04:50,11983.71,0,0,0,0,0,0
ENERGY.BSE_IDX,01/07/2025,10:04:57,11982.81,0,0,0,0,0,0
ENERGY.BSE_IDX,01/07/2025,10:05:05,11982.56,0,0,0,0,0,0
ENERGY.BSE_IDX,01/07/2025,10:05:14,11979.88,0,0,0,0,0,0
ENERGY.BSE_IDX,01/07/2025,10:05:21,11979.67,0,0,0,0,0,0
ENERGY.BSE_IDX,01/07/2025,10:05:29,11978.4,0,0,0,0,0,0
ENERGY.BSE_IDX,01/07/2025,10:05:37,11975.76,0,0,0,0,0,0
ENERGY.BSE_IDX,01/07/2025,10:05:45,11978.43,0,0,0,0,0,0
ENERGY.BSE_IDX,01/07/2025,10:05:53,11981.98,0,0,0,0,0,0
ENERGY.BSE_IDX,01/07/2025,10:06:01,11981.27,0,0,0,0,0,0
ENERGY.BSE_IDX,01/07/2025,10:06:09,11980.44,0,0,0,0,0,0
ENERGY.BSE_IDX,01/07/2025,10:06:17,11981.79,0,0,0,0,0,0
ENERGY.BSE_IDX,01/07/2025,10:06:25,11982.83,0,0,0,0,0,0
ENERGY.BSE_IDX,01/07/2025,10:06:33,11984.61,0,0,0,0,0,0
ENERGY.BSE_IDX,01/07/2025,10:06:41,11984.49,0,0,0,0,0,0
ENERGY.BSE_IDX,01/07/2025,10:06:49,11983.7,0,0,0,0,0,0
ENERGY.BSE_IDX,01/07/2025,10:06:57,11984.24,0,0,0,0,0,0
ENERGY.BSE_IDX,01/07/2025,10:07:05,11984.72,0,0,0,0,0,0
ENERGY.BSE_IDX,01/07/2025,10:07:13,11984.19,0,0,0,0,0,0
ENERGY.BSE_IDX,01/07/2025,10:07:21,11984.83,0,0,0,0,0,0
ENERGY.BSE_IDX,01/07/2025,10:07:29,11983.34,0,0,0,0,0,0
ENERGY.BSE_IDX,01/07/2025,10:07:37,11988.69,0,0,0,0,0,0
ENERGY.BSE_IDX,01/07/2025,10:07:45,11988.31,0,0,0,0,0,0
ENERGY.BSE_IDX,01/07/2025,10:07:53,11989.15,0,0,0,0,0,0
ENERGY.BSE_IDX,01/07/2025,10:08:01,11990.87,0,0,0,0,0,0
ENERGY.BSE_IDX,01/07/2025,10:08:09,11989.6,0,0,0,0,0,0
ENERGY.BSE_IDX,01/07/2025,10:08:17,11992.4,0,0,0,0,0,0
ENERGY.BSE_IDX,01/07/2025,10:08:25,11991.24,0,0,0,0,0,0
ENERGY.BSE_IDX,01/07/2025,10:08:33,11992.18,0,0,0,0,0,0
ENERGY.BSE_IDX,01/07/2025,10:08:41,11990.3,0,0,0,0,0,0
ENERGY.BSE_IDX,01/07/2025,10:08:49,11991.98,0,0,0,0,0,0
ENERGY.BSE_IDX,01/07/2025,10:08:57,11990.08,0,0,0,0,0,0
ENERGY.BSE_IDX,01/07/2025,10:09:05,11987.67,0,0,0,0,0,0
ENERGY.BSE_IDX,01/07/2025,10:09:13,11987.07,0,0,0,0,0,0
ENERGY.BSE_IDX,01/07/2025,10:09:21,11989.78,0,0,0,0,0,0
ENERGY.BSE_IDX,01/07/2025,10:09:29,11988.04,0,0,0,0,0,0
ENERGY.BSE_IDX,01/07/2025,10:09:37,11989.92,0,0,0,0,0,0
ENERGY.BSE_IDX,01/07/2025,10:09:45,11990.08,0,0,0,0,0,0
ENERGY.BSE_IDX,01/07/2025,10:09:53,11990.74,0,0,0,0,0,0
ENERGY.BSE_IDX,01/07/2025,10:10:01,11992,0,0,0,0,0,0
ENERGY.BSE_IDX,01/07/2025,10:10:09,11991.25,0,0,0,0,0,0
ENERGY.BSE_IDX,01/07/2025,10:10:17,11991.83,0,0,0,0,0,0
ENERGY.BSE_IDX,01/07/2025,10:10:25,11990.91,0,0,0,0,0,0
ENERGY.BSE_IDX,01/07/2025,10:10:33,11993.15,0,0,0,0,0,0
ENERGY.BSE_IDX,01/07/2025,10:10:41,11992.57,0,0,0,0,0,0
ENERGY.BSE_IDX,01/07/2025,10:10:49,11992.43,0,0,0,0,0,0
ENERGY.BSE_IDX,01/07/2025,10:10:57,11992.15,0,0,0,0,0,0
ENERGY.BSE_IDX,01/07/2025,10:11:05,11993.2,0,0,0,0,0,0
ENERGY.BSE_IDX,01/07/2025,10:11:13,11990.03,0,0,0,0,0,0
ENERGY.BSE_IDX,01/07/2025,10:11:22,11989.29,0,0,0,0,0,0
ENERGY.BSE_IDX,01/07/2025,10:11:29,11987.77,0,0,0,0,0,0
ENERGY.BSE_IDX,01/07/2025,10:11:37,11987.5,0,0,0,0,0,0
ENERGY.BSE_IDX,01/07/2025,10:11:45,11985.29,0,0,0,0,0,0
ENERGY.BSE_IDX,01/07/2025,10:11:53,11987.91,0,0,0,0,0,0
ENERGY.BSE_IDX,01/07/2025,10:12:01,11987.77,0,0,0,0,0,0
ENERGY.BSE_IDX,01/07/2025,10:12:09,11987.51,0,0,0,0,0,0
ENERGY.BSE_IDX,01/07/2025,10:12:17,11985.18,0,0,0,0,0,0
ENERGY.BSE_IDX,01/07/2025,10:12:25,11985.08,0,0,0,0,0,0
ENERGY.BSE_IDX,01/07/2025,10:12:33,11987.17,0,0,0,0,0,0
ENERGY.BSE_IDX,01/07/2025,10:12:41,11986.27,0,0,0,0,0,0
ENERGY.BSE_IDX,01/07/2025,10:12:49,11984.63,0,0,0,0,0,0
ENERGY.BSE_IDX,01/07/2025,10:12:57,11984.51,0,0,0,0,0,0
ENERGY.BSE_IDX,01/07/2025,10:13:05,11985.3,0,0,0,0,0,0
ENERGY.BSE_IDX,01/07/2025,10:13:13,11983.73,0,0,0,0,0,0
ENERGY.BSE_IDX,01/07/2025,10:13:21,11985.95,0,0,0,0,0,0
ENERGY.BSE_IDX,01/07/2025,10:13:29,11985.19,0,0,0,0,0,0
ENERGY.BSE_IDX,01/07/2025,10:13:37,11987.58,0,0,0,0,0,0
ENERGY.BSE_IDX,01/07/2025,10:13:45,11987.57,0,0,0,0,0,0
ENERGY.BSE_IDX,01/07/2025,10:13:53,11987.67,0,0,0,0,0,0
ENERGY.BSE_IDX,01/07/2025,10:14:01,11985.33,0,0,0,0,0,0
ENERGY.BSE_IDX,01/07/2025,10:14:09,11981.29,0,0,0,0,0,0
ENERGY.BSE_IDX,01/07/2025,10:14:17,11983.59,0,0,0,0,0,0
ENERGY.BSE_IDX,01/07/2025,10:14:25,11983.22,0,0,0,0,0,0
ENERGY.BSE_IDX,01/07/2025,10:14:33,11984.28,0,0,0,0,0,0
ENERGY.BSE_IDX,01/07/2025,10:14:41,11978.7,0,0,0,0,0,0
ENERGY.BSE_IDX,01/07/2025,10:14:49,11978.93,0,0,0,0,0,0
ENERGY.BSE_IDX,01/07/2025,10:14:57,11980.34,0,0,0,0,0,0
ENERGY.BSE_IDX,01/07/2025,10:15:05,11979.83,0,0,0,0,0,0
ENERGY.BSE_IDX,01/07/2025,10:15:13,11976.15,0,0,0,0,0,0
ENERGY.BSE_IDX,01/07/2025,10:15:21,11978.95,0,0,0,0,0,0
ENERGY.BSE_IDX,01/07/2025,10:15:29,11975.2,0,0,0,0,0,0
ENERGY.BSE_IDX,01/07/2025,10:15:37,11975.63,0,0,0,0,0,0
ENERGY.BSE_IDX,01/07/2025,10:15:45,11975,0,0,0,0,0,0
ENERGY.BSE_IDX,01/07/2025,10:15:53,11973.87,0,0,0,0,0,0
ENERGY.BSE_IDX,01/07/2025,10:16:01,11973.38,0,0,0,0,0,0
ENERGY.BSE_IDX,01/07/2025,10:16:09,11973.28,0,0,0,0,0,0
ENERGY.BSE_IDX,01/07/2025,10:16:17,11972.35,0,0,0,0,0,0
ENERGY.BSE_IDX,01/07/2025,10:16:25,11973.21,0,0,0,0,0,0
ENERGY.BSE_IDX,01/07/2025,10:16:33,11973.93,0,0,0,0,0,0
ENERGY.BSE_IDX,01/07/2025,10:16:41,11973.35,0,0,0,0,0,0
ENERGY.BSE_IDX,01/07/2025,10:16:49,11972.85,0,0,0,0,0,0
ENERGY.BSE_IDX,01/07/2025,10:16:57,11972.3,0,0,0,0,0,0
ENERGY.BSE_IDX,01/07/2025,10:17:05,11970.82,0,0,0,0,0,0
ENERGY.BSE_IDX,01/07/2025,10:17:13,11972.1,0,0,0,0,0,0
ENERGY.BSE_IDX,01/07/2025,10:17:21,11972.85,0,0,0,0,0,0
ENERGY.BSE_IDX,01/07/2025,10:17:29,11971.52,0,0,0,0,0,0
ENERGY.BSE_IDX,01/07/2025,10:17:37,11971.12,0,0,0,0,0,0
ENERGY.BSE_IDX,01/07/2025,10:17:45,11974.31,0,0,0,0,0,0
ENERGY.BSE_IDX,01/07/2025,10:17:53,11973.76,0,0,0,0,0,0
ENERGY.BSE_IDX,01/07/2025,10:18:01,11974.3,0,0,0,0,0,0
ENERGY.BSE_IDX,01/07/2025,10:18:09,11974.87,0,0,0,0,0,0
ENERGY.BSE_IDX,01/07/2025,10:18:17,11978.6,0,0,0,0,0,0
ENERGY.BSE_IDX,01/07/2025,10:18:25,11980.14,0,0,0,0,0,0
ENERGY.BSE_IDX,01/07/2025,10:18:33,11978.09,0,0,0,0,0,0
ENERGY.BSE_IDX,01/07/2025,10:18:41,11977.5,0,0,0,0,0,0
ENERGY.BSE_IDX,01/07/2025,10:18:49,11977,0,0,0,0,0,0
ENERGY.BSE_IDX,01/07/2025,10:18:57,11976.4,0,0,0,0,0,0
ENERGY.BSE_IDX,01/07/2025,10:19:05,11976.48,0,0,0,0,0,0
ENERGY.BSE_IDX,01/07/2025,10:19:13,11977.14,0,0,0,0,0,0
ENERGY.BSE_IDX,01/07/2025,10:19:21,11977.43,0,0,0,0,0,0
ENERGY.BSE_IDX,01/07/2025,10:19:29,11976.09,0,0,0,0,0,0
ENERGY.BSE_IDX,01/07/2025,10:19:37,11975.28,0,0,0,0,0,0
ENERGY.BSE_IDX,01/07/2025,10:19:45,11976.79,0,0,0,0,0,0
ENERGY.BSE_IDX,01/07/2025,10:19:53,11974.94,0,0,0,0,0,0
ENERGY.BSE_IDX,01/07/2025,10:20:01,11977.85,0,0,0,0,0,0
ENERGY.BSE_IDX,01/07/2025,10:20:09,11980.94,0,0,0,0,0,0
ENERGY.BSE_IDX,01/07/2025,10:20:17,11979.1,0,0,0,0,0,0
ENERGY.BSE_IDX,01/07/2025,10:20:25,11981.93,0,0,0,0,0,0
ENERGY.BSE_IDX,01/07/2025,10:20:33,11981.95,0,0,0,0,0,0
ENERGY.BSE_IDX,01/07/2025,10:20:41,11981.32,0,0,0,0,0,0
ENERGY.BSE_IDX,01/07/2025,10:20:49,11979.28,0,0,0,0,0,0
ENERGY.BSE_IDX,01/07/2025,10:20:57,11977.42,0,0,0,0,0,0
ENERGY.BSE_IDX,01/07/2025,10:21:05,11978.78,0,0,0,0,0,0
ENERGY.BSE_IDX,01/07/2025,10:21:13,11979.33,0,0,0,0,0,0
ENERGY.BSE_IDX,01/07/2025,10:21:21,11979.9,0,0,0,0,0,0
ENERGY.BSE_IDX,01/07/2025,10:21:29,11980.69,0,0,0,0,0,0
ENERGY.BSE_IDX,01/07/2025,10:21:37,11979.88,0,0,0,0,0,0
ENERGY.BSE_IDX,01/07/2025,10:21:45,11976.82,0,0,0,0,0,0
ENERGY.BSE_IDX,01/07/2025,10:21:53,11978.12,0,0,0,0,0,0
ENERGY.BSE_IDX,01/07/2025,10:22:01,11977.12,0,0,0,0,0,0
ENERGY.BSE_IDX,01/07/2025,10:22:09,11978.63,0,0,0,0,0,0
ENERGY.BSE_IDX,01/07/2025,10:22:17,11976.13,0,0,0,0,0,0
ENERGY.BSE_IDX,01/07/2025,10:22:25,11976.08,0,0,0,0,0,0
ENERGY.BSE_IDX,01/07/2025,10:22:33,11974.31,0,0,0,0,0,0
ENERGY.BSE_IDX,01/07/2025,10:22:41,11974.35,0,0,0,0,0,0
ENERGY.BSE_IDX,01/07/2025,10:22:49,11975.09,0,0,0,0,0,0
ENERGY.BSE_IDX,01/07/2025,10:22:57,11977.62,0,0,0,0,0,0
ENERGY.BSE_IDX,01/07/2025,10:23:05,11978.29,0,0,0,0,0,0
ENERGY.BSE_IDX,01/07/2025,10:23:13,11975.54,0,0,0,0,0,0
ENERGY.BSE_IDX,01/07/2025,10:23:21,11973.62,0,0,0,0,0,0
ENERGY.BSE_IDX,01/07/2025,10:23:29,11976.05,0,0,0,0,0,0
ENERGY.BSE_IDX,01/07/2025,10:23:37,11977.28,0,0,0,0,0,0
ENERGY.BSE_IDX,01/07/2025,10:23:45,11975.79,0,0,0,0,0,0
ENERGY.BSE_IDX,01/07/2025,10:23:53,11976.57,0,0,0,0,0,0
ENERGY.BSE_IDX,01/07/2025,10:24:01,11977.12,0,0,0,0,0,0
ENERGY.BSE_IDX,01/07/2025,10:24:09,11975.56,0,0,0,0,0,0
ENERGY.BSE_IDX,01/07/2025,10:24:17,11972.07,0,0,0,0,0,0
ENERGY.BSE_IDX,01/07/2025,10:24:25,11974.75,0,0,0,0,0,0
ENERGY.BSE_IDX,01/07/2025,10:24:33,11974.63,0,0,0,0,0,0
ENERGY.BSE_IDX,01/07/2025,10:24:41,11973.97,0,0,0,0,0,0
ENERGY.BSE_IDX,01/07/2025,10:24:49,11972.52,0,0,0,0,0,0
ENERGY.BSE_IDX,01/07/2025,10:24:57,11972.11,0,0,0,0,0,0
ENERGY.BSE_IDX,01/07/2025,10:25:05,11970.9,0,0,0,0,0,0
ENERGY.BSE_IDX,01/07/2025,10:25:13,11973.21,0,0,0,0,0,0
ENERGY.BSE_IDX,01/07/2025,10:25:21,11973.05,0,0,0,0,0,0
ENERGY.BSE_IDX,01/07/2025,10:25:29,11971.78,0,0,0,0,0,0
ENERGY.BSE_IDX,01/07/2025,10:25:37,11973.59,0,0,0,0,0,0
ENERGY.BSE_IDX,01/07/2025,10:25:45,11974.73,0,0,0,0,0,0
ENERGY.BSE_IDX,01/07/2025,10:25:53,11976.22,0,0,0,0,0,0
ENERGY.BSE_IDX,01/07/2025,10:26:01,11977.27,0,0,0,0,0,0
ENERGY.BSE_IDX,01/07/2025,10:26:09,11976.74,0,0,0,0,0,0
ENERGY.BSE_IDX,01/07/2025,10:26:17,11977.54,0,0,0,0,0,0
ENERGY.BSE_IDX,01/07/2025,10:26:25,11980.54,0,0,0,0,0,0
ENERGY.BSE_IDX,01/07/2025,10:26:33,11978.93,0,0,0,0,0,0
ENERGY.BSE_IDX,01/07/2025,10:26:41,11982.09,0,0,0,0,0,0
ENERGY.BSE_IDX,01/07/2025,10:26:49,11982.06,0,0,0,0,0,0
ENERGY.BSE_IDX,01/07/2025,10:26:57,11984.13,0,0,0,0,0,0
ENERGY.BSE_IDX,01/07/2025,10:27:05,11984.27,0,0,0,0,0,0
ENERGY.BSE_IDX,01/07/2025,10:27:13,11986.46,0,0,0,0,0,0
ENERGY.BSE_IDX,01/07/2025,10:27:21,11987.56,0,0,0,0,0,0
ENERGY.BSE_IDX,01/07/2025,10:27:29,11990.37,0,0,0,0,0,0
ENERGY.BSE_IDX,01/07/2025,10:27:37,11990.23,0,0,0,0,0,0
ENERGY.BSE_IDX,01/07/2025,10:27:45,11991.57,0,0,0,0,0,0
ENERGY.BSE_IDX,01/07/2025,10:27:53,11993.56,0,0,0,0,0,0
ENERGY.BSE_IDX,01/07/2025,10:28:01,11996.08,0,0,0,0,0,0
ENERGY.BSE_IDX,01/07/2025,10:28:09,11998.61,0,0,0,0,0,0
ENERGY.BSE_IDX,01/07/2025,10:28:17,11994.41,0,0,0,0,0,0
ENERGY.BSE_IDX,01/07/2025,10:28:25,11995.65,0,0,0,0,0,0
ENERGY.BSE_IDX,01/07/2025,10:28:33,11997.91,0,0,0,0,0,0
ENERGY.BSE_IDX,01/07/2025,10:28:41,11995.23,0,0,0,0,0,0
ENERGY.BSE_IDX,01/07/2025,10:28:49,11996.6,0,0,0,0,0,0
ENERGY.BSE_IDX,01/07/2025,10:28:57,11993.48,0,0,0,0,0,0
ENERGY.BSE_IDX,01/07/2025,10:29:05,11997.37,0,0,0,0,0,0
ENERGY.BSE_IDX,01/07/2025,10:29:13,11996.26,0,0,0,0,0,0
ENERGY.BSE_IDX,01/07/2025,10:29:21,11998.12,0,0,0,0,0,0
ENERGY.BSE_IDX,01/07/2025,10:29:29,11997.39,0,0,0,0,0,0
ENERGY.BSE_IDX,01/07/2025,10:29:37,11998.41,0,0,0,0,0,0
ENERGY.BSE_IDX,01/07/2025,10:29:46,11998.28,0,0,0,0,0,0
ENERGY.BSE_IDX,01/07/2025,10:29:54,11999.47,0,0,0,0,0,0
ENERGY.BSE_IDX,01/07/2025,10:30:01,11998.25,0,0,0,0,0,0
ENERGY.BSE_IDX,01/07/2025,10:30:09,11997.35,0,0,0,0,0,0
ENERGY.BSE_IDX,01/07/2025,10:30:17,11998.47,0,0,0,0,0,0
ENERGY.BSE_IDX,01/07/2025,10:30:25,12000.79,0,0,0,0,0,0
ENERGY.BSE_IDX,01/07/2025,10:30:33,11997.96,0,0,0,0,0,0
ENERGY.BSE_IDX,01/07/2025,10:30:41,11997.93,0,0,0,0,0,0
ENERGY.BSE_IDX,01/07/2025,10:30:49,11995.24,0,0,0,0,0,0
ENERGY.BSE_IDX,01/07/2025,10:30:57,11993.9,0,0,0,0,0,0
ENERGY.BSE_IDX,01/07/2025,10:31:05,11993.74,0,0,0,0,0,0
ENERGY.BSE_IDX,01/07/2025,10:31:13,11990.91,0,0,0,0,0,0
ENERGY.BSE_IDX,01/07/2025,10:31:21,11991.45,0,0,0,0,0,0
ENERGY.BSE_IDX,01/07/2025,10:31:29,11993.43,0,0,0,0,0,0
ENERGY.BSE_IDX,01/07/2025,10:31:37,11993.42,0,0,0,0,0,0
ENERGY.BSE_IDX,01/07/2025,10:31:45,11992.32,0,0,0,0,0,0
ENERGY.BSE_IDX,01/07/2025,10:31:53,11993.99,0,0,0,0,0,0
ENERGY.BSE_IDX,01/07/2025,10:32:01,11994.89,0,0,0,0,0,0
ENERGY.BSE_IDX,01/07/2025,10:32:09,11995.37,0,0,0,0,0,0
ENERGY.BSE_IDX,01/07/2025,10:32:17,11995.23,0,0,0,0,0,0
ENERGY.BSE_IDX,01/07/2025,10:32:25,11996.81,0,0,0,0,0,0
ENERGY.BSE_IDX,01/07/2025,10:32:33,11997.51,0,0,0,0,0,0
ENERGY.BSE_IDX,01/07/2025,10:32:41,11999.31,0,0,0,0,0,0
ENERGY.BSE_IDX,01/07/2025,10:32:49,11998.13,0,0,0,0,0,0
ENERGY.BSE_IDX,01/07/2025,10:32:57,12000.62,0,0,0,0,0,0
ENERGY.BSE_IDX,01/07/2025,10:33:05,11998.97,0,0,0,0,0,0
ENERGY.BSE_IDX,01/07/2025,10:33:13,11998.68,0,0,0,0,0,0
ENERGY.BSE_IDX,01/07/2025,10:33:21,11997.22,0,0,0,0,0,0
ENERGY.BSE_IDX,01/07/2025,10:33:29,11998.3,0,0,0,0,0,0
ENERGY.BSE_IDX,01/07/2025,10:33:37,12000.81,0,0,0,0,0,0
ENERGY.BSE_IDX,01/07/2025,10:33:45,12000.9,0,0,0,0,0,0
ENERGY.BSE_IDX,01/07/2025,10:33:53,12000.86,0,0,0,0,0,0
ENERGY.BSE_IDX,01/07/2025,10:34:01,11998.42,0,0,0,0,0,0
ENERGY.BSE_IDX,01/07/2025,10:34:09,11999.72,0,0,0,0,0,0
ENERGY.BSE_IDX,01/07/2025,10:34:17,11997.79,0,0,0,0,0,0
ENERGY.BSE_IDX,01/07/2025,10:34:25,11998.62,0,0,0,0,0,0
ENERGY.BSE_IDX,01/07/2025,10:34:33,12000.82,0,0,0,0,0,0
ENERGY.BSE_IDX,01/07/2025,10:34:41,11997.76,0,0,0,0,0,0
ENERGY.BSE_IDX,01/07/2025,10:34:49,11999.32,0,0,0,0,0,0
ENERGY.BSE_IDX,01/07/2025,10:34:58,11997.08,0,0,0,0,0,0
ENERGY.BSE_IDX,01/07/2025,10:35:06,11999.34,0,0,0,0,0,0
ENERGY.BSE_IDX,01/07/2025,10:35:14,11998.41,0,0,0,0,0,0
ENERGY.BSE_IDX,01/07/2025,10:35:21,11996.47,0,0,0,0,0,0
ENERGY.BSE_IDX,01/07/2025,10:35:29,11994.42,0,0,0,0,0,0
ENERGY.BSE_IDX,01/07/2025,10:35:37,11992.87,0,0,0,0,0,0
ENERGY.BSE_IDX,01/07/2025,10:35:45,11989.99,0,0,0,0,0,0
ENERGY.BSE_IDX,01/07/2025,10:35:54,11991.4,0,0,0,0,0,0
ENERGY.BSE_IDX,01/07/2025,10:36:02,11989.84,0,0,0,0,0,0
ENERGY.BSE_IDX,01/07/2025,10:36:10,11989.83,0,0,0,0,0,0
ENERGY.BSE_IDX,01/07/2025,10:36:17,11989.68,0,0,0,0,0,0
ENERGY.BSE_IDX,01/07/2025,10:36:25,11989.17,0,0,0,0,0,0
ENERGY.BSE_IDX,01/07/2025,10:36:34,11991.55,0,0,0,0,0,0
ENERGY.BSE_IDX,01/07/2025,10:36:42,11993.3,0,0,0,0,0,0
ENERGY.BSE_IDX,01/07/2025,10:36:49,11991.23,0,0,0,0,0,0
ENERGY.BSE_IDX,01/07/2025,10:36:58,11992.56,0,0,0,0,0,0
ENERGY.BSE_IDX,01/07/2025,10:37:05,11992.34,0,0,0,0,0,0
ENERGY.BSE_IDX,01/07/2025,10:37:14,11991.67,0,0,0,0,0,0
ENERGY.BSE_IDX,01/07/2025,10:37:21,11992.71,0,0,0,0,0,0
ENERGY.BSE_IDX,01/07/2025,10:37:30,11992.42,0,0,0,0,0,0
ENERGY.BSE_IDX,01/07/2025,10:37:38,11992.82,0,0,0,0,0,0
ENERGY.BSE_IDX,01/07/2025,10:37:46,11990.15,0,0,0,0,0,0
ENERGY.BSE_IDX,01/07/2025,10:37:54,11988.61,0,0,0,0,0,0
ENERGY.BSE_IDX,01/07/2025,10:38:02,11988.79,0,0,0,0,0,0
ENERGY.BSE_IDX,01/07/2025,10:38:10,11990.28,0,0,0,0,0,0
ENERGY.BSE_IDX,01/07/2025,10:38:18,11992.43,0,0,0,0,0,0
ENERGY.BSE_IDX,01/07/2025,10:38:26,11993.36,0,0,0,0,0,0
ENERGY.BSE_IDX,01/07/2025,10:38:34,11991.47,0,0,0,0,0,0
ENERGY.BSE_IDX,01/07/2025,10:38:42,11993.27,0,0,0,0,0,0
ENERGY.BSE_IDX,01/07/2025,10:38:50,11993.77,0,0,0,0,0,0
ENERGY.BSE_IDX,01/07/2025,10:38:58,11998.72,0,0,0,0,0,0
ENERGY.BSE_IDX,01/07/2025,10:39:06,11999.74,0,0,0,0,0,0
ENERGY.BSE_IDX,01/07/2025,10:39:14,12000.74,0,0,0,0,0,0
ENERGY.BSE_IDX,01/07/2025,10:39:22,11999.97,0,0,0,0,0,0
ENERGY.BSE_IDX,01/07/2025,10:39:30,11999.94,0,0,0,0,0,0
ENERGY.BSE_IDX,01/07/2025,10:39:38,12000.55,0,0,0,0,0,0
ENERGY.BSE_IDX,01/07/2025,10:39:46,12001.2,0,0,0,0,0,0
ENERGY.BSE_IDX,01/07/2025,10:39:54,12003.18,0,0,0,0,0,0
ENERGY.BSE_IDX,01/07/2025,10:40:02,12005.07,0,0,0,0,0,0
ENERGY.BSE_IDX,01/07/2025,10:40:10,12002.14,0,0,0,0,0,0
ENERGY.BSE_IDX,01/07/2025,10:40:18,12003.44,0,0,0,0,0,0
ENERGY.BSE_IDX,01/07/2025,10:40:26,12000.53,0,0,0,0,0,0
ENERGY.BSE_IDX,01/07/2025,10:40:34,12001.78,0,0,0,0,0,0
ENERGY.BSE_IDX,01/07/2025,10:40:42,12000.1,0,0,0,0,0,0
ENERGY.BSE_IDX,01/07/2025,10:40:50,12001.36,0,0,0,0,0,0
ENERGY.BSE_IDX,01/07/2025,10:40:58,12000.25,0,0,0,0,0,0
ENERGY.BSE_IDX,01/07/2025,10:41:06,12000.3,0,0,0,0,0,0
ENERGY.BSE_IDX,01/07/2025,10:41:14,11999.34,0,0,0,0,0,0
ENERGY.BSE_IDX,01/07/2025,10:41:22,11999.83,0,0,0,0,0,0
ENERGY.BSE_IDX,01/07/2025,10:41:30,12001.12,0,0,0,0,0,0
ENERGY.BSE_IDX,01/07/2025,10:41:38,11999.5,0,0,0,0,0,0
ENERGY.BSE_IDX,01/07/2025,10:41:46,12001.18,0,0,0,0,0,0
ENERGY.BSE_IDX,01/07/2025,10:41:54,11999.69,0,0,0,0,0,0
ENERGY.BSE_IDX,01/07/2025,10:42:02,11999.08,0,0,0,0,0,0
ENERGY.BSE_IDX,01/07/2025,10:42:10,12000.53,0,0,0,0,0,0
ENERGY.BSE_IDX,01/07/2025,10:42:18,12000.35,0,0,0,0,0,0
ENERGY.BSE_IDX,01/07/2025,10:42:26,12002.21,0,0,0,0,0,0
ENERGY.BSE_IDX,01/07/2025,10:42:34,12000.94,0,0,0,0,0,0
ENERGY.BSE_IDX,01/07/2025,10:42:42,12001.37,0,0,0,0,0,0
ENERGY.BSE_IDX,01/07/2025,10:42:50,12001.31,0,0,0,0,0,0
ENERGY.BSE_IDX,01/07/2025,10:42:58,11997.44,0,0,0,0,0,0
ENERGY.BSE_IDX,01/07/2025,10:43:06,11997.75,0,0,0,0,0,0
ENERGY.BSE_IDX,01/07/2025,10:43:14,11998.79,0,0,0,0,0,0
ENERGY.BSE_IDX,01/07/2025,10:43:22,11999.63,0,0,0,0,0,0
ENERGY.BSE_IDX,01/07/2025,10:43:30,11998.67,0,0,0,0,0,0
ENERGY.BSE_IDX,01/07/2025,10:43:38,11999.62,0,0,0,0,0,0
ENERGY.BSE_IDX,01/07/2025,10:43:46,11997.75,0,0,0,0,0,0
ENERGY.BSE_IDX,01/07/2025,10:43:54,11996.11,0,0,0,0,0,0
ENERGY.BSE_IDX,01/07/2025,10:44:02,11996.73,0,0,0,0,0,0
ENERGY.BSE_IDX,01/07/2025,10:44:10,11995.11,0,0,0,0,0,0
ENERGY.BSE_IDX,01/07/2025,10:44:18,11994.83,0,0,0,0,0,0
ENERGY.BSE_IDX,01/07/2025,10:44:26,11992.12,0,0,0,0,0,0
ENERGY.BSE_IDX,01/07/2025,10:44:34,11991.78,0,0,0,0,0,0
ENERGY.BSE_IDX,01/07/2025,10:44:42,11993.83,0,0,0,0,0,0
ENERGY.BSE_IDX,01/07/2025,10:44:50,11992.29,0,0,0,0,0,0
ENERGY.BSE_IDX,01/07/2025,10:44:58,11988.28,0,0,0,0,0,0
ENERGY.BSE_IDX,01/07/2025,10:45:07,11987.28,0,0,0,0,0,0
ENERGY.BSE_IDX,01/07/2025,10:45:14,11987.35,0,0,0,0,0,0
ENERGY.BSE_IDX,01/07/2025,10:45:22,11984.62,0,0,0,0,0,0
ENERGY.BSE_IDX,01/07/2025,10:45:30,11987.44,0,0,0,0,0,0
ENERGY.BSE_IDX,01/07/2025,10:45:38,11985.68,0,0,0,0,0,0
ENERGY.BSE_IDX,01/07/2025,10:45:46,11987.47,0,0,0,0,0,0
ENERGY.BSE_IDX,01/07/2025,10:45:54,11985.54,0,0,0,0,0,0
ENERGY.BSE_IDX,01/07/2025,10:46:02,11985.92,0,0,0,0,0,0
ENERGY.BSE_IDX,01/07/2025,10:46:10,11985.41,0,0,0,0,0,0
ENERGY.BSE_IDX,01/07/2025,10:46:18,11987.62,0,0,0,0,0,0
ENERGY.BSE_IDX,01/07/2025,10:46:26,11989.67,0,0,0,0,0,0
ENERGY.BSE_IDX,01/07/2025,10:46:34,11990.53,0,0,0,0,0,0
ENERGY.BSE_IDX,01/07/2025,10:46:42,11989.42,0,0,0,0,0,0
ENERGY.BSE_IDX,01/07/2025,10:46:50,11987.92,0,0,0,0,0,0
ENERGY.BSE_IDX,01/07/2025,10:46:58,11988.23,0,0,0,0,0,0
ENERGY.BSE_IDX,01/07/2025,10:47:06,11989.83,0,0,0,0,0,0
ENERGY.BSE_IDX,01/07/2025,10:47:14,11987.62,0,0,0,0,0,0
ENERGY.BSE_IDX,01/07/2025,10:47:22,11987.79,0,0,0,0,0,0
ENERGY.BSE_IDX,01/07/2025,10:47:30,11988.31,0,0,0,0,0,0
ENERGY.BSE_IDX,01/07/2025,10:47:38,11987.86,0,0,0,0,0,0
ENERGY.BSE_IDX,01/07/2025,10:47:46,11990.12,0,0,0,0,0,0
ENERGY.BSE_IDX,01/07/2025,10:47:54,11991.69,0,0,0,0,0,0
ENERGY.BSE_IDX,01/07/2025,10:48:02,11992.08,0,0,0,0,0,0
ENERGY.BSE_IDX,01/07/2025,10:48:10,11992.11,0,0,0,0,0,0
ENERGY.BSE_IDX,01/07/2025,10:48:18,11988.7,0,0,0,0,0,0
ENERGY.BSE_IDX,01/07/2025,10:48:26,11990.04,0,0,0,0,0,0
ENERGY.BSE_IDX,01/07/2025,10:48:34,11990.32,0,0,0,0,0,0
ENERGY.BSE_IDX,01/07/2025,10:48:42,11987.85,0,0,0,0,0,0
ENERGY.BSE_IDX,01/07/2025,10:48:50,11988.05,0,0,0,0,0,0
ENERGY.BSE_IDX,01/07/2025,10:48:58,11985.81,0,0,0,0,0,0
ENERGY.BSE_IDX,01/07/2025,10:49:06,11988.14,0,0,0,0,0,0
ENERGY.BSE_IDX,01/07/2025,10:49:14,11984.42,0,0,0,0,0,0
ENERGY.BSE_IDX,01/07/2025,10:49:22,11982.66,0,0,0,0,0,0
ENERGY.BSE_IDX,01/07/2025,10:49:30,11982.89,0,0,0,0,0,0
ENERGY.BSE_IDX,01/07/2025,10:49:38,11982.26,0,0,0,0,0,0
ENERGY.BSE_IDX,01/07/2025,10:49:46,11985.51,0,0,0,0,0,0
ENERGY.BSE_IDX,01/07/2025,10:49:54,11984.89,0,0,0,0,0,0
ENERGY.BSE_IDX,01/07/2025,10:50:02,11981.88,0,0,0,0,0,0
ENERGY.BSE_IDX,01/07/2025,10:50:10,11978.63,0,0,0,0,0,0
ENERGY.BSE_IDX,01/07/2025,10:50:18,11981.23,0,0,0,0,0,0
ENERGY.BSE_IDX,01/07/2025,10:50:26,11980.31,0,0,0,0,0,0
ENERGY.BSE_IDX,01/07/2025,10:50:34,11981.88,0,0,0,0,0,0
ENERGY.BSE_IDX,01/07/2025,10:50:42,11982.84,0,0,0,0,0,0
ENERGY.BSE_IDX,01/07/2025,10:50:50,11982.28,0,0,0,0,0,0
ENERGY.BSE_IDX,01/07/2025,10:50:58,11984.37,0,0,0,0,0,0
ENERGY.BSE_IDX,01/07/2025,10:51:06,11982.5,0,0,0,0,0,0
ENERGY.BSE_IDX,01/07/2025,10:51:14,11984.42,0,0,0,0,0,0
ENERGY.BSE_IDX,01/07/2025,10:51:22,11982.18,0,0,0,0,0,0
ENERGY.BSE_IDX,01/07/2025,10:51:30,11980.63,0,0,0,0,0,0
ENERGY.BSE_IDX,01/07/2025,10:51:38,11980.21,0,0,0,0,0,0
ENERGY.BSE_IDX,01/07/2025,10:51:46,11979.03,0,0,0,0,0,0
ENERGY.BSE_IDX,01/07/2025,10:51:54,11977.71,0,0,0,0,0,0
ENERGY.BSE_IDX,01/07/2025,10:52:02,11975.96,0,0,0,0,0,0
ENERGY.BSE_IDX,01/07/2025,10:52:10,11978.08,0,0,0,0,0,0
ENERGY.BSE_IDX,01/07/2025,10:52:18,11977.85,0,0,0,0,0,0
ENERGY.BSE_IDX,01/07/2025,10:52:26,11977.84,0,0,0,0,0,0
ENERGY.BSE_IDX,01/07/2025,10:52:34,11977.38,0,0,0,0,0,0
ENERGY.BSE_IDX,01/07/2025,10:52:43,11974.41,0,0,0,0,0,0
ENERGY.BSE_IDX,01/07/2025,10:52:50,11973.45,0,0,0,0,0,0
ENERGY.BSE_IDX,01/07/2025,10:52:58,11973.2,0,0,0,0,0,0
ENERGY.BSE_IDX,01/07/2025,10:53:06,11969.84,0,0,0,0,0,0
ENERGY.BSE_IDX,01/07/2025,10:53:14,11972.75,0,0,0,0,0,0
ENERGY.BSE_IDX,01/07/2025,10:53:22,11971.14,0,0,0,0,0,0
ENERGY.BSE_IDX,01/07/2025,10:53:30,11970.22,0,0,0,0,0,0
ENERGY.BSE_IDX,01/07/2025,10:53:38,11969.6,0,0,0,0,0,0
ENERGY.BSE_IDX,01/07/2025,10:53:46,11969.27,0,0,0,0,0,0
ENERGY.BSE_IDX,01/07/2025,10:53:54,11968.3,0,0,0,0,0,0
ENERGY.BSE_IDX,01/07/2025,10:54:02,11969.29,0,0,0,0,0,0
ENERGY.BSE_IDX,01/07/2025,10:54:10,11971.51,0,0,0,0,0,0
ENERGY.BSE_IDX,01/07/2025,10:54:18,11970.7,0,0,0,0,0,0
ENERGY.BSE_IDX,01/07/2025,10:54:26,11971.58,0,0,0,0,0,0
ENERGY.BSE_IDX,01/07/2025,10:54:34,11971.73,0,0,0,0,0,0
ENERGY.BSE_IDX,01/07/2025,10:54:42,11971.79,0,0,0,0,0,0
ENERGY.BSE_IDX,01/07/2025,10:54:51,11972.51,0,0,0,0,0,0
ENERGY.BSE_IDX,01/07/2025,10:54:58,11971.17,0,0,0,0,0,0
ENERGY.BSE_IDX,01/07/2025,10:55:06,11972.87,0,0,0,0,0,0
ENERGY.BSE_IDX,01/07/2025,10:55:14,11970.84,0,0,0,0,0,0
ENERGY.BSE_IDX,01/07/2025,10:55:22,11970.8,0,0,0,0,0,0
ENERGY.BSE_IDX,01/07/2025,10:55:30,11972.21,0,0,0,0,0,0
ENERGY.BSE_IDX,01/07/2025,10:55:38,11972.73,0,0,0,0,0,0
ENERGY.BSE_IDX,01/07/2025,10:55:46,11973.21,0,0,0,0,0,0
ENERGY.BSE_IDX,01/07/2025,10:55:54,11974.25,0,0,0,0,0,0
ENERGY.BSE_IDX,01/07/2025,10:56:02,11972.57,0,0,0,0,0,0
ENERGY.BSE_IDX,01/07/2025,10:56:10,11973.04,0,0,0,0,0,0
ENERGY.BSE_IDX,01/07/2025,10:56:18,11973.27,0,0,0,0,0,0
ENERGY.BSE_IDX,01/07/2025,10:56:26,11972.42,0,0,0,0,0,0
ENERGY.BSE_IDX,01/07/2025,10:56:34,11971.92,0,0,0,0,0,0
ENERGY.BSE_IDX,01/07/2025,10:56:42,11971,0,0,0,0,0,0
ENERGY.BSE_IDX,01/07/2025,10:56:50,11971.26,0,0,0,0,0,0
ENERGY.BSE_IDX,01/07/2025,10:56:58,11971.06,0,0,0,0,0,0
ENERGY.BSE_IDX,01/07/2025,10:57:06,11969.56,0,0,0,0,0,0
ENERGY.BSE_IDX,01/07/2025,10:57:14,11969.73,0,0,0,0,0,0
ENERGY.BSE_IDX,01/07/2025,10:57:22,11969.68,0,0,0,0,0,0
ENERGY.BSE_IDX,01/07/2025,10:57:30,11966.95,0,0,0,0,0,0
ENERGY.BSE_IDX,01/07/2025,10:57:39,11966.19,0,0,0,0,0,0
ENERGY.BSE_IDX,01/07/2025,10:57:46,11968.18,0,0,0,0,0,0
ENERGY.BSE_IDX,01/07/2025,10:57:54,11966.49,0,0,0,0,0,0
ENERGY.BSE_IDX,01/07/2025,10:58:02,11968.92,0,0,0,0,0,0
ENERGY.BSE_IDX,01/07/2025,10:58:10,11968.69,0,0,0,0,0,0
ENERGY.BSE_IDX,01/07/2025,10:58:18,11968.2,0,0,0,0,0,0
ENERGY.BSE_IDX,01/07/2025,10:58:26,11968.7,0,0,0,0,0,0
ENERGY.BSE_IDX,01/07/2025,10:58:34,11967.1,0,0,0,0,0,0
ENERGY.BSE_IDX,01/07/2025,10:58:42,11967.55,0,0,0,0,0,0
ENERGY.BSE_IDX,01/07/2025,10:58:50,11968.6,0,0,0,0,0,0
ENERGY.BSE_IDX,01/07/2025,10:58:58,11969.47,0,0,0,0,0,0
ENERGY.BSE_IDX,01/07/2025,10:59:06,11970.49,0,0,0,0,0,0
ENERGY.BSE_IDX,01/07/2025,10:59:14,11971.89,0,0,0,0,0,0
ENERGY.BSE_IDX,01/07/2025,10:59:22,11970.09,0,0,0,0,0,0
ENERGY.BSE_IDX,01/07/2025,10:59:30,11971.61,0,0,0,0,0,0
ENERGY.BSE_IDX,01/07/2025,10:59:38,11969.98,0,0,0,0,0,0
ENERGY.BSE_IDX,01/07/2025,10:59:47,11969.98,0,0,0,0,0,0
ENERGY.BSE_IDX,01/07/2025,10:59:55,11968.97,0,0,0,0,0,0
ENERGY.BSE_IDX,01/07/2025,11:00:03,11968.59,0,0,0,0,0,0
ENERGY.BSE_IDX,01/07/2025,11:00:11,11965.63,0,0,0,0,0,0
ENERGY.BSE_IDX,01/07/2025,11:00:18,11968.03,0,0,0,0,0,0
ENERGY.BSE_IDX,01/07/2025,11:00:26,11968.29,0,0,0,0,0,0
ENERGY.BSE_IDX,01/07/2025,11:00:34,11967.97,0,0,0,0,0,0
ENERGY.BSE_IDX,01/07/2025,11:00:42,11966.01,0,0,0,0,0,0
ENERGY.BSE_IDX,01/07/2025,11:00:50,11966.76,0,0,0,0,0,0
ENERGY.BSE_IDX,01/07/2025,11:00:58,11967.76,0,0,0,0,0,0
ENERGY.BSE_IDX,01/07/2025,11:01:06,11966.87,0,0,0,0,0,0
ENERGY.BSE_IDX,01/07/2025,11:01:15,11968.34,0,0,0,0,0,0
ENERGY.BSE_IDX,01/07/2025,11:01:22,11968.16,0,0,0,0,0,0
ENERGY.BSE_IDX,01/07/2025,11:01:30,11968.2,0,0,0,0,0,0
ENERGY.BSE_IDX,01/07/2025,11:01:38,11966.86,0,0,0,0,0,0
ENERGY.BSE_IDX,01/07/2025,11:01:46,11963.49,0,0,0,0,0,0
ENERGY.BSE_IDX,01/07/2025,11:01:54,11962.94,0,0,0,0,0,0
ENERGY.BSE_IDX,01/07/2025,11:02:02,11966.43,0,0,0,0,0,0
ENERGY.BSE_IDX,01/07/2025,11:02:10,11964.47,0,0,0,0,0,0
ENERGY.BSE_IDX,01/07/2025,11:02:18,11965.08,0,0,0,0,0,0
ENERGY.BSE_IDX,01/07/2025,11:02:27,11965.26,0,0,0,0,0,0
ENERGY.BSE_IDX,01/07/2025,11:02:34,11965.53,0,0,0,0,0,0
ENERGY.BSE_IDX,01/07/2025,11:02:42,11963.44,0,0,0,0,0,0
ENERGY.BSE_IDX,01/07/2025,11:02:51,11964.02,0,0,0,0,0,0
ENERGY.BSE_IDX,01/07/2025,11:02:58,11963.28,0,0,0,0,0,0
ENERGY.BSE_IDX,01/07/2025,11:03:06,11962.51,0,0,0,0,0,0
ENERGY.BSE_IDX,01/07/2025,11:03:14,11963.53,0,0,0,0,0,0
ENERGY.BSE_IDX,01/07/2025,11:03:22,11963.39,0,0,0,0,0,0
ENERGY.BSE_IDX,01/07/2025,11:03:31,11961.51,0,0,0,0,0,0
ENERGY.BSE_IDX,01/07/2025,11:03:38,11960.85,0,0,0,0,0,0
ENERGY.BSE_IDX,01/07/2025,11:03:46,11961.38,0,0,0,0,0,0
ENERGY.BSE_IDX,01/07/2025,11:03:54,11960.55,0,0,0,0,0,0
ENERGY.BSE_IDX,01/07/2025,11:04:02,11961.32,0,0,0,0,0,0
ENERGY.BSE_IDX,01/07/2025,11:04:10,11961.07,0,0,0,0,0,0
ENERGY.BSE_IDX,01/07/2025,11:04:18,11963.08,0,0,0,0,0,0
ENERGY.BSE_IDX,01/07/2025,11:04:27,11961.67,0,0,0,0,0,0
ENERGY.BSE_IDX,01/07/2025,11:04:34,11962.87,0,0,0,0,0,0
ENERGY.BSE_IDX,01/07/2025,11:04:42,11962.25,0,0,0,0,0,0
ENERGY.BSE_IDX,01/07/2025,11:04:51,11963.75,0,0,0,0,0,0
ENERGY.BSE_IDX,01/07/2025,11:04:58,11965.25,0,0,0,0,0,0
ENERGY.BSE_IDX,01/07/2025,11:05:06,11964.24,0,0,0,0,0,0
ENERGY.BSE_IDX,01/07/2025,11:05:14,11964.55,0,0,0,0,0,0
ENERGY.BSE_IDX,01/07/2025,11:05:22,11964.76,0,0,0,0,0,0
ENERGY.BSE_IDX,01/07/2025,11:05:30,11966.14,0,0,0,0,0,0
ENERGY.BSE_IDX,01/07/2025,11:05:38,11964.42,0,0,0,0,0,0
ENERGY.BSE_IDX,01/07/2025,11:05:46,11964.48,0,0,0,0,0,0
ENERGY.BSE_IDX,01/07/2025,11:05:54,11963.76,0,0,0,0,0,0
ENERGY.BSE_IDX,01/07/2025,11:06:02,11964.92,0,0,0,0,0,0
ENERGY.BSE_IDX,01/07/2025,11:06:11,11967.99,0,0,0,0,0,0
ENERGY.BSE_IDX,01/07/2025,11:06:19,11971.04,0,0,0,0,0,0
ENERGY.BSE_IDX,01/07/2025,11:06:26,11970.95,0,0,0,0,0,0
ENERGY.BSE_IDX,01/07/2025,11:06:34,11971.64,0,0,0,0,0,0
ENERGY.BSE_IDX,01/07/2025,11:06:42,11972.88,0,0,0,0,0,0
ENERGY.BSE_IDX,01/07/2025,11:06:50,11973.48,0,0,0,0,0,0
ENERGY.BSE_IDX,01/07/2025,11:06:58,11972.74,0,0,0,0,0,0
ENERGY.BSE_IDX,01/07/2025,11:07:06,11970.84,0,0,0,0,0,0
ENERGY.BSE_IDX,01/07/2025,11:07:15,11971.93,0,0,0,0,0,0
ENERGY.BSE_IDX,01/07/2025,11:07:22,11972.23,0,0,0,0,0,0
ENERGY.BSE_IDX,01/07/2025,11:07:30,11972.59,0,0,0,0,0,0
ENERGY.BSE_IDX,01/07/2025,11:07:38,11976.14,0,0,0,0,0,0
ENERGY.BSE_IDX,01/07/2025,11:07:46,11974.84,0,0,0,0,0,0
ENERGY.BSE_IDX,01/07/2025,11:07:54,11977.14,0,0,0,0,0,0
ENERGY.BSE_IDX,01/07/2025,11:08:02,11977.92,0,0,0,0,0,0
ENERGY.BSE_IDX,01/07/2025,11:08:11,11976.61,0,0,0,0,0,0
ENERGY.BSE_IDX,01/07/2025,11:08:18,11978.72,0,0,0,0,0,0
ENERGY.BSE_IDX,01/07/2025,11:08:27,11979.25,0,0,0,0,0,0
ENERGY.BSE_IDX,01/07/2025,11:08:35,11977.69,0,0,0,0,0,0
ENERGY.BSE_IDX,01/07/2025,11:08:43,11977.33,0,0,0,0,0,0
ENERGY.BSE_IDX,01/07/2025,11:08:51,11975.92,0,0,0,0,0,0
ENERGY.BSE_IDX,01/07/2025,11:08:58,11978.03,0,0,0,0,0,0
ENERGY.BSE_IDX,01/07/2025,11:09:07,11977.95,0,0,0,0,0,0
ENERGY.BSE_IDX,01/07/2025,11:09:15,11977.85,0,0,0,0,0,0
ENERGY.BSE_IDX,01/07/2025,11:09:23,11976.43,0,0,0,0,0,0
ENERGY.BSE_IDX,01/07/2025,11:09:31,11975.84,0,0,0,0,0,0
ENERGY.BSE_IDX,01/07/2025,11:09:39,11974.67,0,0,0,0,0,0
ENERGY.BSE_IDX,01/07/2025,11:09:46,11976.7,0,0,0,0,0,0
ENERGY.BSE_IDX,01/07/2025,11:09:55,11973.96,0,0,0,0,0,0
ENERGY.BSE_IDX,01/07/2025,11:10:03,11973.06,0,0,0,0,0,0
ENERGY.BSE_IDX,01/07/2025,11:10:11,11976.71,0,0,0,0,0,0
ENERGY.BSE_IDX,01/07/2025,11:10:19,11976.22,0,0,0,0,0,0
ENERGY.BSE_IDX,01/07/2025,11:10:27,11977.68,0,0,0,0,0,0
ENERGY.BSE_IDX,01/07/2025,11:10:35,11977.03,0,0,0,0,0,0
ENERGY.BSE_IDX,01/07/2025,11:10:43,11975.06,0,0,0,0,0,0
ENERGY.BSE_IDX,01/07/2025,11:10:51,11975.68,0,0,0,0,0,0
ENERGY.BSE_IDX,01/07/2025,11:10:59,11975.62,0,0,0,0,0,0
ENERGY.BSE_IDX,01/07/2025,11:11:07,11977.54,0,0,0,0,0,0
ENERGY.BSE_IDX,01/07/2025,11:11:15,11977.72,0,0,0,0,0,0
ENERGY.BSE_IDX,01/07/2025,11:11:23,11975.93,0,0,0,0,0,0
ENERGY.BSE_IDX,01/07/2025,11:11:31,11977.42,0,0,0,0,0,0
ENERGY.BSE_IDX,01/07/2025,11:11:39,11977.53,0,0,0,0,0,0
ENERGY.BSE_IDX,01/07/2025,11:11:47,11974.78,0,0,0,0,0,0
ENERGY.BSE_IDX,01/07/2025,11:11:55,11974.67,0,0,0,0,0,0
ENERGY.BSE_IDX,01/07/2025,11:12:03,11975.18,0,0,0,0,0,0
ENERGY.BSE_IDX,01/07/2025,11:12:11,11976.4,0,0,0,0,0,0
ENERGY.BSE_IDX,01/07/2025,11:12:19,11975.73,0,0,0,0,0,0
ENERGY.BSE_IDX,01/07/2025,11:12:27,11975.86,0,0,0,0,0,0
ENERGY.BSE_IDX,01/07/2025,11:12:35,11976.55,0,0,0,0,0,0
ENERGY.BSE_IDX,01/07/2025,11:12:43,11975.19,0,0,0,0,0,0
ENERGY.BSE_IDX,01/07/2025,11:12:51,11977.2,0,0,0,0,0,0
ENERGY.BSE_IDX,01/07/2025,11:12:59,11976.71,0,0,0,0,0,0
ENERGY.BSE_IDX,01/07/2025,11:13:07,11975.95,0,0,0,0,0,0
ENERGY.BSE_IDX,01/07/2025,11:13:16,11975.83,0,0,0,0,0,0
ENERGY.BSE_IDX,01/07/2025,11:13:23,11976.36,0,0,0,0,0,0
ENERGY.BSE_IDX,01/07/2025,11:13:31,11975.74,0,0,0,0,0,0
ENERGY.BSE_IDX,01/07/2025,11:13:39,11975.69,0,0,0,0,0,0
ENERGY.BSE_IDX,01/07/2025,11:13:47,11977.15,0,0,0,0,0,0
ENERGY.BSE_IDX,01/07/2025,11:13:55,11978.04,0,0,0,0,0,0
ENERGY.BSE_IDX,01/07/2025,11:14:03,11977.72,0,0,0,0,0,0
ENERGY.BSE_IDX,01/07/2025,11:14:11,11978.61,0,0,0,0,0,0
ENERGY.BSE_IDX,01/07/2025,11:14:19,11979.85,0,0,0,0,0,0
ENERGY.BSE_IDX,01/07/2025,11:14:27,11982.03,0,0,0,0,0,0
ENERGY.BSE_IDX,01/07/2025,11:14:35,11982.88,0,0,0,0,0,0
ENERGY.BSE_IDX,01/07/2025,11:14:43,11982.79,0,0,0,0,0,0
ENERGY.BSE_IDX,01/07/2025,11:14:51,11983.13,0,0,0,0,0,0
ENERGY.BSE_IDX,01/07/2025,11:14:59,11982.44,0,0,0,0,0,0
ENERGY.BSE_IDX,01/07/2025,11:15:07,11983.64,0,0,0,0,0,0
ENERGY.BSE_IDX,01/07/2025,11:15:15,11982.89,0,0,0,0,0,0
ENERGY.BSE_IDX,01/07/2025,11:15:23,11982.79,0,0,0,0,0,0
ENERGY.BSE_IDX,01/07/2025,11:15:31,11981.99,0,0,0,0,0,0
ENERGY.BSE_IDX,01/07/2025,11:15:39,11982.82,0,0,0,0,0,0
ENERGY.BSE_IDX,01/07/2025,11:15:47,11983.28,0,0,0,0,0,0
ENERGY.BSE_IDX,01/07/2025,11:15:56,11983.37,0,0,0,0,0,0
ENERGY.BSE_IDX,01/07/2025,11:16:03,11982.82,0,0,0,0,0,0
ENERGY.BSE_IDX,01/07/2025,11:16:11,11980.88,0,0,0,0,0,0
ENERGY.BSE_IDX,01/07/2025,11:16:19,11981.5,0,0,0,0,0,0
ENERGY.BSE_IDX,01/07/2025,11:16:27,11977.92,0,0,0,0,0,0
ENERGY.BSE_IDX,01/07/2025,11:16:35,11979.02,0,0,0,0,0,0
ENERGY.BSE_IDX,01/07/2025,11:16:43,11977.41,0,0,0,0,0,0
ENERGY.BSE_IDX,01/07/2025,11:16:51,11978.68,0,0,0,0,0,0
ENERGY.BSE_IDX,01/07/2025,11:16:59,11975.98,0,0,0,0,0,0
ENERGY.BSE_IDX,01/07/2025,11:17:07,11975.22,0,0,0,0,0,0
ENERGY.BSE_IDX,01/07/2025,11:17:15,11977.46,0,0,0,0,0,0
ENERGY.BSE_IDX,01/07/2025,11:17:23,11976.17,0,0,0,0,0,0
ENERGY.BSE_IDX,01/07/2025,11:17:31,11976.97,0,0,0,0,0,0
ENERGY.BSE_IDX,01/07/2025,11:17:39,11977.5,0,0,0,0,0,0
ENERGY.BSE_IDX,01/07/2025,11:17:47,11977.74,0,0,0,0,0,0
ENERGY.BSE_IDX,01/07/2025,11:17:57,11977.77,0,0,0,0,0,0
ENERGY.BSE_IDX,01/07/2025,11:18:03,11978.53,0,0,0,0,0,0
ENERGY.BSE_IDX,01/07/2025,11:18:11,11980.44,0,0,0,0,0,0
ENERGY.BSE_IDX,01/07/2025,11:18:19,11978.86,0,0,0,0,0,0
ENERGY.BSE_IDX,01/07/2025,11:18:27,11979.97,0,0,0,0,0,0
ENERGY.BSE_IDX,01/07/2025,11:18:35,11979.34,0,0,0,0,0,0
ENERGY.BSE_IDX,01/07/2025,11:18:44,11978.76,0,0,0,0,0,0
ENERGY.BSE_IDX,01/07/2025,11:18:51,11980.02,0,0,0,0,0,0
ENERGY.BSE_IDX,01/07/2025,11:18:59,11979.78,0,0,0,0,0,0
ENERGY.BSE_IDX,01/07/2025,11:19:08,11980.27,0,0,0,0,0,0
ENERGY.BSE_IDX,01/07/2025,11:19:15,11980.74,0,0,0,0,0,0
ENERGY.BSE_IDX,01/07/2025,11:19:23,11981.37,0,0,0,0,0,0
ENERGY.BSE_IDX,01/07/2025,11:19:31,11980.77,0,0,0,0,0,0
ENERGY.BSE_IDX,01/07/2025,11:19:39,11980.8,0,0,0,0,0,0
ENERGY.BSE_IDX,01/07/2025,11:19:47,11978.08,0,0,0,0,0,0
ENERGY.BSE_IDX,01/07/2025,11:19:55,11973.33,0,0,0,0,0,0
ENERGY.BSE_IDX,01/07/2025,11:20:03,11973.72,0,0,0,0,0,0
ENERGY.BSE_IDX,01/07/2025,11:20:11,11976.6,0,0,0,0,0,0
ENERGY.BSE_IDX,01/07/2025,11:20:19,11976.63,0,0,0,0,0,0
ENERGY.BSE_IDX,01/07/2025,11:20:27,11976.44,0,0,0,0,0,0
ENERGY.BSE_IDX,01/07/2025,11:20:35,11977.48,0,0,0,0,0,0
ENERGY.BSE_IDX,01/07/2025,11:20:43,11976.77,0,0,0,0,0,0
ENERGY.BSE_IDX,01/07/2025,11:20:51,11976.95,0,0,0,0,0,0
ENERGY.BSE_IDX,01/07/2025,11:20:59,11978.26,0,0,0,0,0,0
ENERGY.BSE_IDX,01/07/2025,11:21:07,11976.12,0,0,0,0,0,0
ENERGY.BSE_IDX,01/07/2025,11:21:15,11978.97,0,0,0,0,0,0
ENERGY.BSE_IDX,01/07/2025,11:21:24,11980.31,0,0,0,0,0,0
ENERGY.BSE_IDX,01/07/2025,11:21:31,11979.58,0,0,0,0,0,0
ENERGY.BSE_IDX,01/07/2025,11:21:39,11978.01,0,0,0,0,0,0
ENERGY.BSE_IDX,01/07/2025,11:21:47,11979.21,0,0,0,0,0,0
ENERGY.BSE_IDX,01/07/2025,11:21:56,11981.71,0,0,0,0,0,0
ENERGY.BSE_IDX,01/07/2025,11:22:03,11983.36,0,0,0,0,0,0
ENERGY.BSE_IDX,01/07/2025,11:22:11,11984.29,0,0,0,0,0,0
ENERGY.BSE_IDX,01/07/2025,11:22:19,11983.55,0,0,0,0,0,0
ENERGY.BSE_IDX,01/07/2025,11:22:28,11983.74,0,0,0,0,0,0
ENERGY.BSE_IDX,01/07/2025,11:22:35,11983.74,0,0,0,0,0,0
ENERGY.BSE_IDX,01/07/2025,11:22:43,11981.91,0,0,0,0,0,0
ENERGY.BSE_IDX,01/07/2025,11:22:51,11982.43,0,0,0,0,0,0
ENERGY.BSE_IDX,01/07/2025,11:22:59,11983.1,0,0,0,0,0,0
ENERGY.BSE_IDX,01/07/2025,11:23:07,11982.24,0,0,0,0,0,0
ENERGY.BSE_IDX,01/07/2025,11:23:15,11983.22,0,0,0,0,0,0
ENERGY.BSE_IDX,01/07/2025,11:23:23,11983.61,0,0,0,0,0,0
ENERGY.BSE_IDX,01/07/2025,11:23:31,11983.15,0,0,0,0,0,0
ENERGY.BSE_IDX,01/07/2025,11:23:39,11982.97,0,0,0,0,0,0
ENERGY.BSE_IDX,01/07/2025,11:23:47,11984.38,0,0,0,0,0,0
ENERGY.BSE_IDX,01/07/2025,11:23:55,11985.66,0,0,0,0,0,0
ENERGY.BSE_IDX,01/07/2025,11:24:04,11982.49,0,0,0,0,0,0
ENERGY.BSE_IDX,01/07/2025,11:24:11,11984.24,0,0,0,0,0,0
ENERGY.BSE_IDX,01/07/2025,11:24:19,11985.24,0,0,0,0,0,0
ENERGY.BSE_IDX,01/07/2025,11:24:27,11985.18,0,0,0,0,0,0
ENERGY.BSE_IDX,01/07/2025,11:24:35,11983.83,0,0,0,0,0,0
ENERGY.BSE_IDX,01/07/2025,11:24:43,11984.02,0,0,0,0,0,0
ENERGY.BSE_IDX,01/07/2025,11:24:52,11982.94,0,0,0,0,0,0
ENERGY.BSE_IDX,01/07/2025,11:25:00,11985.6,0,0,0,0,0,0
ENERGY.BSE_IDX,01/07/2025,11:25:07,11986.68,0,0,0,0,0,0
ENERGY.BSE_IDX,01/07/2025,11:25:15,11986.82,0,0,0,0,0,0
ENERGY.BSE_IDX,01/07/2025,11:25:23,11986.09,0,0,0,0,0,0
ENERGY.BSE_IDX,01/07/2025,11:25:31,11985.77,0,0,0,0,0,0
ENERGY.BSE_IDX,01/07/2025,11:25:41,11984.74,0,0,0,0,0,0
ENERGY.BSE_IDX,01/07/2025,11:25:47,11984.86,0,0,0,0,0,0
ENERGY.BSE_IDX,01/07/2025,11:25:55,11982.54,0,0,0,0,0,0
ENERGY.BSE_IDX,01/07/2025,11:26:03,11985.18,0,0,0,0,0,0
ENERGY.BSE_IDX,01/07/2025,11:26:11,11982.27,0,0,0,0,0,0
ENERGY.BSE_IDX,01/07/2025,11:26:19,11984.2,0,0,0,0,0,0
ENERGY.BSE_IDX,01/07/2025,11:26:27,11984.05,0,0,0,0,0,0
ENERGY.BSE_IDX,01/07/2025,11:26:35,11986.84,0,0,0,0,0,0
ENERGY.BSE_IDX,01/07/2025,11:26:43,11986.39,0,0,0,0,0,0
ENERGY.BSE_IDX,01/07/2025,11:26:51,11984.24,0,0,0,0,0,0
ENERGY.BSE_IDX,01/07/2025,11:26:59,11986.33,0,0,0,0,0,0
ENERGY.BSE_IDX,01/07/2025,11:27:07,11985.45,0,0,0,0,0,0
ENERGY.BSE_IDX,01/07/2025,11:27:15,11989.49,0,0,0,0,0,0
ENERGY.BSE_IDX,01/07/2025,11:27:23,11987.45,0,0,0,0,0,0
ENERGY.BSE_IDX,01/07/2025,11:27:31,11988.44,0,0,0,0,0,0
ENERGY.BSE_IDX,01/07/2025,11:27:39,11986.63,0,0,0,0,0,0
ENERGY.BSE_IDX,01/07/2025,11:27:47,11986.09,0,0,0,0,0,0
ENERGY.BSE_IDX,01/07/2025,11:27:55,11985.79,0,0,0,0,0,0
ENERGY.BSE_IDX,01/07/2025,11:28:03,11985.75,0,0,0,0,0,0
ENERGY.BSE_IDX,01/07/2025,11:28:11,11987.7,0,0,0,0,0,0
ENERGY.BSE_IDX,01/07/2025,11:28:19,11987.06,0,0,0,0,0,0
ENERGY.BSE_IDX,01/07/2025,11:28:27,11987.29,0,0,0,0,0,0
ENERGY.BSE_IDX,01/07/2025,11:28:36,11988.9,0,0,0,0,0,0
ENERGY.BSE_IDX,01/07/2025,11:28:43,11986.82,0,0,0,0,0,0
ENERGY.BSE_IDX,01/07/2025,11:28:51,11988.11,0,0,0,0,0,0
ENERGY.BSE_IDX,01/07/2025,11:28:59,11986.7,0,0,0,0,0,0
ENERGY.BSE_IDX,01/07/2025,11:29:07,11986.03,0,0,0,0,0,0
ENERGY.BSE_IDX,01/07/2025,11:29:16,11987.03,0,0,0,0,0,0
ENERGY.BSE_IDX,01/07/2025,11:29:24,11985.18,0,0,0,0,0,0
ENERGY.BSE_IDX,01/07/2025,11:29:31,11986.06,0,0,0,0,0,0
ENERGY.BSE_IDX,01/07/2025,11:29:39,11986.51,0,0,0,0,0,0
ENERGY.BSE_IDX,01/07/2025,11:29:47,11985.98,0,0,0,0,0,0
ENERGY.BSE_IDX,01/07/2025,11:29:55,11985.43,0,0,0,0,0,0
ENERGY.BSE_IDX,01/07/2025,11:30:03,11987.33,0,0,0,0,0,0
ENERGY.BSE_IDX,01/07/2025,11:30:11,11985.49,0,0,0,0,0,0
ENERGY.BSE_IDX,01/07/2025,11:30:19,11984.63,0,0,0,0,0,0
ENERGY.BSE_IDX,01/07/2025,11:30:27,11984.83,0,0,0,0,0,0
ENERGY.BSE_IDX,01/07/2025,11:30:35,11984.58,0,0,0,0,0,0
ENERGY.BSE_IDX,01/07/2025,11:30:43,11984.71,0,0,0,0,0,0
ENERGY.BSE_IDX,01/07/2025,11:30:51,11985.02,0,0,0,0,0,0
ENERGY.BSE_IDX,01/07/2025,11:30:59,11985.21,0,0,0,0,0,0
ENERGY.BSE_IDX,01/07/2025,11:31:07,11983.56,0,0,0,0,0,0
ENERGY.BSE_IDX,01/07/2025,11:31:15,11981.82,0,0,0,0,0,0
ENERGY.BSE_IDX,01/07/2025,11:31:23,11980.54,0,0,0,0,0,0
ENERGY.BSE_IDX,01/07/2025,11:31:31,11982.05,0,0,0,0,0,0
ENERGY.BSE_IDX,01/07/2025,11:31:39,11982.05,0,0,0,0,0,0
ENERGY.BSE_IDX,01/07/2025,11:31:47,11981.03,0,0,0,0,0,0
ENERGY.BSE_IDX,01/07/2025,11:31:55,11981.2,0,0,0,0,0,0
ENERGY.BSE_IDX,01/07/2025,11:32:04,11982.04,0,0,0,0,0,0
ENERGY.BSE_IDX,01/07/2025,11:32:11,11982.18,0,0,0,0,0,0
ENERGY.BSE_IDX,01/07/2025,11:32:19,11981.83,0,0,0,0,0,0
ENERGY.BSE_IDX,01/07/2025,11:32:27,11979.16,0,0,0,0,0,0
ENERGY.BSE_IDX,01/07/2025,11:32:35,11981.27,0,0,0,0,0,0
ENERGY.BSE_IDX,01/07/2025,11:32:43,11980.23,0,0,0,0,0,0
ENERGY.BSE_IDX,01/07/2025,11:32:51,11979.27,0,0,0,0,0,0
ENERGY.BSE_IDX,01/07/2025,11:32:59,11981.11,0,0,0,0,0,0
ENERGY.BSE_IDX,01/07/2025,11:33:07,11978.19,0,0,0,0,0,0
ENERGY.BSE_IDX,01/07/2025,11:33:15,11975.13,0,0,0,0,0,0
ENERGY.BSE_IDX,01/07/2025,11:33:23,11976.58,0,0,0,0,0,0
ENERGY.BSE_IDX,01/07/2025,11:33:31,11975.44,0,0,0,0,0,0
ENERGY.BSE_IDX,01/07/2025,11:33:39,11975.36,0,0,0,0,0,0
ENERGY.BSE_IDX,01/07/2025,11:33:47,11976.02,0,0,0,0,0,0
ENERGY.BSE_IDX,01/07/2025,11:33:55,11977.97,0,0,0,0,0,0
ENERGY.BSE_IDX,01/07/2025,11:34:03,11978.79,0,0,0,0,0,0
ENERGY.BSE_IDX,01/07/2025,11:34:12,11977.34,0,0,0,0,0,0
ENERGY.BSE_IDX,01/07/2025,11:34:19,11977.8,0,0,0,0,0,0
ENERGY.BSE_IDX,01/07/2025,11:34:27,11976.89,0,0,0,0,0,0
ENERGY.BSE_IDX,01/07/2025,11:34:35,11976,0,0,0,0,0,0
ENERGY.BSE_IDX,01/07/2025,11:34:43,11975.95,0,0,0,0,0,0
ENERGY.BSE_IDX,01/07/2025,11:34:51,11977.07,0,0,0,0,0,0
ENERGY.BSE_IDX,01/07/2025,11:34:59,11976.44,0,0,0,0,0,0
ENERGY.BSE_IDX,01/07/2025,11:35:07,11976.6,0,0,0,0,0,0
ENERGY.BSE_IDX,01/07/2025,11:35:16,11978.88,0,0,0,0,0,0
ENERGY.BSE_IDX,01/07/2025,11:35:23,11977.87,0,0,0,0,0,0
ENERGY.BSE_IDX,01/07/2025,11:35:32,11977.76,0,0,0,0,0,0
ENERGY.BSE_IDX,01/07/2025,11:35:39,11978.79,0,0,0,0,0,0
ENERGY.BSE_IDX,01/07/2025,11:35:47,11976.8,0,0,0,0,0,0
ENERGY.BSE_IDX,01/07/2025,11:35:55,11976.85,0,0,0,0,0,0
ENERGY.BSE_IDX,01/07/2025,11:36:04,11975.65,0,0,0,0,0,0
ENERGY.BSE_IDX,01/07/2025,11:36:11,11976.87,0,0,0,0,0,0
ENERGY.BSE_IDX,01/07/2025,11:36:19,11976.43,0,0,0,0,0,0
ENERGY.BSE_IDX,01/07/2025,11:36:28,11977.5,0,0,0,0,0,0
ENERGY.BSE_IDX,01/07/2025,11:36:35,11976.18,0,0,0,0,0,0
ENERGY.BSE_IDX,01/07/2025,11:36:43,11975.84,0,0,0,0,0,0
ENERGY.BSE_IDX,01/07/2025,11:36:54,11975.99,0,0,0,0,0,0
ENERGY.BSE_IDX,01/07/2025,11:36:59,11977.45,0,0,0,0,0,0
ENERGY.BSE_IDX,01/07/2025,11:37:07,11978.82,0,0,0,0,0,0
ENERGY.BSE_IDX,01/07/2025,11:37:15,11976.54,0,0,0,0,0,0
ENERGY.BSE_IDX,01/07/2025,11:37:23,11975.21,0,0,0,0,0,0
ENERGY.BSE_IDX,01/07/2025,11:37:31,11976.99,0,0,0,0,0,0
ENERGY.BSE_IDX,01/07/2025,11:37:41,11975.17,0,0,0,0,0,0
ENERGY.BSE_IDX,01/07/2025,11:37:47,11976.53,0,0,0,0,0,0
ENERGY.BSE_IDX,01/07/2025,11:37:55,11978.67,0,0,0,0,0,0
ENERGY.BSE_IDX,01/07/2025,11:38:03,11976.82,0,0,0,0,0,0
ENERGY.BSE_IDX,01/07/2025,11:38:11,11977.81,0,0,0,0,0,0
ENERGY.BSE_IDX,01/07/2025,11:38:20,11976.53,0,0,0,0,0,0
ENERGY.BSE_IDX,01/07/2025,11:38:27,11979.61,0,0,0,0,0,0
ENERGY.BSE_IDX,01/07/2025,11:38:35,11979.89,0,0,0,0,0,0
ENERGY.BSE_IDX,01/07/2025,11:38:43,11978.93,0,0,0,0,0,0
ENERGY.BSE_IDX,01/07/2025,11:38:51,11978.29,0,0,0,0,0,0
ENERGY.BSE_IDX,01/07/2025,11:38:59,11978.56,0,0,0,0,0,0
ENERGY.BSE_IDX,01/07/2025,11:39:07,11979.95,0,0,0,0,0,0
ENERGY.BSE_IDX,01/07/2025,11:39:16,11981.34,0,0,0,0,0,0
ENERGY.BSE_IDX,01/07/2025,11:39:23,11981.38,0,0,0,0,0,0
ENERGY.BSE_IDX,01/07/2025,11:39:31,11981.38,0,0,0,0,0,0
ENERGY.BSE_IDX,01/07/2025,11:39:39,11977.82,0,0,0,0,0,0
ENERGY.BSE_IDX,01/07/2025,11:39:47,11979.52,0,0,0,0,0,0
ENERGY.BSE_IDX,01/07/2025,11:39:55,11978.56,0,0,0,0,0,0
ENERGY.BSE_IDX,01/07/2025,11:40:03,11979.08,0,0,0,0,0,0
ENERGY.BSE_IDX,01/07/2025,11:40:11,11978.48,0,0,0,0,0,0
ENERGY.BSE_IDX,01/07/2025,11:40:19,11978.53,0,0,0,0,0,0
ENERGY.BSE_IDX,01/07/2025,11:40:27,11978.39,0,0,0,0,0,0
ENERGY.BSE_IDX,01/07/2025,11:40:35,11976.83,0,0,0,0,0,0
ENERGY.BSE_IDX,01/07/2025,11:40:43,11976.85,0,0,0,0,0,0
ENERGY.BSE_IDX,01/07/2025,11:40:51,11976.65,0,0,0,0,0,0
ENERGY.BSE_IDX,01/07/2025,11:41:00,11978.55,0,0,0,0,0,0
ENERGY.BSE_IDX,01/07/2025,11:41:07,11976.92,0,0,0,0,0,0
ENERGY.BSE_IDX,01/07/2025,11:41:15,11976,0,0,0,0,0,0
ENERGY.BSE_IDX,01/07/2025,11:41:24,11976.57,0,0,0,0,0,0
ENERGY.BSE_IDX,01/07/2025,11:41:32,11978.16,0,0,0,0,0,0
ENERGY.BSE_IDX,01/07/2025,11:41:39,11978.46,0,0,0,0,0,0
ENERGY.BSE_IDX,01/07/2025,11:41:48,11977.75,0,0,0,0,0,0
ENERGY.BSE_IDX,01/07/2025,11:41:56,11977.19,0,0,0,0,0,0
ENERGY.BSE_IDX,01/07/2025,11:42:04,11977.44,0,0,0,0,0,0
ENERGY.BSE_IDX,01/07/2025,11:42:12,11978.47,0,0,0,0,0,0
ENERGY.BSE_IDX,01/07/2025,11:42:20,11979.49,0,0,0,0,0,0
ENERGY.BSE_IDX,01/07/2025,11:42:28,11979.62,0,0,0,0,0,0
ENERGY.BSE_IDX,01/07/2025,11:42:36,11980.79,0,0,0,0,0,0
ENERGY.BSE_IDX,01/07/2025,11:42:44,11983.79,0,0,0,0,0,0
ENERGY.BSE_IDX,01/07/2025,11:42:52,11982.93,0,0,0,0,0,0
ENERGY.BSE_IDX,01/07/2025,11:43:00,11981.5,0,0,0,0,0,0
ENERGY.BSE_IDX,01/07/2025,11:43:08,11982.55,0,0,0,0,0,0
ENERGY.BSE_IDX,01/07/2025,11:43:16,11981.6,0,0,0,0,0,0
ENERGY.BSE_IDX,01/07/2025,11:43:24,11979.91,0,0,0,0,0,0
ENERGY.BSE_IDX,01/07/2025,11:43:32,11978.31,0,0,0,0,0,0
ENERGY.BSE_IDX,01/07/2025,11:43:40,11978.33,0,0,0,0,0,0
ENERGY.BSE_IDX,01/07/2025,11:43:48,11980.44,0,0,0,0,0,0
ENERGY.BSE_IDX,01/07/2025,11:43:56,11977.03,0,0,0,0,0,0
ENERGY.BSE_IDX,01/07/2025,11:44:04,11977.61,0,0,0,0,0,0
ENERGY.BSE_IDX,01/07/2025,11:44:12,11978.7,0,0,0,0,0,0
ENERGY.BSE_IDX,01/07/2025,11:44:20,11981.32,0,0,0,0,0,0
ENERGY.BSE_IDX,01/07/2025,11:44:28,11980.29,0,0,0,0,0,0
ENERGY.BSE_IDX,01/07/2025,11:44:36,11975.42,0,0,0,0,0,0
ENERGY.BSE_IDX,01/07/2025,11:44:44,11976.36,0,0,0,0,0,0
ENERGY.BSE_IDX,01/07/2025,11:44:52,11976.59,0,0,0,0,0,0
ENERGY.BSE_IDX,01/07/2025,11:45:00,11974.27,0,0,0,0,0,0
ENERGY.BSE_IDX,01/07/2025,11:45:08,11975.76,0,0,0,0,0,0
ENERGY.BSE_IDX,01/07/2025,11:45:16,11972.69,0,0,0,0,0,0
ENERGY.BSE_IDX,01/07/2025,11:45:24,11972.84,0,0,0,0,0,0
ENERGY.BSE_IDX,01/07/2025,11:45:32,11976.12,0,0,0,0,0,0
ENERGY.BSE_IDX,01/07/2025,11:45:40,11975.68,0,0,0,0,0,0
ENERGY.BSE_IDX,01/07/2025,11:45:48,11973.07,0,0,0,0,0,0
ENERGY.BSE_IDX,01/07/2025,11:45:56,11975.87,0,0,0,0,0,0
ENERGY.BSE_IDX,01/07/2025,11:46:04,11975.64,0,0,0,0,0,0
ENERGY.BSE_IDX,01/07/2025,11:46:12,11977.46,0,0,0,0,0,0
ENERGY.BSE_IDX,01/07/2025,11:46:20,11976.43,0,0,0,0,0,0
ENERGY.BSE_IDX,01/07/2025,11:46:28,11976.67,0,0,0,0,0,0
ENERGY.BSE_IDX,01/07/2025,11:46:36,11977.21,0,0,0,0,0,0
ENERGY.BSE_IDX,01/07/2025,11:46:44,11975.92,0,0,0,0,0,0
ENERGY.BSE_IDX,01/07/2025,11:46:52,11975.06,0,0,0,0,0,0
ENERGY.BSE_IDX,01/07/2025,11:47:00,11973.95,0,0,0,0,0,0
ENERGY.BSE_IDX,01/07/2025,11:47:08,11973.07,0,0,0,0,0,0
ENERGY.BSE_IDX,01/07/2025,11:47:16,11972.6,0,0,0,0,0,0
ENERGY.BSE_IDX,01/07/2025,11:47:24,11973,0,0,0,0,0,0
ENERGY.BSE_IDX,01/07/2025,11:47:32,11973.02,0,0,0,0,0,0
ENERGY.BSE_IDX,01/07/2025,11:47:40,11973.49,0,0,0,0,0,0
ENERGY.BSE_IDX,01/07/2025,11:47:48,11974.63,0,0,0,0,0,0
ENERGY.BSE_IDX,01/07/2025,11:47:56,11972.58,0,0,0,0,0,0
ENERGY.BSE_IDX,01/07/2025,11:48:04,11973.99,0,0,0,0,0,0
ENERGY.BSE_IDX,01/07/2025,11:48:12,11973.85,0,0,0,0,0,0
ENERGY.BSE_IDX,01/07/2025,11:48:20,11975.94,0,0,0,0,0,0
ENERGY.BSE_IDX,01/07/2025,11:48:28,11976.1,0,0,0,0,0,0
ENERGY.BSE_IDX,01/07/2025,11:48:36,11973.42,0,0,0,0,0,0
ENERGY.BSE_IDX,01/07/2025,11:48:44,11975.58,0,0,0,0,0,0
ENERGY.BSE_IDX,01/07/2025,11:48:52,11977.12,0,0,0,0,0,0
ENERGY.BSE_IDX,01/07/2025,11:49:01,11975.04,0,0,0,0,0,0
ENERGY.BSE_IDX,01/07/2025,11:49:09,11974.84,0,0,0,0,0,0
ENERGY.BSE_IDX,01/07/2025,11:49:16,11975.65,0,0,0,0,0,0
ENERGY.BSE_IDX,01/07/2025,11:49:24,11975.55,0,0,0,0,0,0
ENERGY.BSE_IDX,01/07/2025,11:49:32,11977.5,0,0,0,0,0,0
ENERGY.BSE_IDX,01/07/2025,11:49:40,11976.89,0,0,0,0,0,0
ENERGY.BSE_IDX,01/07/2025,11:49:49,11974.65,0,0,0,0,0,0
ENERGY.BSE_IDX,01/07/2025,11:49:56,11973.91,0,0,0,0,0,0
ENERGY.BSE_IDX,01/07/2025,11:50:04,11975.43,0,0,0,0,0,0
ENERGY.BSE_IDX,01/07/2025,11:50:12,11973.81,0,0,0,0,0,0
ENERGY.BSE_IDX,01/07/2025,11:50:20,11973.59,0,0,0,0,0,0
ENERGY.BSE_IDX,01/07/2025,11:50:28,11973.62,0,0,0,0,0,0
ENERGY.BSE_IDX,01/07/2025,11:50:36,11974.66,0,0,0,0,0,0
ENERGY.BSE_IDX,01/07/2025,11:50:44,11974.27,0,0,0,0,0,0
ENERGY.BSE_IDX,01/07/2025,11:50:52,11975.01,0,0,0,0,0,0
ENERGY.BSE_IDX,01/07/2025,11:51:00,11973.79,0,0,0,0,0,0
ENERGY.BSE_IDX,01/07/2025,11:51:08,11974.97,0,0,0,0,0,0
ENERGY.BSE_IDX,01/07/2025,11:51:16,11975,0,0,0,0,0,0
ENERGY.BSE_IDX,01/07/2025,11:51:24,11972.13,0,0,0,0,0,0
ENERGY.BSE_IDX,01/07/2025,11:51:32,11972.18,0,0,0,0,0,0
ENERGY.BSE_IDX,01/07/2025,11:51:40,11972.2,0,0,0,0,0,0
ENERGY.BSE_IDX,01/07/2025,11:51:48,11971.39,0,0,0,0,0,0
ENERGY.BSE_IDX,01/07/2025,11:51:56,11971.39,0,0,0,0,0,0
ENERGY.BSE_IDX,01/07/2025,11:52:04,11972.22,0,0,0,0,0,0
ENERGY.BSE_IDX,01/07/2025,11:52:12,11971.53,0,0,0,0,0,0
ENERGY.BSE_IDX,01/07/2025,11:52:20,11971.5,0,0,0,0,0,0
ENERGY.BSE_IDX,01/07/2025,11:52:28,11971.63,0,0,0,0,0,0
ENERGY.BSE_IDX,01/07/2025,11:52:36,11971.99,0,0,0,0,0,0
ENERGY.BSE_IDX,01/07/2025,11:52:44,11970.23,0,0,0,0,0,0
ENERGY.BSE_IDX,01/07/2025,11:52:52,11969.68,0,0,0,0,0,0
ENERGY.BSE_IDX,01/07/2025,11:53:00,11967.35,0,0,0,0,0,0
ENERGY.BSE_IDX,01/07/2025,11:53:08,11966.3,0,0,0,0,0,0
ENERGY.BSE_IDX,01/07/2025,11:53:16,11964.78,0,0,0,0,0,0
ENERGY.BSE_IDX,01/07/2025,11:53:24,11963.74,0,0,0,0,0,0
ENERGY.BSE_IDX,01/07/2025,11:53:32,11963.78,0,0,0,0,0,0
ENERGY.BSE_IDX,01/07/2025,11:53:40,11966.19,0,0,0,0,0,0
ENERGY.BSE_IDX,01/07/2025,11:53:48,11966.18,0,0,0,0,0,0
ENERGY.BSE_IDX,01/07/2025,11:53:56,11963.19,0,0,0,0,0,0
ENERGY.BSE_IDX,01/07/2025,11:54:04,11961.9,0,0,0,0,0,0
ENERGY.BSE_IDX,01/07/2025,11:54:12,11959.62,0,0,0,0,0,0
ENERGY.BSE_IDX,01/07/2025,11:54:20,11959.09,0,0,0,0,0,0
ENERGY.BSE_IDX,01/07/2025,11:54:28,11962.16,0,0,0,0,0,0
ENERGY.BSE_IDX,01/07/2025,11:54:36,11962.42,0,0,0,0,0,0
ENERGY.BSE_IDX,01/07/2025,11:54:44,11961.69,0,0,0,0,0,0
ENERGY.BSE_IDX,01/07/2025,11:54:52,11961.15,0,0,0,0,0,0
ENERGY.BSE_IDX,01/07/2025,11:55:00,11959.41,0,0,0,0,0,0
ENERGY.BSE_IDX,01/07/2025,11:55:08,11959.93,0,0,0,0,0,0
ENERGY.BSE_IDX,01/07/2025,11:55:17,11958.93,0,0,0,0,0,0
ENERGY.BSE_IDX,01/07/2025,11:55:24,11960.99,0,0,0,0,0,0
ENERGY.BSE_IDX,01/07/2025,11:55:32,11961.06,0,0,0,0,0,0
ENERGY.BSE_IDX,01/07/2025,11:55:40,11962.06,0,0,0,0,0,0
ENERGY.BSE_IDX,01/07/2025,11:55:48,11958.8,0,0,0,0,0,0
ENERGY.BSE_IDX,01/07/2025,11:55:56,11961.36,0,0,0,0,0,0
ENERGY.BSE_IDX,01/07/2025,11:56:05,11962.12,0,0,0,0,0,0
ENERGY.BSE_IDX,01/07/2025,11:56:12,11961.89,0,0,0,0,0,0
ENERGY.BSE_IDX,01/07/2025,11:56:20,11957.36,0,0,0,0,0,0
ENERGY.BSE_IDX,01/07/2025,11:56:28,11956.53,0,0,0,0,0,0
ENERGY.BSE_IDX,01/07/2025,11:56:36,11958.26,0,0,0,0,0,0
ENERGY.BSE_IDX,01/07/2025,11:56:44,11958.29,0,0,0,0,0,0
ENERGY.BSE_IDX,01/07/2025,11:56:52,11956.6,0,0,0,0,0,0
ENERGY.BSE_IDX,01/07/2025,11:57:00,11956.74,0,0,0,0,0,0
ENERGY.BSE_IDX,01/07/2025,11:57:08,11956.81,0,0,0,0,0,0
ENERGY.BSE_IDX,01/07/2025,11:57:16,11958.32,0,0,0,0,0,0
ENERGY.BSE_IDX,01/07/2025,11:57:24,11958.26,0,0,0,0,0,0
ENERGY.BSE_IDX,01/07/2025,11:57:32,11957.78,0,0,0,0,0,0
ENERGY.BSE_IDX,01/07/2025,11:57:40,11957.99,0,0,0,0,0,0
ENERGY.BSE_IDX,01/07/2025,11:57:48,11956.22,0,0,0,0,0,0
ENERGY.BSE_IDX,01/07/2025,11:57:56,11958.31,0,0,0,0,0,0
ENERGY.BSE_IDX,01/07/2025,11:58:04,11958.18,0,0,0,0,0,0
ENERGY.BSE_IDX,01/07/2025,11:58:12,11957.96,0,0,0,0,0,0
ENERGY.BSE_IDX,01/07/2025,11:58:20,11958.1,0,0,0,0,0,0
ENERGY.BSE_IDX,01/07/2025,11:58:28,11955.78,0,0,0,0,0,0
ENERGY.BSE_IDX,01/07/2025,11:58:36,11956.63,0,0,0,0,0,0
ENERGY.BSE_IDX,01/07/2025,11:58:44,11958.22,0,0,0,0,0,0
ENERGY.BSE_IDX,01/07/2025,11:58:52,11958.88,0,0,0,0,0,0
ENERGY.BSE_IDX,01/07/2025,11:59:00,11956.06,0,0,0,0,0,0
ENERGY.BSE_IDX,01/07/2025,11:59:08,11956.4,0,0,0,0,0,0
ENERGY.BSE_IDX,01/07/2025,11:59:16,11955.72,0,0,0,0,0,0
ENERGY.BSE_IDX,01/07/2025,11:59:24,11957.47,0,0,0,0,0,0
ENERGY.BSE_IDX,01/07/2025,11:59:32,11958.19,0,0,0,0,0,0
ENERGY.BSE_IDX,01/07/2025,11:59:40,11958.26,0,0,0,0,0,0
ENERGY.BSE_IDX,01/07/2025,11:59:48,11958.25,0,0,0,0,0,0
ENERGY.BSE_IDX,01/07/2025,11:59:56,11958.22,0,0,0,0,0,0
ENERGY.BSE_IDX,01/07/2025,12:00:05,11958.22,0,0,0,0,0,0
ENERGY.BSE_IDX,01/07/2025,12:00:12,11958.42,0,0,0,0,0,0
ENERGY.BSE_IDX,01/07/2025,12:00:20,11958.57,0,0,0,0,0,0
ENERGY.BSE_IDX,01/07/2025,12:00:28,11957.01,0,0,0,0,0,0
ENERGY.BSE_IDX,01/07/2025,12:00:37,11956.74,0,0,0,0,0,0
ENERGY.BSE_IDX,01/07/2025,12:00:44,11957.16,0,0,0,0,0,0
ENERGY.BSE_IDX,01/07/2025,12:00:52,11957.31,0,0,0,0,0,0
ENERGY.BSE_IDX,01/07/2025,12:01:00,11956.74,0,0,0,0,0,0
ENERGY.BSE_IDX,01/07/2025,12:01:08,11955.94,0,0,0,0,0,0
ENERGY.BSE_IDX,01/07/2025,12:01:16,11957.03,0,0,0,0,0,0
ENERGY.BSE_IDX,01/07/2025,12:01:24,11957.07,0,0,0,0,0,0
ENERGY.BSE_IDX,01/07/2025,12:01:32,11957.73,0,0,0,0,0,0
ENERGY.BSE_IDX,01/07/2025,12:01:40,11957.21,0,0,0,0,0,0
ENERGY.BSE_IDX,01/07/2025,12:01:48,11955.23,0,0,0,0,0,0
ENERGY.BSE_IDX,01/07/2025,12:01:57,11955.32,0,0,0,0,0,0
ENERGY.BSE_IDX,01/07/2025,12:02:04,11955.72,0,0,0,0,0,0
ENERGY.BSE_IDX,01/07/2025,12:02:12,11957.03,0,0,0,0,0,0
ENERGY.BSE_IDX,01/07/2025,12:02:20,11957.38,0,0,0,0,0,0
ENERGY.BSE_IDX,01/07/2025,12:02:28,11954.67,0,0,0,0,0,0
ENERGY.BSE_IDX,01/07/2025,12:02:36,11956.2,0,0,0,0,0,0
ENERGY.BSE_IDX,01/07/2025,12:02:44,11958,0,0,0,0,0,0
ENERGY.BSE_IDX,01/07/2025,12:02:52,11957.92,0,0,0,0,0,0
ENERGY.BSE_IDX,01/07/2025,12:03:00,11957.23,0,0,0,0,0,0
ENERGY.BSE_IDX,01/07/2025,12:03:08,11957.06,0,0,0,0,0,0
ENERGY.BSE_IDX,01/07/2025,12:03:17,11957.04,0,0,0,0,0,0
ENERGY.BSE_IDX,01/07/2025,12:03:24,11957.64,0,0,0,0,0,0
ENERGY.BSE_IDX,01/07/2025,12:03:32,11959.95,0,0,0,0,0,0
ENERGY.BSE_IDX,01/07/2025,12:03:40,11960.17,0,0,0,0,0,0
ENERGY.BSE_IDX,01/07/2025,12:03:48,11960.62,0,0,0,0,0,0
ENERGY.BSE_IDX,01/07/2025,12:03:56,11958.92,0,0,0,0,0,0
ENERGY.BSE_IDX,01/07/2025,12:04:04,11959.02,0,0,0,0,0,0
ENERGY.BSE_IDX,01/07/2025,12:04:12,11958.43,0,0,0,0,0,0
ENERGY.BSE_IDX,01/07/2025,12:04:20,11958.39,0,0,0,0,0,0
ENERGY.BSE_IDX,01/07/2025,12:04:28,11959.49,0,0,0,0,0,0
ENERGY.BSE_IDX,01/07/2025,12:04:36,11960.06,0,0,0,0,0,0
ENERGY.BSE_IDX,01/07/2025,12:04:44,11959.99,0,0,0,0,0,0
ENERGY.BSE_IDX,01/07/2025,12:04:52,11960.92,0,0,0,0,0,0
ENERGY.BSE_IDX,01/07/2025,12:05:01,11959.24,0,0,0,0,0,0
ENERGY.BSE_IDX,01/07/2025,12:05:08,11957.98,0,0,0,0,0,0
ENERGY.BSE_IDX,01/07/2025,12:05:16,11958.33,0,0,0,0,0,0
ENERGY.BSE_IDX,01/07/2025,12:05:24,11955.27,0,0,0,0,0,0
ENERGY.BSE_IDX,01/07/2025,12:05:32,11954.19,0,0,0,0,0,0
ENERGY.BSE_IDX,01/07/2025,12:05:40,11955.67,0,0,0,0,0,0
ENERGY.BSE_IDX,01/07/2025,12:05:48,11954.24,0,0,0,0,0,0
ENERGY.BSE_IDX,01/07/2025,12:05:56,11956.94,0,0,0,0,0,0
ENERGY.BSE_IDX,01/07/2025,12:06:04,11956.25,0,0,0,0,0,0
ENERGY.BSE_IDX,01/07/2025,12:06:12,11957.5,0,0,0,0,0,0
ENERGY.BSE_IDX,01/07/2025,12:06:20,11959.78,0,0,0,0,0,0
ENERGY.BSE_IDX,01/07/2025,12:06:28,11958.33,0,0,0,0,0,0
ENERGY.BSE_IDX,01/07/2025,12:06:36,11958.31,0,0,0,0,0,0
ENERGY.BSE_IDX,01/07/2025,12:06:44,11958.21,0,0,0,0,0,0
ENERGY.BSE_IDX,01/07/2025,12:06:53,11957.2,0,0,0,0,0,0
ENERGY.BSE_IDX,01/07/2025,12:07:00,11958.08,0,0,0,0,0,0
ENERGY.BSE_IDX,01/07/2025,12:07:08,11958.18,0,0,0,0,0,0
ENERGY.BSE_IDX,01/07/2025,12:07:16,11958.59,0,0,0,0,0,0
ENERGY.BSE_IDX,01/07/2025,12:07:24,11958.63,0,0,0,0,0,0
ENERGY.BSE_IDX,01/07/2025,12:07:32,11955.79,0,0,0,0,0,0
ENERGY.BSE_IDX,01/07/2025,12:07:40,11955.57,0,0,0,0,0,0
ENERGY.BSE_IDX,01/07/2025,12:07:48,11957.14,0,0,0,0,0,0
ENERGY.BSE_IDX,01/07/2025,12:07:56,11955.95,0,0,0,0,0,0
ENERGY.BSE_IDX,01/07/2025,12:08:04,11956.46,0,0,0,0,0,0
ENERGY.BSE_IDX,01/07/2025,12:08:12,11957.81,0,0,0,0,0,0
ENERGY.BSE_IDX,01/07/2025,12:08:20,11957.99,0,0,0,0,0,0
ENERGY.BSE_IDX,01/07/2025,12:08:28,11957.94,0,0,0,0,0,0
ENERGY.BSE_IDX,01/07/2025,12:08:36,11959.69,0,0,0,0,0,0
ENERGY.BSE_IDX,01/07/2025,12:08:44,11961.08,0,0,0,0,0,0
ENERGY.BSE_IDX,01/07/2025,12:08:52,11963.01,0,0,0,0,0,0
ENERGY.BSE_IDX,01/07/2025,12:09:00,11963.76,0,0,0,0,0,0
ENERGY.BSE_IDX,01/07/2025,12:09:08,11968.11,0,0,0,0,0,0
ENERGY.BSE_IDX,01/07/2025,12:09:16,11969.53,0,0,0,0,0,0
ENERGY.BSE_IDX,01/07/2025,12:09:25,11969.16,0,0,0,0,0,0
ENERGY.BSE_IDX,01/07/2025,12:09:32,11968.72,0,0,0,0,0,0
ENERGY.BSE_IDX,01/07/2025,12:09:40,11972.55,0,0,0,0,0,0
ENERGY.BSE_IDX,01/07/2025,12:09:48,11972.26,0,0,0,0,0,0
ENERGY.BSE_IDX,01/07/2025,12:09:57,11971.7,0,0,0,0,0,0
ENERGY.BSE_IDX,01/07/2025,12:10:05,11972.63,0,0,0,0,0,0
ENERGY.BSE_IDX,01/07/2025,12:10:13,11970.75,0,0,0,0,0,0
ENERGY.BSE_IDX,01/07/2025,12:10:22,11972.99,0,0,0,0,0,0
ENERGY.BSE_IDX,01/07/2025,12:10:28,11973.65,0,0,0,0,0,0
ENERGY.BSE_IDX,01/07/2025,12:10:36,11972.53,0,0,0,0,0,0
ENERGY.BSE_IDX,01/07/2025,12:10:45,11973.12,0,0,0,0,0,0
ENERGY.BSE_IDX,01/07/2025,12:10:52,11973.33,0,0,0,0,0,0
ENERGY.BSE_IDX,01/07/2025,12:11:00,11973.02,0,0,0,0,0,0
ENERGY.BSE_IDX,01/07/2025,12:11:08,11973.86,0,0,0,0,0,0
ENERGY.BSE_IDX,01/07/2025,12:11:17,11971.99,0,0,0,0,0,0
ENERGY.BSE_IDX,01/07/2025,12:11:24,11973.45,0,0,0,0,0,0
ENERGY.BSE_IDX,01/07/2025,12:11:32,11974.57,0,0,0,0,0,0
ENERGY.BSE_IDX,01/07/2025,12:11:40,11974.1,0,0,0,0,0,0
ENERGY.BSE_IDX,01/07/2025,12:11:49,11975.18,0,0,0,0,0,0
ENERGY.BSE_IDX,01/07/2025,12:11:57,11974.97,0,0,0,0,0,0
ENERGY.BSE_IDX,01/07/2025,12:12:05,11975.83,0,0,0,0,0,0
ENERGY.BSE_IDX,01/07/2025,12:12:13,11976.97,0,0,0,0,0,0
ENERGY.BSE_IDX,01/07/2025,12:12:21,11978.06,0,0,0,0,0,0
ENERGY.BSE_IDX,01/07/2025,12:12:29,11976.9,0,0,0,0,0,0
ENERGY.BSE_IDX,01/07/2025,12:12:37,11977.48,0,0,0,0,0,0
ENERGY.BSE_IDX,01/07/2025,12:12:45,11977.95,0,0,0,0,0,0
ENERGY.BSE_IDX,01/07/2025,12:12:53,11975.68,0,0,0,0,0,0
ENERGY.BSE_IDX,01/07/2025,12:13:01,11976.23,0,0,0,0,0,0
ENERGY.BSE_IDX,01/07/2025,12:13:09,11976.03,0,0,0,0,0,0
ENERGY.BSE_IDX,01/07/2025,12:13:17,11976.31,0,0,0,0,0,0
ENERGY.BSE_IDX,01/07/2025,12:13:25,11976.12,0,0,0,0,0,0
ENERGY.BSE_IDX,01/07/2025,12:13:33,11978,0,0,0,0,0,0
ENERGY.BSE_IDX,01/07/2025,12:13:41,11978.03,0,0,0,0,0,0
ENERGY.BSE_IDX,01/07/2025,12:13:49,11974.74,0,0,0,0,0,0
ENERGY.BSE_IDX,01/07/2025,12:13:57,11975.03,0,0,0,0,0,0
ENERGY.BSE_IDX,01/07/2025,12:14:05,11975.22,0,0,0,0,0,0
ENERGY.BSE_IDX,01/07/2025,12:14:13,11975.01,0,0,0,0,0,0
ENERGY.BSE_IDX,01/07/2025,12:14:21,11976.22,0,0,0,0,0,0
ENERGY.BSE_IDX,01/07/2025,12:14:29,11975.78,0,0,0,0,0,0
ENERGY.BSE_IDX,01/07/2025,12:14:37,11975.68,0,0,0,0,0,0
ENERGY.BSE_IDX,01/07/2025,12:14:46,11975.44,0,0,0,0,0,0
ENERGY.BSE_IDX,01/07/2025,12:14:54,11974.3,0,0,0,0,0,0
ENERGY.BSE_IDX,01/07/2025,12:15:01,11973.14,0,0,0,0,0,0
ENERGY.BSE_IDX,01/07/2025,12:15:09,11972.79,0,0,0,0,0,0
ENERGY.BSE_IDX,01/07/2025,12:15:17,11973.33,0,0,0,0,0,0
ENERGY.BSE_IDX,01/07/2025,12:15:25,11971.27,0,0,0,0,0,0
ENERGY.BSE_IDX,01/07/2025,12:15:33,11969.36,0,0,0,0,0,0
ENERGY.BSE_IDX,01/07/2025,12:15:41,11970.26,0,0,0,0,0,0
ENERGY.BSE_IDX,01/07/2025,12:15:49,11969.72,0,0,0,0,0,0
ENERGY.BSE_IDX,01/07/2025,12:15:57,11968.61,0,0,0,0,0,0
ENERGY.BSE_IDX,01/07/2025,12:16:05,11968.75,0,0,0,0,0,0
ENERGY.BSE_IDX,01/07/2025,12:16:13,11970.04,0,0,0,0,0,0
ENERGY.BSE_IDX,01/07/2025,12:16:21,11971.4,0,0,0,0,0,0
ENERGY.BSE_IDX,01/07/2025,12:16:29,11971.9,0,0,0,0,0,0
ENERGY.BSE_IDX,01/07/2025,12:16:37,11972.23,0,0,0,0,0,0
ENERGY.BSE_IDX,01/07/2025,12:16:45,11973.14,0,0,0,0,0,0
ENERGY.BSE_IDX,01/07/2025,12:16:53,11970.52,0,0,0,0,0,0
ENERGY.BSE_IDX,01/07/2025,12:17:01,11969.95,0,0,0,0,0,0
ENERGY.BSE_IDX,01/07/2025,12:17:09,11971.21,0,0,0,0,0,0
ENERGY.BSE_IDX,01/07/2025,12:17:17,11971.7,0,0,0,0,0,0
ENERGY.BSE_IDX,01/07/2025,12:17:25,11969.6,0,0,0,0,0,0
ENERGY.BSE_IDX,01/07/2025,12:17:33,11971.59,0,0,0,0,0,0
ENERGY.BSE_IDX,01/07/2025,12:17:41,11970.17,0,0,0,0,0,0
ENERGY.BSE_IDX,01/07/2025,12:17:49,11972.09,0,0,0,0,0,0
ENERGY.BSE_IDX,01/07/2025,12:17:57,11972.11,0,0,0,0,0,0
ENERGY.BSE_IDX,01/07/2025,12:18:05,11971.65,0,0,0,0,0,0
ENERGY.BSE_IDX,01/07/2025,12:18:13,11972.4,0,0,0,0,0,0
ENERGY.BSE_IDX,01/07/2025,12:18:21,11969.39,0,0,0,0,0,0
ENERGY.BSE_IDX,01/07/2025,12:18:29,11970.16,0,0,0,0,0,0
ENERGY.BSE_IDX,01/07/2025,12:18:37,11969.07,0,0,0,0,0,0
ENERGY.BSE_IDX,01/07/2025,12:18:45,11969.69,0,0,0,0,0,0
ENERGY.BSE_IDX,01/07/2025,12:18:53,11969.97,0,0,0,0,0,0
ENERGY.BSE_IDX,01/07/2025,12:19:01,11970.67,0,0,0,0,0,0
ENERGY.BSE_IDX,01/07/2025,12:19:09,11971.01,0,0,0,0,0,0
ENERGY.BSE_IDX,01/07/2025,12:19:17,11971.2,0,0,0,0,0,0
ENERGY.BSE_IDX,01/07/2025,12:19:25,11971.56,0,0,0,0,0,0
ENERGY.BSE_IDX,01/07/2025,12:19:33,11973.46,0,0,0,0,0,0
ENERGY.BSE_IDX,01/07/2025,12:19:41,11973.4,0,0,0,0,0,0
ENERGY.BSE_IDX,01/07/2025,12:19:49,11973.1,0,0,0,0,0,0
ENERGY.BSE_IDX,01/07/2025,12:19:57,11976.56,0,0,0,0,0,0
ENERGY.BSE_IDX,01/07/2025,12:20:05,11976.56,0,0,0,0,0,0
ENERGY.BSE_IDX,01/07/2025,12:20:13,11973.1,0,0,0,0,0,0
ENERGY.BSE_IDX,01/07/2025,12:20:21,11975.07,0,0,0,0,0,0
ENERGY.BSE_IDX,01/07/2025,12:20:29,11975.37,0,0,0,0,0,0
ENERGY.BSE_IDX,01/07/2025,12:20:37,11975.73,0,0,0,0,0,0
ENERGY.BSE_IDX,01/07/2025,12:20:45,11974.16,0,0,0,0,0,0
ENERGY.BSE_IDX,01/07/2025,12:20:53,11975.55,0,0,0,0,0,0
ENERGY.BSE_IDX,01/07/2025,12:21:01,11973.68,0,0,0,0,0,0
ENERGY.BSE_IDX,01/07/2025,12:21:09,11975.7,0,0,0,0,0,0
ENERGY.BSE_IDX,01/07/2025,12:21:17,11972.65,0,0,0,0,0,0
ENERGY.BSE_IDX,01/07/2025,12:21:25,11973.9,0,0,0,0,0,0
ENERGY.BSE_IDX,01/07/2025,12:21:33,11975.69,0,0,0,0,0,0
ENERGY.BSE_IDX,01/07/2025,12:21:41,11976.88,0,0,0,0,0,0
ENERGY.BSE_IDX,01/07/2025,12:21:49,11975.42,0,0,0,0,0,0
ENERGY.BSE_IDX,01/07/2025,12:21:57,11978.83,0,0,0,0,0,0
ENERGY.BSE_IDX,01/07/2025,12:22:05,11980.29,0,0,0,0,0,0
ENERGY.BSE_IDX,01/07/2025,12:22:13,11978.07,0,0,0,0,0,0
ENERGY.BSE_IDX,01/07/2025,12:22:21,11978.54,0,0,0,0,0,0
ENERGY.BSE_IDX,01/07/2025,12:22:29,11979.16,0,0,0,0,0,0
ENERGY.BSE_IDX,01/07/2025,12:22:37,11976.92,0,0,0,0,0,0
ENERGY.BSE_IDX,01/07/2025,12:22:45,11979.14,0,0,0,0,0,0
ENERGY.BSE_IDX,01/07/2025,12:22:53,11979.73,0,0,0,0,0,0
ENERGY.BSE_IDX,01/07/2025,12:23:02,11979.04,0,0,0,0,0,0
ENERGY.BSE_IDX,01/07/2025,12:23:09,11980.91,0,0,0,0,0,0
ENERGY.BSE_IDX,01/07/2025,12:23:17,11981.04,0,0,0,0,0,0
ENERGY.BSE_IDX,01/07/2025,12:23:25,11981.91,0,0,0,0,0,0
ENERGY.BSE_IDX,01/07/2025,12:23:33,11980.52,0,0,0,0,0,0
ENERGY.BSE_IDX,01/07/2025,12:23:41,11983.18,0,0,0,0,0,0
ENERGY.BSE_IDX,01/07/2025,12:23:49,11983.63,0,0,0,0,0,0
ENERGY.BSE_IDX,01/07/2025,12:23:57,11983.3,0,0,0,0,0,0
ENERGY.BSE_IDX,01/07/2025,12:24:05,11982.6,0,0,0,0,0,0
ENERGY.BSE_IDX,01/07/2025,12:24:13,11983.93,0,0,0,0,0,0
ENERGY.BSE_IDX,01/07/2025,12:24:21,11986.61,0,0,0,0,0,0
ENERGY.BSE_IDX,01/07/2025,12:24:29,11986.91,0,0,0,0,0,0
ENERGY.BSE_IDX,01/07/2025,12:24:37,11986.19,0,0,0,0,0,0
ENERGY.BSE_IDX,01/07/2025,12:24:45,11988.81,0,0,0,0,0,0
ENERGY.BSE_IDX,01/07/2025,12:24:53,11987.18,0,0,0,0,0,0
ENERGY.BSE_IDX,01/07/2025,12:25:01,11988.84,0,0,0,0,0,0
ENERGY.BSE_IDX,01/07/2025,12:25:09,11990.45,0,0,0,0,0,0
ENERGY.BSE_IDX,01/07/2025,12:25:17,11988.5,0,0,0,0,0,0
ENERGY.BSE_IDX,01/07/2025,12:25:25,11990.1,0,0,0,0,0,0
ENERGY.BSE_IDX,01/07/2025,12:25:33,11993.65,0,0,0,0,0,0
ENERGY.BSE_IDX,01/07/2025,12:25:41,11993.75,0,0,0,0,0,0
ENERGY.BSE_IDX,01/07/2025,12:25:49,11992.81,0,0,0,0,0,0
ENERGY.BSE_IDX,01/07/2025,12:25:57,11993.6,0,0,0,0,0,0
ENERGY.BSE_IDX,01/07/2025,12:26:05,11993.42,0,0,0,0,0,0
ENERGY.BSE_IDX,01/07/2025,12:26:13,11995.14,0,0,0,0,0,0
ENERGY.BSE_IDX,01/07/2025,12:26:21,11994.04,0,0,0,0,0,0
ENERGY.BSE_IDX,01/07/2025,12:26:31,11994.31,0,0,0,0,0,0
ENERGY.BSE_IDX,01/07/2025,12:26:37,11996.05,0,0,0,0,0,0
ENERGY.BSE_IDX,01/07/2025,12:26:45,11997,0,0,0,0,0,0
ENERGY.BSE_IDX,01/07/2025,12:26:53,11998.78,0,0,0,0,0,0
ENERGY.BSE_IDX,01/07/2025,12:27:01,11998.18,0,0,0,0,0,0
ENERGY.BSE_IDX,01/07/2025,12:27:09,11996.95,0,0,0,0,0,0
ENERGY.BSE_IDX,01/07/2025,12:27:17,11999.75,0,0,0,0,0,0
ENERGY.BSE_IDX,01/07/2025,12:27:25,12002.48,0,0,0,0,0,0
ENERGY.BSE_IDX,01/07/2025,12:27:33,12003.3,0,0,0,0,0,0
ENERGY.BSE_IDX,01/07/2025,12:27:41,12004.34,0,0,0,0,0,0
ENERGY.BSE_IDX,01/07/2025,12:27:49,12001.55,0,0,0,0,0,0
ENERGY.BSE_IDX,01/07/2025,12:27:57,12001.01,0,0,0,0,0,0
ENERGY.BSE_IDX,01/07/2025,12:28:05,12001.55,0,0,0,0,0,0
ENERGY.BSE_IDX,01/07/2025,12:28:13,12002.49,0,0,0,0,0,0
ENERGY.BSE_IDX,01/07/2025,12:28:21,12001.17,0,0,0,0,0,0
ENERGY.BSE_IDX,01/07/2025,12:28:29,11998.31,0,0,0,0,0,0
ENERGY.BSE_IDX,01/07/2025,12:28:37,12000.25,0,0,0,0,0,0
ENERGY.BSE_IDX,01/07/2025,12:28:45,11996.68,0,0,0,0,0,0
ENERGY.BSE_IDX,01/07/2025,12:28:53,11993.71,0,0,0,0,0,0
ENERGY.BSE_IDX,01/07/2025,12:29:01,11993.65,0,0,0,0,0,0
ENERGY.BSE_IDX,01/07/2025,12:29:10,11993.04,0,0,0,0,0,0
ENERGY.BSE_IDX,01/07/2025,12:29:18,11994.33,0,0,0,0,0,0
ENERGY.BSE_IDX,01/07/2025,12:29:25,11996.14,0,0,0,0,0,0
ENERGY.BSE_IDX,01/07/2025,12:29:33,11993.12,0,0,0,0,0,0
ENERGY.BSE_IDX,01/07/2025,12:29:41,11993.08,0,0,0,0,0,0
ENERGY.BSE_IDX,01/07/2025,12:29:49,11991.88,0,0,0,0,0,0
ENERGY.BSE_IDX,01/07/2025,12:29:57,11993.91,0,0,0,0,0,0
ENERGY.BSE_IDX,01/07/2025,12:30:05,11996.85,0,0,0,0,0,0
ENERGY.BSE_IDX,01/07/2025,12:30:13,11998.47,0,0,0,0,0,0
ENERGY.BSE_IDX,01/07/2025,12:30:22,11996.54,0,0,0,0,0,0
ENERGY.BSE_IDX,01/07/2025,12:30:29,11997.72,0,0,0,0,0,0
ENERGY.BSE_IDX,01/07/2025,12:30:37,11998.84,0,0,0,0,0,0
ENERGY.BSE_IDX,01/07/2025,12:30:45,11998.75,0,0,0,0,0,0
ENERGY.BSE_IDX,01/07/2025,12:30:53,11999.44,0,0,0,0,0,0
ENERGY.BSE_IDX,01/07/2025,12:31:01,11997.35,0,0,0,0,0,0
ENERGY.BSE_IDX,01/07/2025,12:31:09,11997.4,0,0,0,0,0,0
ENERGY.BSE_IDX,01/07/2025,12:31:17,11998.54,0,0,0,0,0,0
ENERGY.BSE_IDX,01/07/2025,12:31:25,11997.68,0,0,0,0,0,0
ENERGY.BSE_IDX,01/07/2025,12:31:34,11998.1,0,0,0,0,0,0
ENERGY.BSE_IDX,01/07/2025,12:31:41,11996.06,0,0,0,0,0,0
ENERGY.BSE_IDX,01/07/2025,12:31:49,11993.51,0,0,0,0,0,0
ENERGY.BSE_IDX,01/07/2025,12:31:57,11994.69,0,0,0,0,0,0
ENERGY.BSE_IDX,01/07/2025,12:32:05,11994.83,0,0,0,0,0,0
ENERGY.BSE_IDX,01/07/2025,12:32:13,11993.66,0,0,0,0,0,0
ENERGY.BSE_IDX,01/07/2025,12:32:21,11994.68,0,0,0,0,0,0
ENERGY.BSE_IDX,01/07/2025,12:32:29,11994.54,0,0,0,0,0,0
ENERGY.BSE_IDX,01/07/2025,12:32:37,11993.19,0,0,0,0,0,0
ENERGY.BSE_IDX,01/07/2025,12:32:45,11994.46,0,0,0,0,0,0
ENERGY.BSE_IDX,01/07/2025,12:32:53,11995.04,0,0,0,0,0,0
ENERGY.BSE_IDX,01/07/2025,12:33:01,11994.73,0,0,0,0,0,0
ENERGY.BSE_IDX,01/07/2025,12:33:09,11994.27,0,0,0,0,0,0
ENERGY.BSE_IDX,01/07/2025,12:33:17,11997.43,0,0,0,0,0,0
ENERGY.BSE_IDX,01/07/2025,12:33:26,11996.98,0,0,0,0,0,0
ENERGY.BSE_IDX,01/07/2025,12:33:33,11995.59,0,0,0,0,0,0
ENERGY.BSE_IDX,01/07/2025,12:33:41,11995.02,0,0,0,0,0,0
ENERGY.BSE_IDX,01/07/2025,12:33:49,11995.12,0,0,0,0,0,0
ENERGY.BSE_IDX,01/07/2025,12:33:57,11994.01,0,0,0,0,0,0
ENERGY.BSE_IDX,01/07/2025,12:34:05,11996.33,0,0,0,0,0,0
ENERGY.BSE_IDX,01/07/2025,12:34:13,11997.33,0,0,0,0,0,0
ENERGY.BSE_IDX,01/07/2025,12:34:21,11997.86,0,0,0,0,0,0
ENERGY.BSE_IDX,01/07/2025,12:34:29,11997.59,0,0,0,0,0,0
ENERGY.BSE_IDX,01/07/2025,12:34:37,11997.66,0,0,0,0,0,0
ENERGY.BSE_IDX,01/07/2025,12:34:45,11998.73,0,0,0,0,0,0
ENERGY.BSE_IDX,01/07/2025,12:34:53,11999.93,0,0,0,0,0,0
ENERGY.BSE_IDX,01/07/2025,12:35:01,11999.34,0,0,0,0,0,0
ENERGY.BSE_IDX,01/07/2025,12:35:09,11998.4,0,0,0,0,0,0
ENERGY.BSE_IDX,01/07/2025,12:35:17,12000.1,0,0,0,0,0,0
ENERGY.BSE_IDX,01/07/2025,12:35:25,12002.88,0,0,0,0,0,0
ENERGY.BSE_IDX,01/07/2025,12:35:33,12002.12,0,0,0,0,0,0
ENERGY.BSE_IDX,01/07/2025,12:35:41,12001.38,0,0,0,0,0,0
ENERGY.BSE_IDX,01/07/2025,12:35:49,12003.17,0,0,0,0,0,0
ENERGY.BSE_IDX,01/07/2025,12:35:57,12002.2,0,0,0,0,0,0
ENERGY.BSE_IDX,01/07/2025,12:36:05,12004.67,0,0,0,0,0,0
ENERGY.BSE_IDX,01/07/2025,12:36:13,12004.69,0,0,0,0,0,0
ENERGY.BSE_IDX,01/07/2025,12:36:21,12003.33,0,0,0,0,0,0
ENERGY.BSE_IDX,01/07/2025,12:36:29,12004.95,0,0,0,0,0,0
ENERGY.BSE_IDX,01/07/2025,12:36:37,12003.99,0,0,0,0,0,0
ENERGY.BSE_IDX,01/07/2025,12:36:45,12004.04,0,0,0,0,0,0
ENERGY.BSE_IDX,01/07/2025,12:36:53,12005.44,0,0,0,0,0,0
ENERGY.BSE_IDX,01/07/2025,12:37:01,12004.59,0,0,0,0,0,0
ENERGY.BSE_IDX,01/07/2025,12:37:09,12005.81,0,0,0,0,0,0
ENERGY.BSE_IDX,01/07/2025,12:37:17,12007.24,0,0,0,0,0,0
ENERGY.BSE_IDX,01/07/2025,12:37:25,12005.2,0,0,0,0,0,0
ENERGY.BSE_IDX,01/07/2025,12:37:33,12008.51,0,0,0,0,0,0
ENERGY.BSE_IDX,01/07/2025,12:37:41,12008.06,0,0,0,0,0,0
ENERGY.BSE_IDX,01/07/2025,12:37:49,12008.71,0,0,0,0,0,0
ENERGY.BSE_IDX,01/07/2025,12:37:57,12007.1,0,0,0,0,0,0
ENERGY.BSE_IDX,01/07/2025,12:38:05,12008.07,0,0,0,0,0,0
ENERGY.BSE_IDX,01/07/2025,12:38:13,12008.48,0,0,0,0,0,0
ENERGY.BSE_IDX,01/07/2025,12:38:22,12009.57,0,0,0,0,0,0
ENERGY.BSE_IDX,01/07/2025,12:38:29,12007.49,0,0,0,0,0,0
ENERGY.BSE_IDX,01/07/2025,12:38:39,12010.36,0,0,0,0,0,0
ENERGY.BSE_IDX,01/07/2025,12:38:45,12008.19,0,0,0,0,0,0
ENERGY.BSE_IDX,01/07/2025,12:38:53,12010.45,0,0,0,0,0,0
ENERGY.BSE_IDX,01/07/2025,12:39:01,12008.14,0,0,0,0,0,0
ENERGY.BSE_IDX,01/07/2025,12:39:10,12006.01,0,0,0,0,0,0
ENERGY.BSE_IDX,01/07/2025,12:39:17,12007.85,0,0,0,0,0,0
ENERGY.BSE_IDX,01/07/2025,12:39:25,12008.2,0,0,0,0,0,0
ENERGY.BSE_IDX,01/07/2025,12:39:34,12007.17,0,0,0,0,0,0
ENERGY.BSE_IDX,01/07/2025,12:39:42,12009.05,0,0,0,0,0,0
ENERGY.BSE_IDX,01/07/2025,12:39:49,12008.93,0,0,0,0,0,0
ENERGY.BSE_IDX,01/07/2025,12:39:57,12008.75,0,0,0,0,0,0
ENERGY.BSE_IDX,01/07/2025,12:40:05,12010.24,0,0,0,0,0,0
ENERGY.BSE_IDX,01/07/2025,12:40:21,12010.25,0,0,0,0,0,0
ENERGY.BSE_IDX,01/07/2025,12:40:29,12009.47,0,0,0,0,0,0
ENERGY.BSE_IDX,01/07/2025,12:40:37,12010.94,0,0,0,0,0,0
ENERGY.BSE_IDX,01/07/2025,12:40:45,12010.04,0,0,0,0,0,0
ENERGY.BSE_IDX,01/07/2025,12:40:54,12010.78,0,0,0,0,0,0
ENERGY.BSE_IDX,01/07/2025,12:41:01,12010.87,0,0,0,0,0,0
ENERGY.BSE_IDX,01/07/2025,12:41:09,12011.93,0,0,0,0,0,0
ENERGY.BSE_IDX,01/07/2025,12:41:17,12011.73,0,0,0,0,0,0
ENERGY.BSE_IDX,01/07/2025,12:41:25,12013.28,0,0,0,0,0,0
ENERGY.BSE_IDX,01/07/2025,12:41:33,12011.38,0,0,0,0,0,0
ENERGY.BSE_IDX,01/07/2025,12:41:41,12012.13,0,0,0,0,0,0
ENERGY.BSE_IDX,01/07/2025,12:41:49,12013.7,0,0,0,0,0,0
ENERGY.BSE_IDX,01/07/2025,12:41:57,12012.22,0,0,0,0,0,0
ENERGY.BSE_IDX,01/07/2025,12:42:05,12011.08,0,0,0,0,0,0
ENERGY.BSE_IDX,01/07/2025,12:42:13,12009.17,0,0,0,0,0,0
ENERGY.BSE_IDX,01/07/2025,12:42:21,12009.65,0,0,0,0,0,0
ENERGY.BSE_IDX,01/07/2025,12:42:29,12009.42,0,0,0,0,0,0
ENERGY.BSE_IDX,01/07/2025,12:42:37,12009.66,0,0,0,0,0,0
ENERGY.BSE_IDX,01/07/2025,12:42:45,12009.37,0,0,0,0,0,0
ENERGY.BSE_IDX,01/07/2025,12:42:53,12009.67,0,0,0,0,0,0
ENERGY.BSE_IDX,01/07/2025,12:43:01,12009.78,0,0,0,0,0,0
ENERGY.BSE_IDX,01/07/2025,12:43:10,12010.94,0,0,0,0,0,0
ENERGY.BSE_IDX,01/07/2025,12:43:17,12011.46,0,0,0,0,0,0
ENERGY.BSE_IDX,01/07/2025,12:43:26,12011.86,0,0,0,0,0,0
ENERGY.BSE_IDX,01/07/2025,12:43:33,12010.77,0,0,0,0,0,0
ENERGY.BSE_IDX,01/07/2025,12:43:41,12010.18,0,0,0,0,0,0
ENERGY.BSE_IDX,01/07/2025,12:43:49,12010.79,0,0,0,0,0,0
ENERGY.BSE_IDX,01/07/2025,12:43:58,12011.4,0,0,0,0,0,0
ENERGY.BSE_IDX,01/07/2025,12:44:05,12010.83,0,0,0,0,0,0
ENERGY.BSE_IDX,01/07/2025,12:44:14,12010.27,0,0,0,0,0,0
ENERGY.BSE_IDX,01/07/2025,12:44:21,12004.85,0,0,0,0,0,0
ENERGY.BSE_IDX,01/07/2025,12:44:29,12004.52,0,0,0,0,0,0
ENERGY.BSE_IDX,01/07/2025,12:44:38,12004.41,0,0,0,0,0,0
ENERGY.BSE_IDX,01/07/2025,12:44:45,12005.24,0,0,0,0,0,0
ENERGY.BSE_IDX,01/07/2025,12:44:53,12002.25,0,0,0,0,0,0
ENERGY.BSE_IDX,01/07/2025,12:45:01,12002.62,0,0,0,0,0,0
ENERGY.BSE_IDX,01/07/2025,12:45:11,12003.08,0,0,0,0,0,0
ENERGY.BSE_IDX,01/07/2025,12:45:17,12003.09,0,0,0,0,0,0
ENERGY.BSE_IDX,01/07/2025,12:45:25,12003.15,0,0,0,0,0,0
ENERGY.BSE_IDX,01/07/2025,12:45:34,12003.71,0,0,0,0,0,0
ENERGY.BSE_IDX,01/07/2025,12:45:42,12003.17,0,0,0,0,0,0
ENERGY.BSE_IDX,01/07/2025,12:45:50,12000.07,0,0,0,0,0,0
ENERGY.BSE_IDX,01/07/2025,12:45:58,12000.52,0,0,0,0,0,0
ENERGY.BSE_IDX,01/07/2025,12:46:06,12001.63,0,0,0,0,0,0
ENERGY.BSE_IDX,01/07/2025,12:46:14,12000.24,0,0,0,0,0,0
ENERGY.BSE_IDX,01/07/2025,12:46:22,12002.33,0,0,0,0,0,0
ENERGY.BSE_IDX,01/07/2025,12:46:30,12000.86,0,0,0,0,0,0
ENERGY.BSE_IDX,01/07/2025,12:46:38,12001.11,0,0,0,0,0,0
ENERGY.BSE_IDX,01/07/2025,12:46:46,12002.87,0,0,0,0,0,0
ENERGY.BSE_IDX,01/07/2025,12:46:54,12001.89,0,0,0,0,0,0
ENERGY.BSE_IDX,01/07/2025,12:47:02,12001.82,0,0,0,0,0,0
ENERGY.BSE_IDX,01/07/2025,12:47:10,12001.77,0,0,0,0,0,0
ENERGY.BSE_IDX,01/07/2025,12:47:18,12001.59,0,0,0,0,0,0
ENERGY.BSE_IDX,01/07/2025,12:47:26,12003.17,0,0,0,0,0,0
ENERGY.BSE_IDX,01/07/2025,12:47:34,12003.25,0,0,0,0,0,0
ENERGY.BSE_IDX,01/07/2025,12:47:42,12002.65,0,0,0,0,0,0
ENERGY.BSE_IDX,01/07/2025,12:47:50,12003.35,0,0,0,0,0,0
ENERGY.BSE_IDX,01/07/2025,12:47:58,12001.87,0,0,0,0,0,0
ENERGY.BSE_IDX,01/07/2025,12:48:06,12001.41,0,0,0,0,0,0
ENERGY.BSE_IDX,01/07/2025,12:48:14,12002.36,0,0,0,0,0,0
ENERGY.BSE_IDX,01/07/2025,12:48:22,12001.86,0,0,0,0,0,0
ENERGY.BSE_IDX,01/07/2025,12:48:30,12002.14,0,0,0,0,0,0
ENERGY.BSE_IDX,01/07/2025,12:48:38,12000.92,0,0,0,0,0,0
ENERGY.BSE_IDX,01/07/2025,12:48:46,12000.93,0,0,0,0,0,0
ENERGY.BSE_IDX,01/07/2025,12:48:54,12003.19,0,0,0,0,0,0
ENERGY.BSE_IDX,01/07/2025,12:49:02,12003.82,0,0,0,0,0,0
ENERGY.BSE_IDX,01/07/2025,12:49:10,12003.01,0,0,0,0,0,0
ENERGY.BSE_IDX,01/07/2025,12:49:18,12002.33,0,0,0,0,0,0
ENERGY.BSE_IDX,01/07/2025,12:49:26,12002.77,0,0,0,0,0,0
ENERGY.BSE_IDX,01/07/2025,12:49:34,12001.84,0,0,0,0,0,0
ENERGY.BSE_IDX,01/07/2025,12:49:42,12001.66,0,0,0,0,0,0
ENERGY.BSE_IDX,01/07/2025,12:49:50,12003.81,0,0,0,0,0,0
ENERGY.BSE_IDX,01/07/2025,12:49:58,12002.04,0,0,0,0,0,0
ENERGY.BSE_IDX,01/07/2025,12:50:06,12001.76,0,0,0,0,0,0
ENERGY.BSE_IDX,01/07/2025,12:50:14,12002.02,0,0,0,0,0,0
ENERGY.BSE_IDX,01/07/2025,12:50:22,12003.31,0,0,0,0,0,0
ENERGY.BSE_IDX,01/07/2025,12:50:30,12003.43,0,0,0,0,0,0
ENERGY.BSE_IDX,01/07/2025,12:50:38,12001.26,0,0,0,0,0,0
ENERGY.BSE_IDX,01/07/2025,12:50:47,12003.69,0,0,0,0,0,0
ENERGY.BSE_IDX,01/07/2025,12:50:54,12002.23,0,0,0,0,0,0
ENERGY.BSE_IDX,01/07/2025,12:51:02,12002.15,0,0,0,0,0,0
ENERGY.BSE_IDX,01/07/2025,12:51:10,12005.04,0,0,0,0,0,0
ENERGY.BSE_IDX,01/07/2025,12:51:19,12004.92,0,0,0,0,0,0
ENERGY.BSE_IDX,01/07/2025,12:51:26,12005.19,0,0,0,0,0,0
ENERGY.BSE_IDX,01/07/2025,12:51:34,12005.36,0,0,0,0,0,0
ENERGY.BSE_IDX,01/07/2025,12:51:42,12004.06,0,0,0,0,0,0
ENERGY.BSE_IDX,01/07/2025,12:51:50,12004.76,0,0,0,0,0,0
ENERGY.BSE_IDX,01/07/2025,12:51:58,12006.9,0,0,0,0,0,0
ENERGY.BSE_IDX,01/07/2025,12:52:06,12005.1,0,0,0,0,0,0
ENERGY.BSE_IDX,01/07/2025,12:52:14,12005.94,0,0,0,0,0,0
ENERGY.BSE_IDX,01/07/2025,12:52:22,12005.54,0,0,0,0,0,0
ENERGY.BSE_IDX,01/07/2025,12:52:30,12007.03,0,0,0,0,0,0
ENERGY.BSE_IDX,01/07/2025,12:52:38,12006.3,0,0,0,0,0,0
ENERGY.BSE_IDX,01/07/2025,12:52:46,12005.77,0,0,0,0,0,0
ENERGY.BSE_IDX,01/07/2025,12:52:54,12004.42,0,0,0,0,0,0
ENERGY.BSE_IDX,01/07/2025,12:53:02,12005.35,0,0,0,0,0,0
ENERGY.BSE_IDX,01/07/2025,12:53:10,12006.2,0,0,0,0,0,0
ENERGY.BSE_IDX,01/07/2025,12:53:18,12005.38,0,0,0,0,0,0
ENERGY.BSE_IDX,01/07/2025,12:53:26,12004.82,0,0,0,0,0,0
ENERGY.BSE_IDX,01/07/2025,12:53:34,12005.31,0,0,0,0,0,0
ENERGY.BSE_IDX,01/07/2025,12:53:42,12004.86,0,0,0,0,0,0
ENERGY.BSE_IDX,01/07/2025,12:53:50,12005.53,0,0,0,0,0,0
ENERGY.BSE_IDX,01/07/2025,12:53:58,12004.53,0,0,0,0,0,0
ENERGY.BSE_IDX,01/07/2025,12:54:06,12004.75,0,0,0,0,0,0
ENERGY.BSE_IDX,01/07/2025,12:54:14,12004.58,0,0,0,0,0,0
ENERGY.BSE_IDX,01/07/2025,12:54:22,12003.63,0,0,0,0,0,0
