Ticker,Date,Time,LTP,BuyPrice,BuyQty,SellPrice,SellQty,LTQ,OpenInterest
ESG100.BSE_IDX,01/07/2025,09:00:07,429.27,0,0,0,0,0,0
ESG100.BSE_IDX,01/07/2025,09:00:15,429.17,0,0,0,0,0,0
ESG100.BSE_IDX,01/07/2025,09:00:23,429.06,0,0,0,0,0,0
ESG100.BSE_IDX,01/07/2025,09:00:31,429.22,0,0,0,0,0,0
ESG100.BSE_IDX,01/07/2025,09:00:39,428.85,0,0,0,0,0,0
ESG100.BSE_IDX,01/07/2025,09:00:47,428.48,0,0,0,0,0,0
ESG100.BSE_IDX,01/07/2025,09:00:55,428.5,0,0,0,0,0,0
ESG100.BSE_IDX,01/07/2025,09:01:03,428.49,0,0,0,0,0,0
ESG100.BSE_IDX,01/07/2025,09:01:11,428.5,0,0,0,0,0,0
ESG100.BSE_IDX,01/07/2025,09:01:19,428.69,0,0,0,0,0,0
ESG100.BSE_IDX,01/07/2025,09:01:27,428.58,0,0,0,0,0,0
ESG100.BSE_IDX,01/07/2025,09:01:35,428.41,0,0,0,0,0,0
ESG100.BSE_IDX,01/07/2025,09:01:43,428.18,0,0,0,0,0,0
ESG100.BSE_IDX,01/07/2025,09:01:51,427.91,0,0,0,0,0,0
ESG100.BSE_IDX,01/07/2025,09:01:59,428.04,0,0,0,0,0,0
ESG100.BSE_IDX,01/07/2025,09:02:07,428.11,0,0,0,0,0,0
ESG100.BSE_IDX,01/07/2025,09:02:15,428.14,0,0,0,0,0,0
ESG100.BSE_IDX,01/07/2025,09:02:23,428.13,0,0,0,0,0,0
ESG100.BSE_IDX,01/07/2025,09:02:31,428.21,0,0,0,0,0,0
ESG100.BSE_IDX,01/07/2025,09:02:39,428.21,0,0,0,0,0,0
ESG100.BSE_IDX,01/07/2025,09:02:47,428.09,0,0,0,0,0,0
ESG100.BSE_IDX,01/07/2025,09:02:55,428.1,0,0,0,0,0,0
ESG100.BSE_IDX,01/07/2025,09:03:03,428.39,0,0,0,0,0,0
ESG100.BSE_IDX,01/07/2025,09:03:11,428.33,0,0,0,0,0,0
ESG100.BSE_IDX,01/07/2025,09:03:19,428.27,0,0,0,0,0,0
ESG100.BSE_IDX,01/07/2025,09:03:27,428.15,0,0,0,0,0,0
ESG100.BSE_IDX,01/07/2025,09:03:35,428.2,0,0,0,0,0,0
ESG100.BSE_IDX,01/07/2025,09:03:43,428.12,0,0,0,0,0,0
ESG100.BSE_IDX,01/07/2025,09:03:51,427.97,0,0,0,0,0,0
ESG100.BSE_IDX,01/07/2025,09:03:59,427.72,0,0,0,0,0,0
ESG100.BSE_IDX,01/07/2025,09:04:07,427.68,0,0,0,0,0,0
ESG100.BSE_IDX,01/07/2025,09:04:15,427.62,0,0,0,0,0,0
ESG100.BSE_IDX,01/07/2025,09:04:23,427.63,0,0,0,0,0,0
ESG100.BSE_IDX,01/07/2025,09:04:31,427.61,0,0,0,0,0,0
ESG100.BSE_IDX,01/07/2025,09:04:39,427.58,0,0,0,0,0,0
ESG100.BSE_IDX,01/07/2025,09:04:47,427.48,0,0,0,0,0,0
ESG100.BSE_IDX,01/07/2025,09:04:55,427.35,0,0,0,0,0,0
ESG100.BSE_IDX,01/07/2025,09:05:03,427.35,0,0,0,0,0,0
ESG100.BSE_IDX,01/07/2025,09:05:11,427.29,0,0,0,0,0,0
ESG100.BSE_IDX,01/07/2025,09:05:19,427.52,0,0,0,0,0,0
ESG100.BSE_IDX,01/07/2025,09:05:27,427.53,0,0,0,0,0,0
ESG100.BSE_IDX,01/07/2025,09:05:35,427.56,0,0,0,0,0,0
ESG100.BSE_IDX,01/07/2025,09:05:43,427.51,0,0,0,0,0,0
ESG100.BSE_IDX,01/07/2025,09:05:51,427.54,0,0,0,0,0,0
ESG100.BSE_IDX,01/07/2025,09:05:59,427.65,0,0,0,0,0,0
ESG100.BSE_IDX,01/07/2025,09:06:07,427.66,0,0,0,0,0,0
ESG100.BSE_IDX,01/07/2025,09:06:15,427.66,0,0,0,0,0,0
ESG100.BSE_IDX,01/07/2025,09:06:23,427.76,0,0,0,0,0,0
ESG100.BSE_IDX,01/07/2025,09:06:31,427.85,0,0,0,0,0,0
ESG100.BSE_IDX,01/07/2025,09:06:39,427.83,0,0,0,0,0,0
ESG100.BSE_IDX,01/07/2025,09:06:47,427.7,0,0,0,0,0,0
ESG100.BSE_IDX,01/07/2025,09:06:55,427.74,0,0,0,0,0,0
ESG100.BSE_IDX,01/07/2025,09:07:04,427.71,0,0,0,0,0,0
ESG100.BSE_IDX,01/07/2025,09:07:11,427.71,0,0,0,0,0,0
ESG100.BSE_IDX,01/07/2025,09:07:19,427.71,0,0,0,0,0,0
ESG100.BSE_IDX,01/07/2025,09:07:27,427.71,0,0,0,0,0,0
ESG100.BSE_IDX,01/07/2025,09:07:35,427.71,0,0,0,0,0,0
ESG100.BSE_IDX,01/07/2025,09:07:43,427.71,0,0,0,0,0,0
ESG100.BSE_IDX,01/07/2025,09:07:51,427.71,0,0,0,0,0,0
ESG100.BSE_IDX,01/07/2025,09:07:59,427.71,0,0,0,0,0,0
ESG100.BSE_IDX,01/07/2025,09:08:07,427.71,0,0,0,0,0,0
ESG100.BSE_IDX,01/07/2025,09:08:15,427.71,0,0,0,0,0,0
ESG100.BSE_IDX,01/07/2025,09:08:23,427.71,0,0,0,0,0,0
ESG100.BSE_IDX,01/07/2025,09:08:31,427.71,0,0,0,0,0,0
ESG100.BSE_IDX,01/07/2025,09:08:39,427.71,0,0,0,0,0,0
ESG100.BSE_IDX,01/07/2025,09:08:47,427.71,0,0,0,0,0,0
ESG100.BSE_IDX,01/07/2025,09:08:55,427.71,0,0,0,0,0,0
ESG100.BSE_IDX,01/07/2025,09:09:03,427.71,0,0,0,0,0,0
ESG100.BSE_IDX,01/07/2025,09:09:11,427.71,0,0,0,0,0,0
ESG100.BSE_IDX,01/07/2025,09:09:19,427.71,0,0,0,0,0,0
ESG100.BSE_IDX,01/07/2025,09:09:27,427.71,0,0,0,0,0,0
ESG100.BSE_IDX,01/07/2025,09:09:35,427.71,0,0,0,0,0,0
ESG100.BSE_IDX,01/07/2025,09:09:43,427.71,0,0,0,0,0,0
ESG100.BSE_IDX,01/07/2025,09:09:51,427.71,0,0,0,0,0,0
ESG100.BSE_IDX,01/07/2025,09:09:59,427.71,0,0,0,0,0,0
ESG100.BSE_IDX,01/07/2025,09:10:07,427.71,0,0,0,0,0,0
ESG100.BSE_IDX,01/07/2025,09:10:15,427.71,0,0,0,0,0,0
ESG100.BSE_IDX,01/07/2025,09:10:23,427.71,0,0,0,0,0,0
ESG100.BSE_IDX,01/07/2025,09:10:31,427.71,0,0,0,0,0,0
ESG100.BSE_IDX,01/07/2025,09:10:39,427.71,0,0,0,0,0,0
ESG100.BSE_IDX,01/07/2025,09:10:47,427.71,0,0,0,0,0,0
ESG100.BSE_IDX,01/07/2025,09:10:55,427.71,0,0,0,0,0,0
ESG100.BSE_IDX,01/07/2025,09:11:03,427.71,0,0,0,0,0,0
ESG100.BSE_IDX,01/07/2025,09:11:11,427.71,0,0,0,0,0,0
ESG100.BSE_IDX,01/07/2025,09:11:19,427.71,0,0,0,0,0,0
ESG100.BSE_IDX,01/07/2025,09:11:27,427.71,0,0,0,0,0,0
ESG100.BSE_IDX,01/07/2025,09:11:35,427.71,0,0,0,0,0,0
ESG100.BSE_IDX,01/07/2025,09:11:43,427.71,0,0,0,0,0,0
ESG100.BSE_IDX,01/07/2025,09:11:51,427.71,0,0,0,0,0,0
ESG100.BSE_IDX,01/07/2025,09:11:59,427.71,0,0,0,0,0,0
ESG100.BSE_IDX,01/07/2025,09:12:07,427.71,0,0,0,0,0,0
ESG100.BSE_IDX,01/07/2025,09:12:16,427.71,0,0,0,0,0,0
ESG100.BSE_IDX,01/07/2025,09:12:23,427.71,0,0,0,0,0,0
ESG100.BSE_IDX,01/07/2025,09:12:31,427.71,0,0,0,0,0,0
ESG100.BSE_IDX,01/07/2025,09:12:39,427.71,0,0,0,0,0,0
ESG100.BSE_IDX,01/07/2025,09:12:47,427.71,0,0,0,0,0,0
ESG100.BSE_IDX,01/07/2025,09:12:55,427.71,0,0,0,0,0,0
ESG100.BSE_IDX,01/07/2025,09:13:03,427.71,0,0,0,0,0,0
ESG100.BSE_IDX,01/07/2025,09:13:11,427.71,0,0,0,0,0,0
ESG100.BSE_IDX,01/07/2025,09:13:19,427.71,0,0,0,0,0,0
ESG100.BSE_IDX,01/07/2025,09:13:27,427.71,0,0,0,0,0,0
ESG100.BSE_IDX,01/07/2025,09:13:35,427.71,0,0,0,0,0,0
ESG100.BSE_IDX,01/07/2025,09:13:43,427.71,0,0,0,0,0,0
ESG100.BSE_IDX,01/07/2025,09:13:51,427.71,0,0,0,0,0,0
ESG100.BSE_IDX,01/07/2025,09:13:59,427.71,0,0,0,0,0,0
ESG100.BSE_IDX,01/07/2025,09:14:07,427.71,0,0,0,0,0,0
ESG100.BSE_IDX,01/07/2025,09:14:15,427.71,0,0,0,0,0,0
ESG100.BSE_IDX,01/07/2025,09:14:23,427.71,0,0,0,0,0,0
ESG100.BSE_IDX,01/07/2025,09:14:31,427.71,0,0,0,0,0,0
ESG100.BSE_IDX,01/07/2025,09:14:39,427.71,0,0,0,0,0,0
ESG100.BSE_IDX,01/07/2025,09:14:47,427.71,0,0,0,0,0,0
ESG100.BSE_IDX,01/07/2025,09:14:55,427.71,0,0,0,0,0,0
ESG100.BSE_IDX,01/07/2025,09:15:04,427.92,0,0,0,0,0,0
ESG100.BSE_IDX,01/07/2025,09:15:11,428.05,0,0,0,0,0,0
ESG100.BSE_IDX,01/07/2025,09:15:19,427.85,0,0,0,0,0,0
ESG100.BSE_IDX,01/07/2025,09:15:27,427.68,0,0,0,0,0,0
ESG100.BSE_IDX,01/07/2025,09:15:35,427.67,0,0,0,0,0,0
ESG100.BSE_IDX,01/07/2025,09:15:43,427.62,0,0,0,0,0,0
ESG100.BSE_IDX,01/07/2025,09:15:51,427.53,0,0,0,0,0,0
ESG100.BSE_IDX,01/07/2025,09:15:59,427.42,0,0,0,0,0,0
ESG100.BSE_IDX,01/07/2025,09:16:07,427.38,0,0,0,0,0,0
ESG100.BSE_IDX,01/07/2025,09:16:15,427.48,0,0,0,0,0,0
ESG100.BSE_IDX,01/07/2025,09:16:24,427.51,0,0,0,0,0,0
ESG100.BSE_IDX,01/07/2025,09:16:31,427.46,0,0,0,0,0,0
ESG100.BSE_IDX,01/07/2025,09:16:39,427.46,0,0,0,0,0,0
ESG100.BSE_IDX,01/07/2025,09:16:48,427.35,0,0,0,0,0,0
ESG100.BSE_IDX,01/07/2025,09:16:55,427.36,0,0,0,0,0,0
ESG100.BSE_IDX,01/07/2025,09:17:03,427.42,0,0,0,0,0,0
ESG100.BSE_IDX,01/07/2025,09:17:12,427.31,0,0,0,0,0,0
ESG100.BSE_IDX,01/07/2025,09:17:19,427.32,0,0,0,0,0,0
ESG100.BSE_IDX,01/07/2025,09:17:27,427.35,0,0,0,0,0,0
ESG100.BSE_IDX,01/07/2025,09:17:35,427.41,0,0,0,0,0,0
ESG100.BSE_IDX,01/07/2025,09:17:44,427.51,0,0,0,0,0,0
ESG100.BSE_IDX,01/07/2025,09:17:51,427.58,0,0,0,0,0,0
ESG100.BSE_IDX,01/07/2025,09:17:59,427.56,0,0,0,0,0,0
ESG100.BSE_IDX,01/07/2025,09:18:07,427.63,0,0,0,0,0,0
ESG100.BSE_IDX,01/07/2025,09:18:15,427.62,0,0,0,0,0,0
ESG100.BSE_IDX,01/07/2025,09:18:23,427.61,0,0,0,0,0,0
ESG100.BSE_IDX,01/07/2025,09:18:31,427.6,0,0,0,0,0,0
ESG100.BSE_IDX,01/07/2025,09:18:39,427.63,0,0,0,0,0,0
ESG100.BSE_IDX,01/07/2025,09:18:47,427.65,0,0,0,0,0,0
ESG100.BSE_IDX,01/07/2025,09:18:56,427.65,0,0,0,0,0,0
ESG100.BSE_IDX,01/07/2025,09:19:03,427.62,0,0,0,0,0,0
ESG100.BSE_IDX,01/07/2025,09:19:11,427.57,0,0,0,0,0,0
ESG100.BSE_IDX,01/07/2025,09:19:19,427.57,0,0,0,0,0,0
ESG100.BSE_IDX,01/07/2025,09:19:28,427.54,0,0,0,0,0,0
ESG100.BSE_IDX,01/07/2025,09:19:35,427.61,0,0,0,0,0,0
ESG100.BSE_IDX,01/07/2025,09:19:43,427.59,0,0,0,0,0,0
ESG100.BSE_IDX,01/07/2025,09:19:52,427.6,0,0,0,0,0,0
ESG100.BSE_IDX,01/07/2025,09:19:59,427.58,0,0,0,0,0,0
ESG100.BSE_IDX,01/07/2025,09:20:07,427.63,0,0,0,0,0,0
ESG100.BSE_IDX,01/07/2025,09:20:15,427.69,0,0,0,0,0,0
ESG100.BSE_IDX,01/07/2025,09:20:24,427.65,0,0,0,0,0,0
ESG100.BSE_IDX,01/07/2025,09:20:31,427.7,0,0,0,0,0,0
ESG100.BSE_IDX,01/07/2025,09:20:39,427.71,0,0,0,0,0,0
ESG100.BSE_IDX,01/07/2025,09:20:47,427.69,0,0,0,0,0,0
ESG100.BSE_IDX,01/07/2025,09:20:55,427.66,0,0,0,0,0,0
ESG100.BSE_IDX,01/07/2025,09:21:03,427.65,0,0,0,0,0,0
ESG100.BSE_IDX,01/07/2025,09:21:11,427.71,0,0,0,0,0,0
ESG100.BSE_IDX,01/07/2025,09:21:19,427.83,0,0,0,0,0,0
ESG100.BSE_IDX,01/07/2025,09:21:27,427.82,0,0,0,0,0,0
ESG100.BSE_IDX,01/07/2025,09:21:36,427.85,0,0,0,0,0,0
ESG100.BSE_IDX,01/07/2025,09:21:43,427.91,0,0,0,0,0,0
ESG100.BSE_IDX,01/07/2025,09:21:51,427.95,0,0,0,0,0,0
ESG100.BSE_IDX,01/07/2025,09:21:59,427.95,0,0,0,0,0,0
ESG100.BSE_IDX,01/07/2025,09:22:07,427.94,0,0,0,0,0,0
ESG100.BSE_IDX,01/07/2025,09:22:15,427.93,0,0,0,0,0,0
ESG100.BSE_IDX,01/07/2025,09:22:23,428.02,0,0,0,0,0,0
ESG100.BSE_IDX,01/07/2025,09:22:31,428.08,0,0,0,0,0,0
ESG100.BSE_IDX,01/07/2025,09:22:39,428.07,0,0,0,0,0,0
ESG100.BSE_IDX,01/07/2025,09:22:47,428.1,0,0,0,0,0,0
ESG100.BSE_IDX,01/07/2025,09:22:55,428.09,0,0,0,0,0,0
ESG100.BSE_IDX,01/07/2025,09:23:03,428.08,0,0,0,0,0,0
ESG100.BSE_IDX,01/07/2025,09:23:11,428.05,0,0,0,0,0,0
ESG100.BSE_IDX,01/07/2025,09:23:19,428,0,0,0,0,0,0
ESG100.BSE_IDX,01/07/2025,09:23:27,427.95,0,0,0,0,0,0
ESG100.BSE_IDX,01/07/2025,09:23:35,427.92,0,0,0,0,0,0
ESG100.BSE_IDX,01/07/2025,09:23:44,427.9,0,0,0,0,0,0
ESG100.BSE_IDX,01/07/2025,09:23:51,427.83,0,0,0,0,0,0
ESG100.BSE_IDX,01/07/2025,09:23:59,427.82,0,0,0,0,0,0
ESG100.BSE_IDX,01/07/2025,09:24:08,427.89,0,0,0,0,0,0
ESG100.BSE_IDX,01/07/2025,09:24:15,427.89,0,0,0,0,0,0
ESG100.BSE_IDX,01/07/2025,09:24:23,427.89,0,0,0,0,0,0
ESG100.BSE_IDX,01/07/2025,09:24:32,427.87,0,0,0,0,0,0
ESG100.BSE_IDX,01/07/2025,09:24:39,427.87,0,0,0,0,0,0
ESG100.BSE_IDX,01/07/2025,09:24:48,427.9,0,0,0,0,0,0
ESG100.BSE_IDX,01/07/2025,09:24:57,427.88,0,0,0,0,0,0
ESG100.BSE_IDX,01/07/2025,09:25:03,427.89,0,0,0,0,0,0
ESG100.BSE_IDX,01/07/2025,09:25:12,427.94,0,0,0,0,0,0
ESG100.BSE_IDX,01/07/2025,09:25:19,427.98,0,0,0,0,0,0
ESG100.BSE_IDX,01/07/2025,09:25:29,427.97,0,0,0,0,0,0
ESG100.BSE_IDX,01/07/2025,09:25:35,428.08,0,0,0,0,0,0
ESG100.BSE_IDX,01/07/2025,09:25:43,428.07,0,0,0,0,0,0
ESG100.BSE_IDX,01/07/2025,09:25:51,428.09,0,0,0,0,0,0
ESG100.BSE_IDX,01/07/2025,09:25:59,428.09,0,0,0,0,0,0
ESG100.BSE_IDX,01/07/2025,09:26:08,428.05,0,0,0,0,0,0
ESG100.BSE_IDX,01/07/2025,09:26:15,428.02,0,0,0,0,0,0
ESG100.BSE_IDX,01/07/2025,09:26:24,428.08,0,0,0,0,0,0
ESG100.BSE_IDX,01/07/2025,09:26:31,428.1,0,0,0,0,0,0
ESG100.BSE_IDX,01/07/2025,09:26:39,428.1,0,0,0,0,0,0
ESG100.BSE_IDX,01/07/2025,09:26:48,428.1,0,0,0,0,0,0
ESG100.BSE_IDX,01/07/2025,09:26:55,428.15,0,0,0,0,0,0
ESG100.BSE_IDX,01/07/2025,09:27:04,428.18,0,0,0,0,0,0
ESG100.BSE_IDX,01/07/2025,09:27:12,428.15,0,0,0,0,0,0
ESG100.BSE_IDX,01/07/2025,09:27:19,428.18,0,0,0,0,0,0
ESG100.BSE_IDX,01/07/2025,09:27:28,428.15,0,0,0,0,0,0
ESG100.BSE_IDX,01/07/2025,09:27:36,428.13,0,0,0,0,0,0
ESG100.BSE_IDX,01/07/2025,09:27:44,428.12,0,0,0,0,0,0
ESG100.BSE_IDX,01/07/2025,09:27:51,428.13,0,0,0,0,0,0
ESG100.BSE_IDX,01/07/2025,09:28:00,428.19,0,0,0,0,0,0
ESG100.BSE_IDX,01/07/2025,09:28:08,428.15,0,0,0,0,0,0
ESG100.BSE_IDX,01/07/2025,09:28:16,428.16,0,0,0,0,0,0
ESG100.BSE_IDX,01/07/2025,09:28:24,428.11,0,0,0,0,0,0
ESG100.BSE_IDX,01/07/2025,09:28:32,428.07,0,0,0,0,0,0
ESG100.BSE_IDX,01/07/2025,09:28:40,428,0,0,0,0,0,0
ESG100.BSE_IDX,01/07/2025,09:28:48,427.99,0,0,0,0,0,0
ESG100.BSE_IDX,01/07/2025,09:28:56,427.97,0,0,0,0,0,0
ESG100.BSE_IDX,01/07/2025,09:29:04,428,0,0,0,0,0,0
ESG100.BSE_IDX,01/07/2025,09:29:12,428,0,0,0,0,0,0
ESG100.BSE_IDX,01/07/2025,09:29:20,427.96,0,0,0,0,0,0
ESG100.BSE_IDX,01/07/2025,09:29:28,427.96,0,0,0,0,0,0
ESG100.BSE_IDX,01/07/2025,09:29:36,427.98,0,0,0,0,0,0
ESG100.BSE_IDX,01/07/2025,09:29:44,428.02,0,0,0,0,0,0
ESG100.BSE_IDX,01/07/2025,09:29:52,428.03,0,0,0,0,0,0
ESG100.BSE_IDX,01/07/2025,09:30:00,428.06,0,0,0,0,0,0
ESG100.BSE_IDX,01/07/2025,09:30:08,428.11,0,0,0,0,0,0
ESG100.BSE_IDX,01/07/2025,09:30:16,428.25,0,0,0,0,0,0
ESG100.BSE_IDX,01/07/2025,09:30:24,428.26,0,0,0,0,0,0
ESG100.BSE_IDX,01/07/2025,09:30:32,428.31,0,0,0,0,0,0
ESG100.BSE_IDX,01/07/2025,09:30:40,428.33,0,0,0,0,0,0
ESG100.BSE_IDX,01/07/2025,09:30:48,428.35,0,0,0,0,0,0
ESG100.BSE_IDX,01/07/2025,09:30:56,428.3,0,0,0,0,0,0
ESG100.BSE_IDX,01/07/2025,09:31:04,428.31,0,0,0,0,0,0
ESG100.BSE_IDX,01/07/2025,09:31:12,428.23,0,0,0,0,0,0
ESG100.BSE_IDX,01/07/2025,09:31:20,428.19,0,0,0,0,0,0
ESG100.BSE_IDX,01/07/2025,09:31:28,428.18,0,0,0,0,0,0
ESG100.BSE_IDX,01/07/2025,09:31:36,428.17,0,0,0,0,0,0
ESG100.BSE_IDX,01/07/2025,09:31:44,428.14,0,0,0,0,0,0
ESG100.BSE_IDX,01/07/2025,09:31:52,428.17,0,0,0,0,0,0
ESG100.BSE_IDX,01/07/2025,09:32:00,428.2,0,0,0,0,0,0
ESG100.BSE_IDX,01/07/2025,09:32:08,428.15,0,0,0,0,0,0
ESG100.BSE_IDX,01/07/2025,09:32:16,428.13,0,0,0,0,0,0
ESG100.BSE_IDX,01/07/2025,09:32:24,428.12,0,0,0,0,0,0
ESG100.BSE_IDX,01/07/2025,09:32:32,428.15,0,0,0,0,0,0
ESG100.BSE_IDX,01/07/2025,09:32:40,428.13,0,0,0,0,0,0
ESG100.BSE_IDX,01/07/2025,09:32:48,428.16,0,0,0,0,0,0
ESG100.BSE_IDX,01/07/2025,09:32:56,428.21,0,0,0,0,0,0
ESG100.BSE_IDX,01/07/2025,09:33:04,428.25,0,0,0,0,0,0
ESG100.BSE_IDX,01/07/2025,09:33:12,428.27,0,0,0,0,0,0
ESG100.BSE_IDX,01/07/2025,09:33:20,428.29,0,0,0,0,0,0
ESG100.BSE_IDX,01/07/2025,09:33:28,428.28,0,0,0,0,0,0
ESG100.BSE_IDX,01/07/2025,09:33:36,428.28,0,0,0,0,0,0
ESG100.BSE_IDX,01/07/2025,09:33:44,428.27,0,0,0,0,0,0
ESG100.BSE_IDX,01/07/2025,09:33:52,428.26,0,0,0,0,0,0
ESG100.BSE_IDX,01/07/2025,09:34:00,428.27,0,0,0,0,0,0
ESG100.BSE_IDX,01/07/2025,09:34:08,428.23,0,0,0,0,0,0
ESG100.BSE_IDX,01/07/2025,09:34:16,428.22,0,0,0,0,0,0
ESG100.BSE_IDX,01/07/2025,09:34:24,428.24,0,0,0,0,0,0
ESG100.BSE_IDX,01/07/2025,09:34:32,428.23,0,0,0,0,0,0
ESG100.BSE_IDX,01/07/2025,09:34:40,428.24,0,0,0,0,0,0
ESG100.BSE_IDX,01/07/2025,09:34:48,428.26,0,0,0,0,0,0
ESG100.BSE_IDX,01/07/2025,09:34:56,428.26,0,0,0,0,0,0
ESG100.BSE_IDX,01/07/2025,09:35:05,428.23,0,0,0,0,0,0
ESG100.BSE_IDX,01/07/2025,09:35:12,428.22,0,0,0,0,0,0
ESG100.BSE_IDX,01/07/2025,09:35:20,428.15,0,0,0,0,0,0
ESG100.BSE_IDX,01/07/2025,09:35:28,428.14,0,0,0,0,0,0
ESG100.BSE_IDX,01/07/2025,09:35:36,428.17,0,0,0,0,0,0
ESG100.BSE_IDX,01/07/2025,09:35:44,428.17,0,0,0,0,0,0
ESG100.BSE_IDX,01/07/2025,09:35:52,428.14,0,0,0,0,0,0
ESG100.BSE_IDX,01/07/2025,09:36:00,428.15,0,0,0,0,0,0
ESG100.BSE_IDX,01/07/2025,09:36:08,428.14,0,0,0,0,0,0
ESG100.BSE_IDX,01/07/2025,09:36:16,428.12,0,0,0,0,0,0
ESG100.BSE_IDX,01/07/2025,09:36:24,428.13,0,0,0,0,0,0
ESG100.BSE_IDX,01/07/2025,09:36:33,428.11,0,0,0,0,0,0
ESG100.BSE_IDX,01/07/2025,09:36:40,428.05,0,0,0,0,0,0
ESG100.BSE_IDX,01/07/2025,09:36:48,428.13,0,0,0,0,0,0
ESG100.BSE_IDX,01/07/2025,09:36:56,428.13,0,0,0,0,0,0
ESG100.BSE_IDX,01/07/2025,09:37:04,428.15,0,0,0,0,0,0
ESG100.BSE_IDX,01/07/2025,09:37:12,428.16,0,0,0,0,0,0
ESG100.BSE_IDX,01/07/2025,09:37:20,428.15,0,0,0,0,0,0
ESG100.BSE_IDX,01/07/2025,09:37:28,428.17,0,0,0,0,0,0
ESG100.BSE_IDX,01/07/2025,09:37:36,428.15,0,0,0,0,0,0
ESG100.BSE_IDX,01/07/2025,09:37:44,428.18,0,0,0,0,0,0
ESG100.BSE_IDX,01/07/2025,09:37:52,428.17,0,0,0,0,0,0
ESG100.BSE_IDX,01/07/2025,09:38:00,428.19,0,0,0,0,0,0
ESG100.BSE_IDX,01/07/2025,09:38:08,428.16,0,0,0,0,0,0
ESG100.BSE_IDX,01/07/2025,09:38:16,428.13,0,0,0,0,0,0
ESG100.BSE_IDX,01/07/2025,09:38:24,428.14,0,0,0,0,0,0
ESG100.BSE_IDX,01/07/2025,09:38:32,428.11,0,0,0,0,0,0
ESG100.BSE_IDX,01/07/2025,09:38:40,428.07,0,0,0,0,0,0
ESG100.BSE_IDX,01/07/2025,09:38:48,428.1,0,0,0,0,0,0
ESG100.BSE_IDX,01/07/2025,09:38:56,428.1,0,0,0,0,0,0
ESG100.BSE_IDX,01/07/2025,09:39:04,428.03,0,0,0,0,0,0
ESG100.BSE_IDX,01/07/2025,09:39:12,428.08,0,0,0,0,0,0
ESG100.BSE_IDX,01/07/2025,09:39:20,428.09,0,0,0,0,0,0
ESG100.BSE_IDX,01/07/2025,09:39:28,428.09,0,0,0,0,0,0
ESG100.BSE_IDX,01/07/2025,09:39:36,428.11,0,0,0,0,0,0
ESG100.BSE_IDX,01/07/2025,09:39:44,428.15,0,0,0,0,0,0
ESG100.BSE_IDX,01/07/2025,09:39:52,428.17,0,0,0,0,0,0
ESG100.BSE_IDX,01/07/2025,09:40:00,428.19,0,0,0,0,0,0
ESG100.BSE_IDX,01/07/2025,09:40:08,428.22,0,0,0,0,0,0
ESG100.BSE_IDX,01/07/2025,09:40:16,428.23,0,0,0,0,0,0
ESG100.BSE_IDX,01/07/2025,09:40:24,428.25,0,0,0,0,0,0
ESG100.BSE_IDX,01/07/2025,09:40:32,428.17,0,0,0,0,0,0
ESG100.BSE_IDX,01/07/2025,09:40:40,428.17,0,0,0,0,0,0
ESG100.BSE_IDX,01/07/2025,09:40:48,428.17,0,0,0,0,0,0
ESG100.BSE_IDX,01/07/2025,09:40:56,428.17,0,0,0,0,0,0
ESG100.BSE_IDX,01/07/2025,09:41:04,428.15,0,0,0,0,0,0
ESG100.BSE_IDX,01/07/2025,09:41:12,428.18,0,0,0,0,0,0
ESG100.BSE_IDX,01/07/2025,09:41:20,428.21,0,0,0,0,0,0
ESG100.BSE_IDX,01/07/2025,09:41:28,428.22,0,0,0,0,0,0
ESG100.BSE_IDX,01/07/2025,09:41:36,428.24,0,0,0,0,0,0
ESG100.BSE_IDX,01/07/2025,09:41:44,428.2,0,0,0,0,0,0
ESG100.BSE_IDX,01/07/2025,09:41:52,428.2,0,0,0,0,0,0
ESG100.BSE_IDX,01/07/2025,09:42:00,428.24,0,0,0,0,0,0
ESG100.BSE_IDX,01/07/2025,09:42:08,428.28,0,0,0,0,0,0
ESG100.BSE_IDX,01/07/2025,09:42:16,428.27,0,0,0,0,0,0
ESG100.BSE_IDX,01/07/2025,09:42:24,428.24,0,0,0,0,0,0
ESG100.BSE_IDX,01/07/2025,09:42:32,428.23,0,0,0,0,0,0
ESG100.BSE_IDX,01/07/2025,09:42:40,428.24,0,0,0,0,0,0
ESG100.BSE_IDX,01/07/2025,09:42:48,428.27,0,0,0,0,0,0
ESG100.BSE_IDX,01/07/2025,09:42:56,428.33,0,0,0,0,0,0
ESG100.BSE_IDX,01/07/2025,09:43:04,428.29,0,0,0,0,0,0
ESG100.BSE_IDX,01/07/2025,09:43:12,428.27,0,0,0,0,0,0
ESG100.BSE_IDX,01/07/2025,09:43:20,428.25,0,0,0,0,0,0
ESG100.BSE_IDX,01/07/2025,09:43:28,428.28,0,0,0,0,0,0
ESG100.BSE_IDX,01/07/2025,09:43:36,428.26,0,0,0,0,0,0
ESG100.BSE_IDX,01/07/2025,09:43:44,428.25,0,0,0,0,0,0
ESG100.BSE_IDX,01/07/2025,09:43:53,428.23,0,0,0,0,0,0
ESG100.BSE_IDX,01/07/2025,09:44:00,428.22,0,0,0,0,0,0
ESG100.BSE_IDX,01/07/2025,09:44:08,428.22,0,0,0,0,0,0
ESG100.BSE_IDX,01/07/2025,09:44:16,428.21,0,0,0,0,0,0
ESG100.BSE_IDX,01/07/2025,09:44:24,428.25,0,0,0,0,0,0
ESG100.BSE_IDX,01/07/2025,09:44:32,428.25,0,0,0,0,0,0
ESG100.BSE_IDX,01/07/2025,09:44:40,428.23,0,0,0,0,0,0
ESG100.BSE_IDX,01/07/2025,09:44:48,428.22,0,0,0,0,0,0
ESG100.BSE_IDX,01/07/2025,09:44:56,428.2,0,0,0,0,0,0
ESG100.BSE_IDX,01/07/2025,09:45:05,428.17,0,0,0,0,0,0
ESG100.BSE_IDX,01/07/2025,09:45:12,428.11,0,0,0,0,0,0
ESG100.BSE_IDX,01/07/2025,09:45:20,428.09,0,0,0,0,0,0
ESG100.BSE_IDX,01/07/2025,09:45:28,428.13,0,0,0,0,0,0
ESG100.BSE_IDX,01/07/2025,09:45:36,428.08,0,0,0,0,0,0
ESG100.BSE_IDX,01/07/2025,09:45:44,428.02,0,0,0,0,0,0
ESG100.BSE_IDX,01/07/2025,09:45:52,428.04,0,0,0,0,0,0
ESG100.BSE_IDX,01/07/2025,09:46:01,428.03,0,0,0,0,0,0
ESG100.BSE_IDX,01/07/2025,09:46:08,427.97,0,0,0,0,0,0
ESG100.BSE_IDX,01/07/2025,09:46:16,427.97,0,0,0,0,0,0
ESG100.BSE_IDX,01/07/2025,09:46:24,427.98,0,0,0,0,0,0
ESG100.BSE_IDX,01/07/2025,09:46:32,428,0,0,0,0,0,0
ESG100.BSE_IDX,01/07/2025,09:46:40,428.02,0,0,0,0,0,0
ESG100.BSE_IDX,01/07/2025,09:46:48,428,0,0,0,0,0,0
ESG100.BSE_IDX,01/07/2025,09:46:56,428.01,0,0,0,0,0,0
ESG100.BSE_IDX,01/07/2025,09:47:04,427.99,0,0,0,0,0,0
ESG100.BSE_IDX,01/07/2025,09:47:12,428.01,0,0,0,0,0,0
ESG100.BSE_IDX,01/07/2025,09:47:20,427.99,0,0,0,0,0,0
ESG100.BSE_IDX,01/07/2025,09:47:28,427.98,0,0,0,0,0,0
ESG100.BSE_IDX,01/07/2025,09:47:36,427.97,0,0,0,0,0,0
ESG100.BSE_IDX,01/07/2025,09:47:44,427.98,0,0,0,0,0,0
ESG100.BSE_IDX,01/07/2025,09:47:52,428.04,0,0,0,0,0,0
ESG100.BSE_IDX,01/07/2025,09:48:00,428.08,0,0,0,0,0,0
ESG100.BSE_IDX,01/07/2025,09:48:08,428.08,0,0,0,0,0,0
ESG100.BSE_IDX,01/07/2025,09:48:16,428.14,0,0,0,0,0,0
ESG100.BSE_IDX,01/07/2025,09:48:24,428.19,0,0,0,0,0,0
ESG100.BSE_IDX,01/07/2025,09:48:32,428.24,0,0,0,0,0,0
ESG100.BSE_IDX,01/07/2025,09:48:40,428.2,0,0,0,0,0,0
ESG100.BSE_IDX,01/07/2025,09:48:48,428.18,0,0,0,0,0,0
ESG100.BSE_IDX,01/07/2025,09:48:56,428.18,0,0,0,0,0,0
ESG100.BSE_IDX,01/07/2025,09:49:04,428.22,0,0,0,0,0,0
ESG100.BSE_IDX,01/07/2025,09:49:12,428.23,0,0,0,0,0,0
ESG100.BSE_IDX,01/07/2025,09:49:20,428.22,0,0,0,0,0,0
ESG100.BSE_IDX,01/07/2025,09:49:28,428.24,0,0,0,0,0,0
ESG100.BSE_IDX,01/07/2025,09:49:36,428.25,0,0,0,0,0,0
ESG100.BSE_IDX,01/07/2025,09:49:44,428.28,0,0,0,0,0,0
ESG100.BSE_IDX,01/07/2025,09:49:52,428.3,0,0,0,0,0,0
ESG100.BSE_IDX,01/07/2025,09:50:00,428.29,0,0,0,0,0,0
ESG100.BSE_IDX,01/07/2025,09:50:08,428.31,0,0,0,0,0,0
ESG100.BSE_IDX,01/07/2025,09:50:16,428.3,0,0,0,0,0,0
ESG100.BSE_IDX,01/07/2025,09:50:24,428.3,0,0,0,0,0,0
ESG100.BSE_IDX,01/07/2025,09:50:32,428.24,0,0,0,0,0,0
ESG100.BSE_IDX,01/07/2025,09:50:40,428.16,0,0,0,0,0,0
ESG100.BSE_IDX,01/07/2025,09:50:48,428.19,0,0,0,0,0,0
ESG100.BSE_IDX,01/07/2025,09:50:57,428.18,0,0,0,0,0,0
ESG100.BSE_IDX,01/07/2025,09:51:04,428.18,0,0,0,0,0,0
ESG100.BSE_IDX,01/07/2025,09:51:12,428.23,0,0,0,0,0,0
ESG100.BSE_IDX,01/07/2025,09:51:20,428.23,0,0,0,0,0,0
ESG100.BSE_IDX,01/07/2025,09:51:28,428.17,0,0,0,0,0,0
ESG100.BSE_IDX,01/07/2025,09:51:37,428.1,0,0,0,0,0,0
ESG100.BSE_IDX,01/07/2025,09:51:44,428.14,0,0,0,0,0,0
ESG100.BSE_IDX,01/07/2025,09:51:52,428.09,0,0,0,0,0,0
ESG100.BSE_IDX,01/07/2025,09:52:01,428.05,0,0,0,0,0,0
ESG100.BSE_IDX,01/07/2025,09:52:08,427.99,0,0,0,0,0,0
ESG100.BSE_IDX,01/07/2025,09:52:17,427.91,0,0,0,0,0,0
ESG100.BSE_IDX,01/07/2025,09:52:24,427.89,0,0,0,0,0,0
ESG100.BSE_IDX,01/07/2025,09:52:32,427.95,0,0,0,0,0,0
ESG100.BSE_IDX,01/07/2025,09:52:40,427.94,0,0,0,0,0,0
ESG100.BSE_IDX,01/07/2025,09:52:48,427.97,0,0,0,0,0,0
ESG100.BSE_IDX,01/07/2025,09:52:57,427.97,0,0,0,0,0,0
ESG100.BSE_IDX,01/07/2025,09:53:04,427.97,0,0,0,0,0,0
ESG100.BSE_IDX,01/07/2025,09:53:13,427.99,0,0,0,0,0,0
ESG100.BSE_IDX,01/07/2025,09:53:20,428.01,0,0,0,0,0,0
ESG100.BSE_IDX,01/07/2025,09:53:28,428.02,0,0,0,0,0,0
ESG100.BSE_IDX,01/07/2025,09:53:36,428.01,0,0,0,0,0,0
ESG100.BSE_IDX,01/07/2025,09:53:44,427.98,0,0,0,0,0,0
ESG100.BSE_IDX,01/07/2025,09:53:52,427.96,0,0,0,0,0,0
ESG100.BSE_IDX,01/07/2025,09:54:00,427.89,0,0,0,0,0,0
ESG100.BSE_IDX,01/07/2025,09:54:08,427.84,0,0,0,0,0,0
ESG100.BSE_IDX,01/07/2025,09:54:16,427.84,0,0,0,0,0,0
ESG100.BSE_IDX,01/07/2025,09:54:24,427.79,0,0,0,0,0,0
ESG100.BSE_IDX,01/07/2025,09:54:32,427.77,0,0,0,0,0,0
ESG100.BSE_IDX,01/07/2025,09:54:40,427.76,0,0,0,0,0,0
ESG100.BSE_IDX,01/07/2025,09:54:48,427.76,0,0,0,0,0,0
ESG100.BSE_IDX,01/07/2025,09:54:56,427.76,0,0,0,0,0,0
ESG100.BSE_IDX,01/07/2025,09:55:04,427.75,0,0,0,0,0,0
ESG100.BSE_IDX,01/07/2025,09:55:12,427.76,0,0,0,0,0,0
ESG100.BSE_IDX,01/07/2025,09:55:20,427.74,0,0,0,0,0,0
ESG100.BSE_IDX,01/07/2025,09:55:28,427.74,0,0,0,0,0,0
ESG100.BSE_IDX,01/07/2025,09:55:36,427.74,0,0,0,0,0,0
ESG100.BSE_IDX,01/07/2025,09:55:44,427.71,0,0,0,0,0,0
ESG100.BSE_IDX,01/07/2025,09:55:52,427.68,0,0,0,0,0,0
ESG100.BSE_IDX,01/07/2025,09:56:00,427.69,0,0,0,0,0,0
ESG100.BSE_IDX,01/07/2025,09:56:08,427.68,0,0,0,0,0,0
ESG100.BSE_IDX,01/07/2025,09:56:16,427.69,0,0,0,0,0,0
ESG100.BSE_IDX,01/07/2025,09:56:25,427.7,0,0,0,0,0,0
ESG100.BSE_IDX,01/07/2025,09:56:32,427.67,0,0,0,0,0,0
ESG100.BSE_IDX,01/07/2025,09:56:41,427.67,0,0,0,0,0,0
ESG100.BSE_IDX,01/07/2025,09:56:48,427.69,0,0,0,0,0,0
ESG100.BSE_IDX,01/07/2025,09:56:57,427.67,0,0,0,0,0,0
ESG100.BSE_IDX,01/07/2025,09:57:04,427.67,0,0,0,0,0,0
ESG100.BSE_IDX,01/07/2025,09:57:12,427.69,0,0,0,0,0,0
ESG100.BSE_IDX,01/07/2025,09:57:20,427.72,0,0,0,0,0,0
ESG100.BSE_IDX,01/07/2025,09:57:28,427.73,0,0,0,0,0,0
ESG100.BSE_IDX,01/07/2025,09:57:36,427.7,0,0,0,0,0,0
ESG100.BSE_IDX,01/07/2025,09:57:44,427.74,0,0,0,0,0,0
ESG100.BSE_IDX,01/07/2025,09:57:52,427.73,0,0,0,0,0,0
ESG100.BSE_IDX,01/07/2025,09:58:00,427.71,0,0,0,0,0,0
ESG100.BSE_IDX,01/07/2025,09:58:08,427.73,0,0,0,0,0,0
ESG100.BSE_IDX,01/07/2025,09:58:16,427.76,0,0,0,0,0,0
ESG100.BSE_IDX,01/07/2025,09:58:24,427.72,0,0,0,0,0,0
ESG100.BSE_IDX,01/07/2025,09:58:32,427.76,0,0,0,0,0,0
ESG100.BSE_IDX,01/07/2025,09:58:40,427.8,0,0,0,0,0,0
ESG100.BSE_IDX,01/07/2025,09:58:48,427.82,0,0,0,0,0,0
ESG100.BSE_IDX,01/07/2025,09:58:56,427.86,0,0,0,0,0,0
ESG100.BSE_IDX,01/07/2025,09:59:05,427.9,0,0,0,0,0,0
ESG100.BSE_IDX,01/07/2025,09:59:12,427.88,0,0,0,0,0,0
ESG100.BSE_IDX,01/07/2025,09:59:20,427.9,0,0,0,0,0,0
ESG100.BSE_IDX,01/07/2025,09:59:28,427.92,0,0,0,0,0,0
ESG100.BSE_IDX,01/07/2025,09:59:36,427.92,0,0,0,0,0,0
ESG100.BSE_IDX,01/07/2025,09:59:45,427.92,0,0,0,0,0,0
ESG100.BSE_IDX,01/07/2025,09:59:52,427.92,0,0,0,0,0,0
ESG100.BSE_IDX,01/07/2025,10:00:00,427.92,0,0,0,0,0,0
ESG100.BSE_IDX,01/07/2025,10:00:08,427.99,0,0,0,0,0,0
ESG100.BSE_IDX,01/07/2025,10:00:16,428,0,0,0,0,0,0
ESG100.BSE_IDX,01/07/2025,10:00:24,427.98,0,0,0,0,0,0
ESG100.BSE_IDX,01/07/2025,10:00:32,427.97,0,0,0,0,0,0
ESG100.BSE_IDX,01/07/2025,10:00:40,427.97,0,0,0,0,0,0
ESG100.BSE_IDX,01/07/2025,10:00:48,427.96,0,0,0,0,0,0
ESG100.BSE_IDX,01/07/2025,10:00:56,427.95,0,0,0,0,0,0
ESG100.BSE_IDX,01/07/2025,10:01:04,427.9,0,0,0,0,0,0
ESG100.BSE_IDX,01/07/2025,10:01:12,427.84,0,0,0,0,0,0
ESG100.BSE_IDX,01/07/2025,10:01:21,427.83,0,0,0,0,0,0
ESG100.BSE_IDX,01/07/2025,10:01:28,427.8,0,0,0,0,0,0
ESG100.BSE_IDX,01/07/2025,10:01:36,427.79,0,0,0,0,0,0
ESG100.BSE_IDX,01/07/2025,10:01:44,427.78,0,0,0,0,0,0
ESG100.BSE_IDX,01/07/2025,10:01:52,427.74,0,0,0,0,0,0
ESG100.BSE_IDX,01/07/2025,10:02:00,427.72,0,0,0,0,0,0
ESG100.BSE_IDX,01/07/2025,10:02:08,427.72,0,0,0,0,0,0
ESG100.BSE_IDX,01/07/2025,10:02:17,427.7,0,0,0,0,0,0
ESG100.BSE_IDX,01/07/2025,10:02:24,427.71,0,0,0,0,0,0
ESG100.BSE_IDX,01/07/2025,10:02:32,427.66,0,0,0,0,0,0
ESG100.BSE_IDX,01/07/2025,10:02:41,427.67,0,0,0,0,0,0
ESG100.BSE_IDX,01/07/2025,10:02:49,427.67,0,0,0,0,0,0
ESG100.BSE_IDX,01/07/2025,10:02:56,427.63,0,0,0,0,0,0
ESG100.BSE_IDX,01/07/2025,10:03:04,427.62,0,0,0,0,0,0
ESG100.BSE_IDX,01/07/2025,10:03:13,427.59,0,0,0,0,0,0
ESG100.BSE_IDX,01/07/2025,10:03:20,427.52,0,0,0,0,0,0
ESG100.BSE_IDX,01/07/2025,10:03:29,427.52,0,0,0,0,0,0
ESG100.BSE_IDX,01/07/2025,10:03:37,427.56,0,0,0,0,0,0
ESG100.BSE_IDX,01/07/2025,10:03:45,427.57,0,0,0,0,0,0
ESG100.BSE_IDX,01/07/2025,10:03:53,427.59,0,0,0,0,0,0
ESG100.BSE_IDX,01/07/2025,10:04:01,427.62,0,0,0,0,0,0
ESG100.BSE_IDX,01/07/2025,10:04:09,427.61,0,0,0,0,0,0
ESG100.BSE_IDX,01/07/2025,10:04:17,427.6,0,0,0,0,0,0
ESG100.BSE_IDX,01/07/2025,10:04:25,427.59,0,0,0,0,0,0
ESG100.BSE_IDX,01/07/2025,10:04:33,427.7,0,0,0,0,0,0
ESG100.BSE_IDX,01/07/2025,10:04:41,427.75,0,0,0,0,0,0
ESG100.BSE_IDX,01/07/2025,10:04:50,427.76,0,0,0,0,0,0
ESG100.BSE_IDX,01/07/2025,10:04:57,427.74,0,0,0,0,0,0
ESG100.BSE_IDX,01/07/2025,10:05:05,427.65,0,0,0,0,0,0
ESG100.BSE_IDX,01/07/2025,10:05:14,427.62,0,0,0,0,0,0
ESG100.BSE_IDX,01/07/2025,10:05:21,427.58,0,0,0,0,0,0
ESG100.BSE_IDX,01/07/2025,10:05:29,427.46,0,0,0,0,0,0
ESG100.BSE_IDX,01/07/2025,10:05:37,427.44,0,0,0,0,0,0
ESG100.BSE_IDX,01/07/2025,10:05:45,427.54,0,0,0,0,0,0
ESG100.BSE_IDX,01/07/2025,10:05:53,427.58,0,0,0,0,0,0
ESG100.BSE_IDX,01/07/2025,10:06:01,427.59,0,0,0,0,0,0
ESG100.BSE_IDX,01/07/2025,10:06:09,427.61,0,0,0,0,0,0
ESG100.BSE_IDX,01/07/2025,10:06:17,427.65,0,0,0,0,0,0
ESG100.BSE_IDX,01/07/2025,10:06:25,427.67,0,0,0,0,0,0
ESG100.BSE_IDX,01/07/2025,10:06:33,427.68,0,0,0,0,0,0
ESG100.BSE_IDX,01/07/2025,10:06:41,427.69,0,0,0,0,0,0
ESG100.BSE_IDX,01/07/2025,10:06:49,427.68,0,0,0,0,0,0
ESG100.BSE_IDX,01/07/2025,10:06:57,427.68,0,0,0,0,0,0
ESG100.BSE_IDX,01/07/2025,10:07:05,427.7,0,0,0,0,0,0
ESG100.BSE_IDX,01/07/2025,10:07:13,427.71,0,0,0,0,0,0
ESG100.BSE_IDX,01/07/2025,10:07:21,427.72,0,0,0,0,0,0
ESG100.BSE_IDX,01/07/2025,10:07:29,427.73,0,0,0,0,0,0
ESG100.BSE_IDX,01/07/2025,10:07:37,427.76,0,0,0,0,0,0
ESG100.BSE_IDX,01/07/2025,10:07:45,427.77,0,0,0,0,0,0
ESG100.BSE_IDX,01/07/2025,10:07:53,427.77,0,0,0,0,0,0
ESG100.BSE_IDX,01/07/2025,10:08:01,427.78,0,0,0,0,0,0
ESG100.BSE_IDX,01/07/2025,10:08:09,427.78,0,0,0,0,0,0
ESG100.BSE_IDX,01/07/2025,10:08:17,427.82,0,0,0,0,0,0
ESG100.BSE_IDX,01/07/2025,10:08:25,427.82,0,0,0,0,0,0
ESG100.BSE_IDX,01/07/2025,10:08:33,427.81,0,0,0,0,0,0
ESG100.BSE_IDX,01/07/2025,10:08:41,427.78,0,0,0,0,0,0
ESG100.BSE_IDX,01/07/2025,10:08:49,427.78,0,0,0,0,0,0
ESG100.BSE_IDX,01/07/2025,10:08:57,427.74,0,0,0,0,0,0
ESG100.BSE_IDX,01/07/2025,10:09:05,427.65,0,0,0,0,0,0
ESG100.BSE_IDX,01/07/2025,10:09:13,427.63,0,0,0,0,0,0
ESG100.BSE_IDX,01/07/2025,10:09:21,427.59,0,0,0,0,0,0
ESG100.BSE_IDX,01/07/2025,10:09:29,427.58,0,0,0,0,0,0
ESG100.BSE_IDX,01/07/2025,10:09:37,427.62,0,0,0,0,0,0
ESG100.BSE_IDX,01/07/2025,10:09:45,427.63,0,0,0,0,0,0
ESG100.BSE_IDX,01/07/2025,10:09:53,427.64,0,0,0,0,0,0
ESG100.BSE_IDX,01/07/2025,10:10:01,427.67,0,0,0,0,0,0
ESG100.BSE_IDX,01/07/2025,10:10:09,427.65,0,0,0,0,0,0
ESG100.BSE_IDX,01/07/2025,10:10:17,427.64,0,0,0,0,0,0
ESG100.BSE_IDX,01/07/2025,10:10:25,427.64,0,0,0,0,0,0
ESG100.BSE_IDX,01/07/2025,10:10:33,427.66,0,0,0,0,0,0
ESG100.BSE_IDX,01/07/2025,10:10:41,427.64,0,0,0,0,0,0
ESG100.BSE_IDX,01/07/2025,10:10:49,427.65,0,0,0,0,0,0
ESG100.BSE_IDX,01/07/2025,10:10:57,427.64,0,0,0,0,0,0
ESG100.BSE_IDX,01/07/2025,10:11:05,427.63,0,0,0,0,0,0
ESG100.BSE_IDX,01/07/2025,10:11:13,427.6,0,0,0,0,0,0
ESG100.BSE_IDX,01/07/2025,10:11:22,427.61,0,0,0,0,0,0
ESG100.BSE_IDX,01/07/2025,10:11:29,427.56,0,0,0,0,0,0
ESG100.BSE_IDX,01/07/2025,10:11:37,427.55,0,0,0,0,0,0
ESG100.BSE_IDX,01/07/2025,10:11:45,427.54,0,0,0,0,0,0
ESG100.BSE_IDX,01/07/2025,10:11:53,427.57,0,0,0,0,0,0
ESG100.BSE_IDX,01/07/2025,10:12:01,427.64,0,0,0,0,0,0
ESG100.BSE_IDX,01/07/2025,10:12:09,427.64,0,0,0,0,0,0
ESG100.BSE_IDX,01/07/2025,10:12:17,427.57,0,0,0,0,0,0
ESG100.BSE_IDX,01/07/2025,10:12:25,427.54,0,0,0,0,0,0
ESG100.BSE_IDX,01/07/2025,10:12:33,427.53,0,0,0,0,0,0
ESG100.BSE_IDX,01/07/2025,10:12:41,427.52,0,0,0,0,0,0
ESG100.BSE_IDX,01/07/2025,10:12:49,427.46,0,0,0,0,0,0
ESG100.BSE_IDX,01/07/2025,10:12:57,427.34,0,0,0,0,0,0
ESG100.BSE_IDX,01/07/2025,10:13:05,427.32,0,0,0,0,0,0
ESG100.BSE_IDX,01/07/2025,10:13:13,427.33,0,0,0,0,0,0
ESG100.BSE_IDX,01/07/2025,10:13:21,427.42,0,0,0,0,0,0
ESG100.BSE_IDX,01/07/2025,10:13:29,427.42,0,0,0,0,0,0
ESG100.BSE_IDX,01/07/2025,10:13:37,427.42,0,0,0,0,0,0
ESG100.BSE_IDX,01/07/2025,10:13:45,427.41,0,0,0,0,0,0
ESG100.BSE_IDX,01/07/2025,10:13:53,427.4,0,0,0,0,0,0
ESG100.BSE_IDX,01/07/2025,10:14:01,427.34,0,0,0,0,0,0
ESG100.BSE_IDX,01/07/2025,10:14:09,427.34,0,0,0,0,0,0
ESG100.BSE_IDX,01/07/2025,10:14:17,427.36,0,0,0,0,0,0
ESG100.BSE_IDX,01/07/2025,10:14:25,427.35,0,0,0,0,0,0
ESG100.BSE_IDX,01/07/2025,10:14:33,427.37,0,0,0,0,0,0
ESG100.BSE_IDX,01/07/2025,10:14:41,427.32,0,0,0,0,0,0
ESG100.BSE_IDX,01/07/2025,10:14:49,427.32,0,0,0,0,0,0
ESG100.BSE_IDX,01/07/2025,10:14:57,427.33,0,0,0,0,0,0
ESG100.BSE_IDX,01/07/2025,10:15:05,427.3,0,0,0,0,0,0
ESG100.BSE_IDX,01/07/2025,10:15:13,427.27,0,0,0,0,0,0
ESG100.BSE_IDX,01/07/2025,10:15:21,427.28,0,0,0,0,0,0
ESG100.BSE_IDX,01/07/2025,10:15:29,427.24,0,0,0,0,0,0
ESG100.BSE_IDX,01/07/2025,10:15:37,427.28,0,0,0,0,0,0
ESG100.BSE_IDX,01/07/2025,10:15:45,427.33,0,0,0,0,0,0
ESG100.BSE_IDX,01/07/2025,10:15:53,427.34,0,0,0,0,0,0
ESG100.BSE_IDX,01/07/2025,10:16:01,427.33,0,0,0,0,0,0
ESG100.BSE_IDX,01/07/2025,10:16:09,427.37,0,0,0,0,0,0
ESG100.BSE_IDX,01/07/2025,10:16:17,427.36,0,0,0,0,0,0
ESG100.BSE_IDX,01/07/2025,10:16:25,427.37,0,0,0,0,0,0
ESG100.BSE_IDX,01/07/2025,10:16:33,427.36,0,0,0,0,0,0
ESG100.BSE_IDX,01/07/2025,10:16:41,427.36,0,0,0,0,0,0
ESG100.BSE_IDX,01/07/2025,10:16:49,427.36,0,0,0,0,0,0
ESG100.BSE_IDX,01/07/2025,10:16:57,427.36,0,0,0,0,0,0
ESG100.BSE_IDX,01/07/2025,10:17:05,427.37,0,0,0,0,0,0
ESG100.BSE_IDX,01/07/2025,10:17:13,427.35,0,0,0,0,0,0
ESG100.BSE_IDX,01/07/2025,10:17:21,427.41,0,0,0,0,0,0
ESG100.BSE_IDX,01/07/2025,10:17:29,427.4,0,0,0,0,0,0
ESG100.BSE_IDX,01/07/2025,10:17:37,427.43,0,0,0,0,0,0
ESG100.BSE_IDX,01/07/2025,10:17:45,427.45,0,0,0,0,0,0
ESG100.BSE_IDX,01/07/2025,10:17:53,427.47,0,0,0,0,0,0
ESG100.BSE_IDX,01/07/2025,10:18:01,427.48,0,0,0,0,0,0
ESG100.BSE_IDX,01/07/2025,10:18:09,427.5,0,0,0,0,0,0
ESG100.BSE_IDX,01/07/2025,10:18:17,427.53,0,0,0,0,0,0
ESG100.BSE_IDX,01/07/2025,10:18:25,427.53,0,0,0,0,0,0
ESG100.BSE_IDX,01/07/2025,10:18:33,427.52,0,0,0,0,0,0
ESG100.BSE_IDX,01/07/2025,10:18:41,427.51,0,0,0,0,0,0
ESG100.BSE_IDX,01/07/2025,10:18:49,427.48,0,0,0,0,0,0
ESG100.BSE_IDX,01/07/2025,10:18:57,427.45,0,0,0,0,0,0
ESG100.BSE_IDX,01/07/2025,10:19:05,427.4,0,0,0,0,0,0
ESG100.BSE_IDX,01/07/2025,10:19:13,427.41,0,0,0,0,0,0
ESG100.BSE_IDX,01/07/2025,10:19:21,427.43,0,0,0,0,0,0
ESG100.BSE_IDX,01/07/2025,10:19:29,427.44,0,0,0,0,0,0
ESG100.BSE_IDX,01/07/2025,10:19:37,427.4,0,0,0,0,0,0
ESG100.BSE_IDX,01/07/2025,10:19:45,427.43,0,0,0,0,0,0
ESG100.BSE_IDX,01/07/2025,10:19:53,427.38,0,0,0,0,0,0
ESG100.BSE_IDX,01/07/2025,10:20:01,427.4,0,0,0,0,0,0
ESG100.BSE_IDX,01/07/2025,10:20:09,427.42,0,0,0,0,0,0
ESG100.BSE_IDX,01/07/2025,10:20:17,427.42,0,0,0,0,0,0
ESG100.BSE_IDX,01/07/2025,10:20:25,427.41,0,0,0,0,0,0
ESG100.BSE_IDX,01/07/2025,10:20:33,427.4,0,0,0,0,0,0
ESG100.BSE_IDX,01/07/2025,10:20:41,427.42,0,0,0,0,0,0
ESG100.BSE_IDX,01/07/2025,10:20:49,427.37,0,0,0,0,0,0
ESG100.BSE_IDX,01/07/2025,10:20:57,427.35,0,0,0,0,0,0
ESG100.BSE_IDX,01/07/2025,10:21:05,427.33,0,0,0,0,0,0
ESG100.BSE_IDX,01/07/2025,10:21:13,427.3,0,0,0,0,0,0
ESG100.BSE_IDX,01/07/2025,10:21:21,427.31,0,0,0,0,0,0
ESG100.BSE_IDX,01/07/2025,10:21:29,427.3,0,0,0,0,0,0
ESG100.BSE_IDX,01/07/2025,10:21:37,427.3,0,0,0,0,0,0
ESG100.BSE_IDX,01/07/2025,10:21:45,427.25,0,0,0,0,0,0
ESG100.BSE_IDX,01/07/2025,10:21:53,427.29,0,0,0,0,0,0
ESG100.BSE_IDX,01/07/2025,10:22:01,427.29,0,0,0,0,0,0
ESG100.BSE_IDX,01/07/2025,10:22:09,427.29,0,0,0,0,0,0
ESG100.BSE_IDX,01/07/2025,10:22:17,427.25,0,0,0,0,0,0
ESG100.BSE_IDX,01/07/2025,10:22:25,427.26,0,0,0,0,0,0
ESG100.BSE_IDX,01/07/2025,10:22:33,427.24,0,0,0,0,0,0
ESG100.BSE_IDX,01/07/2025,10:22:41,427.25,0,0,0,0,0,0
ESG100.BSE_IDX,01/07/2025,10:22:49,427.24,0,0,0,0,0,0
ESG100.BSE_IDX,01/07/2025,10:22:57,427.27,0,0,0,0,0,0
ESG100.BSE_IDX,01/07/2025,10:23:05,427.25,0,0,0,0,0,0
ESG100.BSE_IDX,01/07/2025,10:23:13,427.27,0,0,0,0,0,0
ESG100.BSE_IDX,01/07/2025,10:23:21,427.25,0,0,0,0,0,0
ESG100.BSE_IDX,01/07/2025,10:23:29,427.28,0,0,0,0,0,0
ESG100.BSE_IDX,01/07/2025,10:23:37,427.29,0,0,0,0,0,0
ESG100.BSE_IDX,01/07/2025,10:23:45,427.3,0,0,0,0,0,0
ESG100.BSE_IDX,01/07/2025,10:23:53,427.29,0,0,0,0,0,0
ESG100.BSE_IDX,01/07/2025,10:24:01,427.3,0,0,0,0,0,0
ESG100.BSE_IDX,01/07/2025,10:24:09,427.28,0,0,0,0,0,0
ESG100.BSE_IDX,01/07/2025,10:24:17,427.25,0,0,0,0,0,0
ESG100.BSE_IDX,01/07/2025,10:24:25,427.26,0,0,0,0,0,0
ESG100.BSE_IDX,01/07/2025,10:24:33,427.22,0,0,0,0,0,0
ESG100.BSE_IDX,01/07/2025,10:24:41,427.22,0,0,0,0,0,0
ESG100.BSE_IDX,01/07/2025,10:24:49,427.23,0,0,0,0,0,0
ESG100.BSE_IDX,01/07/2025,10:24:57,427.23,0,0,0,0,0,0
ESG100.BSE_IDX,01/07/2025,10:25:05,427.22,0,0,0,0,0,0
ESG100.BSE_IDX,01/07/2025,10:25:13,427.23,0,0,0,0,0,0
ESG100.BSE_IDX,01/07/2025,10:25:21,427.22,0,0,0,0,0,0
ESG100.BSE_IDX,01/07/2025,10:25:29,427.2,0,0,0,0,0,0
ESG100.BSE_IDX,01/07/2025,10:25:37,427.22,0,0,0,0,0,0
ESG100.BSE_IDX,01/07/2025,10:25:45,427.22,0,0,0,0,0,0
ESG100.BSE_IDX,01/07/2025,10:25:53,427.24,0,0,0,0,0,0
ESG100.BSE_IDX,01/07/2025,10:26:01,427.26,0,0,0,0,0,0
ESG100.BSE_IDX,01/07/2025,10:26:09,427.27,0,0,0,0,0,0
ESG100.BSE_IDX,01/07/2025,10:26:17,427.27,0,0,0,0,0,0
ESG100.BSE_IDX,01/07/2025,10:26:25,427.28,0,0,0,0,0,0
ESG100.BSE_IDX,01/07/2025,10:26:33,427.27,0,0,0,0,0,0
ESG100.BSE_IDX,01/07/2025,10:26:41,427.3,0,0,0,0,0,0
ESG100.BSE_IDX,01/07/2025,10:26:49,427.28,0,0,0,0,0,0
ESG100.BSE_IDX,01/07/2025,10:26:57,427.29,0,0,0,0,0,0
ESG100.BSE_IDX,01/07/2025,10:27:05,427.31,0,0,0,0,0,0
ESG100.BSE_IDX,01/07/2025,10:27:13,427.32,0,0,0,0,0,0
ESG100.BSE_IDX,01/07/2025,10:27:21,427.3,0,0,0,0,0,0
ESG100.BSE_IDX,01/07/2025,10:27:29,427.34,0,0,0,0,0,0
ESG100.BSE_IDX,01/07/2025,10:27:37,427.33,0,0,0,0,0,0
ESG100.BSE_IDX,01/07/2025,10:27:45,427.34,0,0,0,0,0,0
ESG100.BSE_IDX,01/07/2025,10:27:53,427.36,0,0,0,0,0,0
ESG100.BSE_IDX,01/07/2025,10:28:01,427.41,0,0,0,0,0,0
ESG100.BSE_IDX,01/07/2025,10:28:09,427.43,0,0,0,0,0,0
ESG100.BSE_IDX,01/07/2025,10:28:17,427.4,0,0,0,0,0,0
ESG100.BSE_IDX,01/07/2025,10:28:25,427.39,0,0,0,0,0,0
ESG100.BSE_IDX,01/07/2025,10:28:33,427.42,0,0,0,0,0,0
ESG100.BSE_IDX,01/07/2025,10:28:41,427.41,0,0,0,0,0,0
ESG100.BSE_IDX,01/07/2025,10:28:49,427.46,0,0,0,0,0,0
ESG100.BSE_IDX,01/07/2025,10:28:57,427.46,0,0,0,0,0,0
ESG100.BSE_IDX,01/07/2025,10:29:05,427.48,0,0,0,0,0,0
ESG100.BSE_IDX,01/07/2025,10:29:13,427.49,0,0,0,0,0,0
ESG100.BSE_IDX,01/07/2025,10:29:21,427.51,0,0,0,0,0,0
ESG100.BSE_IDX,01/07/2025,10:29:29,427.49,0,0,0,0,0,0
ESG100.BSE_IDX,01/07/2025,10:29:37,427.47,0,0,0,0,0,0
ESG100.BSE_IDX,01/07/2025,10:29:46,427.47,0,0,0,0,0,0
ESG100.BSE_IDX,01/07/2025,10:29:54,427.49,0,0,0,0,0,0
ESG100.BSE_IDX,01/07/2025,10:30:01,427.49,0,0,0,0,0,0
ESG100.BSE_IDX,01/07/2025,10:30:09,427.48,0,0,0,0,0,0
ESG100.BSE_IDX,01/07/2025,10:30:17,427.52,0,0,0,0,0,0
ESG100.BSE_IDX,01/07/2025,10:30:25,427.58,0,0,0,0,0,0
ESG100.BSE_IDX,01/07/2025,10:30:33,427.56,0,0,0,0,0,0
ESG100.BSE_IDX,01/07/2025,10:30:41,427.57,0,0,0,0,0,0
ESG100.BSE_IDX,01/07/2025,10:30:49,427.55,0,0,0,0,0,0
ESG100.BSE_IDX,01/07/2025,10:30:57,427.5,0,0,0,0,0,0
ESG100.BSE_IDX,01/07/2025,10:31:05,427.52,0,0,0,0,0,0
ESG100.BSE_IDX,01/07/2025,10:31:13,427.51,0,0,0,0,0,0
ESG100.BSE_IDX,01/07/2025,10:31:21,427.49,0,0,0,0,0,0
ESG100.BSE_IDX,01/07/2025,10:31:29,427.49,0,0,0,0,0,0
ESG100.BSE_IDX,01/07/2025,10:31:37,427.47,0,0,0,0,0,0
ESG100.BSE_IDX,01/07/2025,10:31:45,427.44,0,0,0,0,0,0
ESG100.BSE_IDX,01/07/2025,10:31:53,427.47,0,0,0,0,0,0
ESG100.BSE_IDX,01/07/2025,10:32:01,427.49,0,0,0,0,0,0
ESG100.BSE_IDX,01/07/2025,10:32:09,427.45,0,0,0,0,0,0
ESG100.BSE_IDX,01/07/2025,10:32:17,427.46,0,0,0,0,0,0
ESG100.BSE_IDX,01/07/2025,10:32:25,427.48,0,0,0,0,0,0
ESG100.BSE_IDX,01/07/2025,10:32:33,427.49,0,0,0,0,0,0
ESG100.BSE_IDX,01/07/2025,10:32:41,427.5,0,0,0,0,0,0
ESG100.BSE_IDX,01/07/2025,10:32:49,427.52,0,0,0,0,0,0
ESG100.BSE_IDX,01/07/2025,10:32:57,427.56,0,0,0,0,0,0
ESG100.BSE_IDX,01/07/2025,10:33:05,427.57,0,0,0,0,0,0
ESG100.BSE_IDX,01/07/2025,10:33:13,427.58,0,0,0,0,0,0
ESG100.BSE_IDX,01/07/2025,10:33:21,427.58,0,0,0,0,0,0
ESG100.BSE_IDX,01/07/2025,10:33:29,427.58,0,0,0,0,0,0
ESG100.BSE_IDX,01/07/2025,10:33:37,427.6,0,0,0,0,0,0
ESG100.BSE_IDX,01/07/2025,10:33:45,427.61,0,0,0,0,0,0
ESG100.BSE_IDX,01/07/2025,10:33:53,427.6,0,0,0,0,0,0
ESG100.BSE_IDX,01/07/2025,10:34:01,427.56,0,0,0,0,0,0
ESG100.BSE_IDX,01/07/2025,10:34:09,427.55,0,0,0,0,0,0
ESG100.BSE_IDX,01/07/2025,10:34:17,427.53,0,0,0,0,0,0
ESG100.BSE_IDX,01/07/2025,10:34:25,427.54,0,0,0,0,0,0
ESG100.BSE_IDX,01/07/2025,10:34:33,427.56,0,0,0,0,0,0
ESG100.BSE_IDX,01/07/2025,10:34:41,427.54,0,0,0,0,0,0
ESG100.BSE_IDX,01/07/2025,10:34:49,427.54,0,0,0,0,0,0
ESG100.BSE_IDX,01/07/2025,10:34:58,427.53,0,0,0,0,0,0
ESG100.BSE_IDX,01/07/2025,10:35:06,427.54,0,0,0,0,0,0
ESG100.BSE_IDX,01/07/2025,10:35:14,427.54,0,0,0,0,0,0
ESG100.BSE_IDX,01/07/2025,10:35:21,427.54,0,0,0,0,0,0
ESG100.BSE_IDX,01/07/2025,10:35:29,427.51,0,0,0,0,0,0
ESG100.BSE_IDX,01/07/2025,10:35:37,427.49,0,0,0,0,0,0
ESG100.BSE_IDX,01/07/2025,10:35:45,427.48,0,0,0,0,0,0
ESG100.BSE_IDX,01/07/2025,10:35:54,427.49,0,0,0,0,0,0
ESG100.BSE_IDX,01/07/2025,10:36:02,427.5,0,0,0,0,0,0
ESG100.BSE_IDX,01/07/2025,10:36:10,427.47,0,0,0,0,0,0
ESG100.BSE_IDX,01/07/2025,10:36:17,427.47,0,0,0,0,0,0
ESG100.BSE_IDX,01/07/2025,10:36:25,427.45,0,0,0,0,0,0
ESG100.BSE_IDX,01/07/2025,10:36:34,427.5,0,0,0,0,0,0
ESG100.BSE_IDX,01/07/2025,10:36:42,427.5,0,0,0,0,0,0
ESG100.BSE_IDX,01/07/2025,10:36:49,427.49,0,0,0,0,0,0
ESG100.BSE_IDX,01/07/2025,10:36:58,427.48,0,0,0,0,0,0
ESG100.BSE_IDX,01/07/2025,10:37:05,427.48,0,0,0,0,0,0
ESG100.BSE_IDX,01/07/2025,10:37:14,427.45,0,0,0,0,0,0
ESG100.BSE_IDX,01/07/2025,10:37:21,427.44,0,0,0,0,0,0
ESG100.BSE_IDX,01/07/2025,10:37:30,427.44,0,0,0,0,0,0
ESG100.BSE_IDX,01/07/2025,10:37:38,427.42,0,0,0,0,0,0
ESG100.BSE_IDX,01/07/2025,10:37:46,427.41,0,0,0,0,0,0
ESG100.BSE_IDX,01/07/2025,10:37:54,427.37,0,0,0,0,0,0
ESG100.BSE_IDX,01/07/2025,10:38:02,427.36,0,0,0,0,0,0
ESG100.BSE_IDX,01/07/2025,10:38:10,427.38,0,0,0,0,0,0
ESG100.BSE_IDX,01/07/2025,10:38:18,427.39,0,0,0,0,0,0
ESG100.BSE_IDX,01/07/2025,10:38:26,427.4,0,0,0,0,0,0
ESG100.BSE_IDX,01/07/2025,10:38:34,427.38,0,0,0,0,0,0
ESG100.BSE_IDX,01/07/2025,10:38:42,427.41,0,0,0,0,0,0
ESG100.BSE_IDX,01/07/2025,10:38:50,427.43,0,0,0,0,0,0
ESG100.BSE_IDX,01/07/2025,10:38:58,427.44,0,0,0,0,0,0
ESG100.BSE_IDX,01/07/2025,10:39:06,427.5,0,0,0,0,0,0
ESG100.BSE_IDX,01/07/2025,10:39:14,427.53,0,0,0,0,0,0
ESG100.BSE_IDX,01/07/2025,10:39:22,427.54,0,0,0,0,0,0
ESG100.BSE_IDX,01/07/2025,10:39:30,427.55,0,0,0,0,0,0
ESG100.BSE_IDX,01/07/2025,10:39:38,427.55,0,0,0,0,0,0
ESG100.BSE_IDX,01/07/2025,10:39:46,427.55,0,0,0,0,0,0
ESG100.BSE_IDX,01/07/2025,10:39:54,427.58,0,0,0,0,0,0
ESG100.BSE_IDX,01/07/2025,10:40:02,427.6,0,0,0,0,0,0
ESG100.BSE_IDX,01/07/2025,10:40:10,427.55,0,0,0,0,0,0
ESG100.BSE_IDX,01/07/2025,10:40:18,427.56,0,0,0,0,0,0
ESG100.BSE_IDX,01/07/2025,10:40:26,427.54,0,0,0,0,0,0
ESG100.BSE_IDX,01/07/2025,10:40:34,427.55,0,0,0,0,0,0
ESG100.BSE_IDX,01/07/2025,10:40:42,427.53,0,0,0,0,0,0
ESG100.BSE_IDX,01/07/2025,10:40:50,427.54,0,0,0,0,0,0
ESG100.BSE_IDX,01/07/2025,10:40:58,427.54,0,0,0,0,0,0
ESG100.BSE_IDX,01/07/2025,10:41:06,427.54,0,0,0,0,0,0
ESG100.BSE_IDX,01/07/2025,10:41:14,427.51,0,0,0,0,0,0
ESG100.BSE_IDX,01/07/2025,10:41:22,427.54,0,0,0,0,0,0
ESG100.BSE_IDX,01/07/2025,10:41:30,427.52,0,0,0,0,0,0
ESG100.BSE_IDX,01/07/2025,10:41:38,427.59,0,0,0,0,0,0
ESG100.BSE_IDX,01/07/2025,10:41:46,427.56,0,0,0,0,0,0
ESG100.BSE_IDX,01/07/2025,10:41:54,427.55,0,0,0,0,0,0
ESG100.BSE_IDX,01/07/2025,10:42:02,427.56,0,0,0,0,0,0
ESG100.BSE_IDX,01/07/2025,10:42:10,427.57,0,0,0,0,0,0
ESG100.BSE_IDX,01/07/2025,10:42:18,427.59,0,0,0,0,0,0
ESG100.BSE_IDX,01/07/2025,10:42:26,427.59,0,0,0,0,0,0
ESG100.BSE_IDX,01/07/2025,10:42:34,427.57,0,0,0,0,0,0
ESG100.BSE_IDX,01/07/2025,10:42:42,427.55,0,0,0,0,0,0
ESG100.BSE_IDX,01/07/2025,10:42:50,427.54,0,0,0,0,0,0
ESG100.BSE_IDX,01/07/2025,10:42:58,427.51,0,0,0,0,0,0
ESG100.BSE_IDX,01/07/2025,10:43:06,427.54,0,0,0,0,0,0
ESG100.BSE_IDX,01/07/2025,10:43:14,427.55,0,0,0,0,0,0
ESG100.BSE_IDX,01/07/2025,10:43:22,427.53,0,0,0,0,0,0
ESG100.BSE_IDX,01/07/2025,10:43:30,427.54,0,0,0,0,0,0
ESG100.BSE_IDX,01/07/2025,10:43:38,427.5,0,0,0,0,0,0
ESG100.BSE_IDX,01/07/2025,10:43:46,427.52,0,0,0,0,0,0
ESG100.BSE_IDX,01/07/2025,10:43:54,427.49,0,0,0,0,0,0
ESG100.BSE_IDX,01/07/2025,10:44:02,427.47,0,0,0,0,0,0
ESG100.BSE_IDX,01/07/2025,10:44:10,427.43,0,0,0,0,0,0
ESG100.BSE_IDX,01/07/2025,10:44:18,427.42,0,0,0,0,0,0
ESG100.BSE_IDX,01/07/2025,10:44:26,427.43,0,0,0,0,0,0
ESG100.BSE_IDX,01/07/2025,10:44:34,427.41,0,0,0,0,0,0
ESG100.BSE_IDX,01/07/2025,10:44:42,427.42,0,0,0,0,0,0
ESG100.BSE_IDX,01/07/2025,10:44:50,427.43,0,0,0,0,0,0
ESG100.BSE_IDX,01/07/2025,10:44:58,427.38,0,0,0,0,0,0
ESG100.BSE_IDX,01/07/2025,10:45:07,427.36,0,0,0,0,0,0
ESG100.BSE_IDX,01/07/2025,10:45:14,427.37,0,0,0,0,0,0
ESG100.BSE_IDX,01/07/2025,10:45:22,427.35,0,0,0,0,0,0
ESG100.BSE_IDX,01/07/2025,10:45:30,427.37,0,0,0,0,0,0
ESG100.BSE_IDX,01/07/2025,10:45:38,427.35,0,0,0,0,0,0
ESG100.BSE_IDX,01/07/2025,10:45:46,427.39,0,0,0,0,0,0
ESG100.BSE_IDX,01/07/2025,10:45:54,427.35,0,0,0,0,0,0
ESG100.BSE_IDX,01/07/2025,10:46:02,427.33,0,0,0,0,0,0
ESG100.BSE_IDX,01/07/2025,10:46:10,427.32,0,0,0,0,0,0
ESG100.BSE_IDX,01/07/2025,10:46:18,427.33,0,0,0,0,0,0
ESG100.BSE_IDX,01/07/2025,10:46:26,427.35,0,0,0,0,0,0
ESG100.BSE_IDX,01/07/2025,10:46:34,427.33,0,0,0,0,0,0
ESG100.BSE_IDX,01/07/2025,10:46:42,427.33,0,0,0,0,0,0
ESG100.BSE_IDX,01/07/2025,10:46:50,427.36,0,0,0,0,0,0
ESG100.BSE_IDX,01/07/2025,10:46:58,427.34,0,0,0,0,0,0
ESG100.BSE_IDX,01/07/2025,10:47:06,427.36,0,0,0,0,0,0
ESG100.BSE_IDX,01/07/2025,10:47:14,427.33,0,0,0,0,0,0
ESG100.BSE_IDX,01/07/2025,10:47:22,427.32,0,0,0,0,0,0
ESG100.BSE_IDX,01/07/2025,10:47:30,427.32,0,0,0,0,0,0
ESG100.BSE_IDX,01/07/2025,10:47:38,427.34,0,0,0,0,0,0
ESG100.BSE_IDX,01/07/2025,10:47:46,427.35,0,0,0,0,0,0
ESG100.BSE_IDX,01/07/2025,10:47:54,427.38,0,0,0,0,0,0
ESG100.BSE_IDX,01/07/2025,10:48:02,427.38,0,0,0,0,0,0
ESG100.BSE_IDX,01/07/2025,10:48:10,427.37,0,0,0,0,0,0
ESG100.BSE_IDX,01/07/2025,10:48:18,427.37,0,0,0,0,0,0
ESG100.BSE_IDX,01/07/2025,10:48:26,427.4,0,0,0,0,0,0
ESG100.BSE_IDX,01/07/2025,10:48:34,427.4,0,0,0,0,0,0
ESG100.BSE_IDX,01/07/2025,10:48:42,427.4,0,0,0,0,0,0
ESG100.BSE_IDX,01/07/2025,10:48:50,427.45,0,0,0,0,0,0
ESG100.BSE_IDX,01/07/2025,10:48:58,427.43,0,0,0,0,0,0
ESG100.BSE_IDX,01/07/2025,10:49:06,427.42,0,0,0,0,0,0
ESG100.BSE_IDX,01/07/2025,10:49:14,427.37,0,0,0,0,0,0
ESG100.BSE_IDX,01/07/2025,10:49:22,427.34,0,0,0,0,0,0
ESG100.BSE_IDX,01/07/2025,10:49:30,427.33,0,0,0,0,0,0
ESG100.BSE_IDX,01/07/2025,10:49:38,427.32,0,0,0,0,0,0
ESG100.BSE_IDX,01/07/2025,10:49:46,427.32,0,0,0,0,0,0
ESG100.BSE_IDX,01/07/2025,10:49:54,427.3,0,0,0,0,0,0
ESG100.BSE_IDX,01/07/2025,10:50:02,427.3,0,0,0,0,0,0
ESG100.BSE_IDX,01/07/2025,10:50:10,427.27,0,0,0,0,0,0
ESG100.BSE_IDX,01/07/2025,10:50:18,427.28,0,0,0,0,0,0
ESG100.BSE_IDX,01/07/2025,10:50:26,427.27,0,0,0,0,0,0
ESG100.BSE_IDX,01/07/2025,10:50:34,427.31,0,0,0,0,0,0
ESG100.BSE_IDX,01/07/2025,10:50:42,427.3,0,0,0,0,0,0
ESG100.BSE_IDX,01/07/2025,10:50:50,427.29,0,0,0,0,0,0
ESG100.BSE_IDX,01/07/2025,10:50:58,427.29,0,0,0,0,0,0
ESG100.BSE_IDX,01/07/2025,10:51:06,427.28,0,0,0,0,0,0
ESG100.BSE_IDX,01/07/2025,10:51:14,427.28,0,0,0,0,0,0
ESG100.BSE_IDX,01/07/2025,10:51:22,427.26,0,0,0,0,0,0
ESG100.BSE_IDX,01/07/2025,10:51:30,427.25,0,0,0,0,0,0
ESG100.BSE_IDX,01/07/2025,10:51:38,427.26,0,0,0,0,0,0
ESG100.BSE_IDX,01/07/2025,10:51:46,427.25,0,0,0,0,0,0
ESG100.BSE_IDX,01/07/2025,10:51:54,427.22,0,0,0,0,0,0
ESG100.BSE_IDX,01/07/2025,10:52:02,427.21,0,0,0,0,0,0
ESG100.BSE_IDX,01/07/2025,10:52:10,427.21,0,0,0,0,0,0
ESG100.BSE_IDX,01/07/2025,10:52:18,427.17,0,0,0,0,0,0
ESG100.BSE_IDX,01/07/2025,10:52:26,427.15,0,0,0,0,0,0
ESG100.BSE_IDX,01/07/2025,10:52:34,427.14,0,0,0,0,0,0
ESG100.BSE_IDX,01/07/2025,10:52:43,427.09,0,0,0,0,0,0
ESG100.BSE_IDX,01/07/2025,10:52:50,427.08,0,0,0,0,0,0
ESG100.BSE_IDX,01/07/2025,10:52:58,427.05,0,0,0,0,0,0
ESG100.BSE_IDX,01/07/2025,10:53:06,427.05,0,0,0,0,0,0
ESG100.BSE_IDX,01/07/2025,10:53:14,427.04,0,0,0,0,0,0
ESG100.BSE_IDX,01/07/2025,10:53:22,427.04,0,0,0,0,0,0
ESG100.BSE_IDX,01/07/2025,10:53:30,427.07,0,0,0,0,0,0
ESG100.BSE_IDX,01/07/2025,10:53:38,427.08,0,0,0,0,0,0
ESG100.BSE_IDX,01/07/2025,10:53:46,427.1,0,0,0,0,0,0
ESG100.BSE_IDX,01/07/2025,10:53:54,427.1,0,0,0,0,0,0
ESG100.BSE_IDX,01/07/2025,10:54:02,427.12,0,0,0,0,0,0
ESG100.BSE_IDX,01/07/2025,10:54:10,427.12,0,0,0,0,0,0
ESG100.BSE_IDX,01/07/2025,10:54:18,427.12,0,0,0,0,0,0
ESG100.BSE_IDX,01/07/2025,10:54:26,427.12,0,0,0,0,0,0
ESG100.BSE_IDX,01/07/2025,10:54:34,427.15,0,0,0,0,0,0
ESG100.BSE_IDX,01/07/2025,10:54:42,427.18,0,0,0,0,0,0
ESG100.BSE_IDX,01/07/2025,10:54:51,427.19,0,0,0,0,0,0
ESG100.BSE_IDX,01/07/2025,10:54:58,427.18,0,0,0,0,0,0
ESG100.BSE_IDX,01/07/2025,10:55:06,427.18,0,0,0,0,0,0
ESG100.BSE_IDX,01/07/2025,10:55:14,427.16,0,0,0,0,0,0
ESG100.BSE_IDX,01/07/2025,10:55:22,427.16,0,0,0,0,0,0
ESG100.BSE_IDX,01/07/2025,10:55:30,427.15,0,0,0,0,0,0
ESG100.BSE_IDX,01/07/2025,10:55:38,427.14,0,0,0,0,0,0
ESG100.BSE_IDX,01/07/2025,10:55:46,427.13,0,0,0,0,0,0
ESG100.BSE_IDX,01/07/2025,10:55:54,427.13,0,0,0,0,0,0
ESG100.BSE_IDX,01/07/2025,10:56:02,427.1,0,0,0,0,0,0
ESG100.BSE_IDX,01/07/2025,10:56:10,427.09,0,0,0,0,0,0
ESG100.BSE_IDX,01/07/2025,10:56:18,427.07,0,0,0,0,0,0
ESG100.BSE_IDX,01/07/2025,10:56:26,427.04,0,0,0,0,0,0
ESG100.BSE_IDX,01/07/2025,10:56:34,427.06,0,0,0,0,0,0
ESG100.BSE_IDX,01/07/2025,10:56:42,427.05,0,0,0,0,0,0
ESG100.BSE_IDX,01/07/2025,10:56:50,427.05,0,0,0,0,0,0
ESG100.BSE_IDX,01/07/2025,10:56:58,427.01,0,0,0,0,0,0
ESG100.BSE_IDX,01/07/2025,10:57:06,427.01,0,0,0,0,0,0
ESG100.BSE_IDX,01/07/2025,10:57:14,426.99,0,0,0,0,0,0
ESG100.BSE_IDX,01/07/2025,10:57:22,427,0,0,0,0,0,0
ESG100.BSE_IDX,01/07/2025,10:57:30,426.98,0,0,0,0,0,0
ESG100.BSE_IDX,01/07/2025,10:57:39,427.02,0,0,0,0,0,0
ESG100.BSE_IDX,01/07/2025,10:57:46,427.03,0,0,0,0,0,0
ESG100.BSE_IDX,01/07/2025,10:57:54,427.01,0,0,0,0,0,0
ESG100.BSE_IDX,01/07/2025,10:58:02,427.01,0,0,0,0,0,0
ESG100.BSE_IDX,01/07/2025,10:58:10,427.02,0,0,0,0,0,0
ESG100.BSE_IDX,01/07/2025,10:58:18,426.98,0,0,0,0,0,0
ESG100.BSE_IDX,01/07/2025,10:58:26,426.97,0,0,0,0,0,0
ESG100.BSE_IDX,01/07/2025,10:58:34,426.99,0,0,0,0,0,0
ESG100.BSE_IDX,01/07/2025,10:58:42,426.99,0,0,0,0,0,0
ESG100.BSE_IDX,01/07/2025,10:58:50,427.03,0,0,0,0,0,0
ESG100.BSE_IDX,01/07/2025,10:58:58,426.99,0,0,0,0,0,0
ESG100.BSE_IDX,01/07/2025,10:59:06,426.98,0,0,0,0,0,0
ESG100.BSE_IDX,01/07/2025,10:59:14,426.98,0,0,0,0,0,0
ESG100.BSE_IDX,01/07/2025,10:59:22,426.97,0,0,0,0,0,0
ESG100.BSE_IDX,01/07/2025,10:59:30,426.97,0,0,0,0,0,0
ESG100.BSE_IDX,01/07/2025,10:59:38,426.94,0,0,0,0,0,0
ESG100.BSE_IDX,01/07/2025,10:59:47,426.95,0,0,0,0,0,0
ESG100.BSE_IDX,01/07/2025,10:59:55,426.94,0,0,0,0,0,0
ESG100.BSE_IDX,01/07/2025,11:00:03,426.94,0,0,0,0,0,0
ESG100.BSE_IDX,01/07/2025,11:00:11,426.91,0,0,0,0,0,0
ESG100.BSE_IDX,01/07/2025,11:00:18,426.94,0,0,0,0,0,0
ESG100.BSE_IDX,01/07/2025,11:00:26,426.95,0,0,0,0,0,0
ESG100.BSE_IDX,01/07/2025,11:00:34,426.96,0,0,0,0,0,0
ESG100.BSE_IDX,01/07/2025,11:00:42,426.95,0,0,0,0,0,0
ESG100.BSE_IDX,01/07/2025,11:00:50,426.97,0,0,0,0,0,0
ESG100.BSE_IDX,01/07/2025,11:00:58,426.97,0,0,0,0,0,0
ESG100.BSE_IDX,01/07/2025,11:01:06,426.98,0,0,0,0,0,0
ESG100.BSE_IDX,01/07/2025,11:01:15,426.99,0,0,0,0,0,0
ESG100.BSE_IDX,01/07/2025,11:01:22,426.93,0,0,0,0,0,0
ESG100.BSE_IDX,01/07/2025,11:01:30,426.93,0,0,0,0,0,0
ESG100.BSE_IDX,01/07/2025,11:01:38,426.91,0,0,0,0,0,0
ESG100.BSE_IDX,01/07/2025,11:01:46,426.87,0,0,0,0,0,0
ESG100.BSE_IDX,01/07/2025,11:01:54,426.86,0,0,0,0,0,0
ESG100.BSE_IDX,01/07/2025,11:02:02,426.89,0,0,0,0,0,0
ESG100.BSE_IDX,01/07/2025,11:02:10,426.85,0,0,0,0,0,0
ESG100.BSE_IDX,01/07/2025,11:02:18,426.87,0,0,0,0,0,0
ESG100.BSE_IDX,01/07/2025,11:02:27,426.88,0,0,0,0,0,0
ESG100.BSE_IDX,01/07/2025,11:02:34,426.9,0,0,0,0,0,0
ESG100.BSE_IDX,01/07/2025,11:02:42,426.85,0,0,0,0,0,0
ESG100.BSE_IDX,01/07/2025,11:02:51,426.87,0,0,0,0,0,0
ESG100.BSE_IDX,01/07/2025,11:02:58,426.84,0,0,0,0,0,0
ESG100.BSE_IDX,01/07/2025,11:03:06,426.83,0,0,0,0,0,0
ESG100.BSE_IDX,01/07/2025,11:03:14,426.83,0,0,0,0,0,0
ESG100.BSE_IDX,01/07/2025,11:03:22,426.83,0,0,0,0,0,0
ESG100.BSE_IDX,01/07/2025,11:03:31,426.82,0,0,0,0,0,0
ESG100.BSE_IDX,01/07/2025,11:03:38,426.83,0,0,0,0,0,0
ESG100.BSE_IDX,01/07/2025,11:03:46,426.84,0,0,0,0,0,0
ESG100.BSE_IDX,01/07/2025,11:03:54,426.83,0,0,0,0,0,0
ESG100.BSE_IDX,01/07/2025,11:04:02,426.84,0,0,0,0,0,0
ESG100.BSE_IDX,01/07/2025,11:04:10,426.83,0,0,0,0,0,0
ESG100.BSE_IDX,01/07/2025,11:04:18,426.84,0,0,0,0,0,0
ESG100.BSE_IDX,01/07/2025,11:04:27,426.84,0,0,0,0,0,0
ESG100.BSE_IDX,01/07/2025,11:04:34,426.85,0,0,0,0,0,0
ESG100.BSE_IDX,01/07/2025,11:04:42,426.83,0,0,0,0,0,0
ESG100.BSE_IDX,01/07/2025,11:04:51,426.87,0,0,0,0,0,0
ESG100.BSE_IDX,01/07/2025,11:04:58,426.87,0,0,0,0,0,0
ESG100.BSE_IDX,01/07/2025,11:05:06,426.89,0,0,0,0,0,0
ESG100.BSE_IDX,01/07/2025,11:05:14,426.91,0,0,0,0,0,0
ESG100.BSE_IDX,01/07/2025,11:05:22,426.89,0,0,0,0,0,0
ESG100.BSE_IDX,01/07/2025,11:05:30,426.91,0,0,0,0,0,0
ESG100.BSE_IDX,01/07/2025,11:05:38,426.91,0,0,0,0,0,0
ESG100.BSE_IDX,01/07/2025,11:05:46,426.91,0,0,0,0,0,0
ESG100.BSE_IDX,01/07/2025,11:05:54,426.92,0,0,0,0,0,0
ESG100.BSE_IDX,01/07/2025,11:06:02,426.92,0,0,0,0,0,0
ESG100.BSE_IDX,01/07/2025,11:06:11,426.96,0,0,0,0,0,0
ESG100.BSE_IDX,01/07/2025,11:06:19,427,0,0,0,0,0,0
ESG100.BSE_IDX,01/07/2025,11:06:26,426.99,0,0,0,0,0,0
ESG100.BSE_IDX,01/07/2025,11:06:34,426.95,0,0,0,0,0,0
ESG100.BSE_IDX,01/07/2025,11:06:42,426.96,0,0,0,0,0,0
ESG100.BSE_IDX,01/07/2025,11:06:50,426.99,0,0,0,0,0,0
ESG100.BSE_IDX,01/07/2025,11:06:58,426.99,0,0,0,0,0,0
ESG100.BSE_IDX,01/07/2025,11:07:06,426.98,0,0,0,0,0,0
ESG100.BSE_IDX,01/07/2025,11:07:15,427,0,0,0,0,0,0
ESG100.BSE_IDX,01/07/2025,11:07:22,426.99,0,0,0,0,0,0
ESG100.BSE_IDX,01/07/2025,11:07:30,427,0,0,0,0,0,0
ESG100.BSE_IDX,01/07/2025,11:07:38,427,0,0,0,0,0,0
ESG100.BSE_IDX,01/07/2025,11:07:46,427.02,0,0,0,0,0,0
ESG100.BSE_IDX,01/07/2025,11:07:54,427.05,0,0,0,0,0,0
ESG100.BSE_IDX,01/07/2025,11:08:02,427.06,0,0,0,0,0,0
ESG100.BSE_IDX,01/07/2025,11:08:11,427.05,0,0,0,0,0,0
ESG100.BSE_IDX,01/07/2025,11:08:18,427.05,0,0,0,0,0,0
ESG100.BSE_IDX,01/07/2025,11:08:27,427.06,0,0,0,0,0,0
ESG100.BSE_IDX,01/07/2025,11:08:35,427.01,0,0,0,0,0,0
ESG100.BSE_IDX,01/07/2025,11:08:43,427.02,0,0,0,0,0,0
ESG100.BSE_IDX,01/07/2025,11:08:51,427.05,0,0,0,0,0,0
ESG100.BSE_IDX,01/07/2025,11:08:58,427.07,0,0,0,0,0,0
ESG100.BSE_IDX,01/07/2025,11:09:07,427.06,0,0,0,0,0,0
ESG100.BSE_IDX,01/07/2025,11:09:15,427.01,0,0,0,0,0,0
ESG100.BSE_IDX,01/07/2025,11:09:23,426.97,0,0,0,0,0,0
ESG100.BSE_IDX,01/07/2025,11:09:31,427,0,0,0,0,0,0
ESG100.BSE_IDX,01/07/2025,11:09:39,426.99,0,0,0,0,0,0
ESG100.BSE_IDX,01/07/2025,11:09:46,427.02,0,0,0,0,0,0
ESG100.BSE_IDX,01/07/2025,11:09:55,427.01,0,0,0,0,0,0
ESG100.BSE_IDX,01/07/2025,11:10:03,427.02,0,0,0,0,0,0
ESG100.BSE_IDX,01/07/2025,11:10:11,427.03,0,0,0,0,0,0
ESG100.BSE_IDX,01/07/2025,11:10:19,427.01,0,0,0,0,0,0
ESG100.BSE_IDX,01/07/2025,11:10:27,427.02,0,0,0,0,0,0
ESG100.BSE_IDX,01/07/2025,11:10:35,427.04,0,0,0,0,0,0
ESG100.BSE_IDX,01/07/2025,11:10:43,427.04,0,0,0,0,0,0
ESG100.BSE_IDX,01/07/2025,11:10:51,427.04,0,0,0,0,0,0
ESG100.BSE_IDX,01/07/2025,11:10:59,427.04,0,0,0,0,0,0
ESG100.BSE_IDX,01/07/2025,11:11:07,427.07,0,0,0,0,0,0
ESG100.BSE_IDX,01/07/2025,11:11:15,427.05,0,0,0,0,0,0
ESG100.BSE_IDX,01/07/2025,11:11:23,427.05,0,0,0,0,0,0
ESG100.BSE_IDX,01/07/2025,11:11:31,427.04,0,0,0,0,0,0
ESG100.BSE_IDX,01/07/2025,11:11:39,427.03,0,0,0,0,0,0
ESG100.BSE_IDX,01/07/2025,11:11:47,427.01,0,0,0,0,0,0
ESG100.BSE_IDX,01/07/2025,11:11:55,427.01,0,0,0,0,0,0
ESG100.BSE_IDX,01/07/2025,11:12:03,427.02,0,0,0,0,0,0
ESG100.BSE_IDX,01/07/2025,11:12:11,427.03,0,0,0,0,0,0
ESG100.BSE_IDX,01/07/2025,11:12:19,427.02,0,0,0,0,0,0
ESG100.BSE_IDX,01/07/2025,11:12:27,427.02,0,0,0,0,0,0
ESG100.BSE_IDX,01/07/2025,11:12:35,427.04,0,0,0,0,0,0
ESG100.BSE_IDX,01/07/2025,11:12:43,427.01,0,0,0,0,0,0
ESG100.BSE_IDX,01/07/2025,11:12:51,427.01,0,0,0,0,0,0
ESG100.BSE_IDX,01/07/2025,11:12:59,427.02,0,0,0,0,0,0
ESG100.BSE_IDX,01/07/2025,11:13:07,427.03,0,0,0,0,0,0
ESG100.BSE_IDX,01/07/2025,11:13:16,427.02,0,0,0,0,0,0
ESG100.BSE_IDX,01/07/2025,11:13:23,427,0,0,0,0,0,0
ESG100.BSE_IDX,01/07/2025,11:13:31,426.99,0,0,0,0,0,0
ESG100.BSE_IDX,01/07/2025,11:13:39,427,0,0,0,0,0,0
ESG100.BSE_IDX,01/07/2025,11:13:47,427.02,0,0,0,0,0,0
ESG100.BSE_IDX,01/07/2025,11:13:55,427.03,0,0,0,0,0,0
ESG100.BSE_IDX,01/07/2025,11:14:03,427.05,0,0,0,0,0,0
ESG100.BSE_IDX,01/07/2025,11:14:11,427.02,0,0,0,0,0,0
ESG100.BSE_IDX,01/07/2025,11:14:19,427.04,0,0,0,0,0,0
ESG100.BSE_IDX,01/07/2025,11:14:27,427.07,0,0,0,0,0,0
ESG100.BSE_IDX,01/07/2025,11:14:35,427.08,0,0,0,0,0,0
ESG100.BSE_IDX,01/07/2025,11:14:43,427.08,0,0,0,0,0,0
ESG100.BSE_IDX,01/07/2025,11:14:51,427.09,0,0,0,0,0,0
ESG100.BSE_IDX,01/07/2025,11:14:59,427.1,0,0,0,0,0,0
ESG100.BSE_IDX,01/07/2025,11:15:07,427.11,0,0,0,0,0,0
ESG100.BSE_IDX,01/07/2025,11:15:15,427.11,0,0,0,0,0,0
ESG100.BSE_IDX,01/07/2025,11:15:23,427.14,0,0,0,0,0,0
ESG100.BSE_IDX,01/07/2025,11:15:31,427.1,0,0,0,0,0,0
ESG100.BSE_IDX,01/07/2025,11:15:39,427.13,0,0,0,0,0,0
ESG100.BSE_IDX,01/07/2025,11:15:47,427.13,0,0,0,0,0,0
ESG100.BSE_IDX,01/07/2025,11:15:56,427.16,0,0,0,0,0,0
ESG100.BSE_IDX,01/07/2025,11:16:03,427.13,0,0,0,0,0,0
ESG100.BSE_IDX,01/07/2025,11:16:11,427.12,0,0,0,0,0,0
ESG100.BSE_IDX,01/07/2025,11:16:19,427.12,0,0,0,0,0,0
ESG100.BSE_IDX,01/07/2025,11:16:27,427.07,0,0,0,0,0,0
ESG100.BSE_IDX,01/07/2025,11:16:35,427.06,0,0,0,0,0,0
ESG100.BSE_IDX,01/07/2025,11:16:43,427.03,0,0,0,0,0,0
ESG100.BSE_IDX,01/07/2025,11:16:51,427.04,0,0,0,0,0,0
ESG100.BSE_IDX,01/07/2025,11:16:59,427.04,0,0,0,0,0,0
ESG100.BSE_IDX,01/07/2025,11:17:07,427.04,0,0,0,0,0,0
ESG100.BSE_IDX,01/07/2025,11:17:15,427.07,0,0,0,0,0,0
ESG100.BSE_IDX,01/07/2025,11:17:23,427.12,0,0,0,0,0,0
ESG100.BSE_IDX,01/07/2025,11:17:31,427.17,0,0,0,0,0,0
ESG100.BSE_IDX,01/07/2025,11:17:39,427.2,0,0,0,0,0,0
ESG100.BSE_IDX,01/07/2025,11:17:47,427.25,0,0,0,0,0,0
ESG100.BSE_IDX,01/07/2025,11:17:57,427.25,0,0,0,0,0,0
ESG100.BSE_IDX,01/07/2025,11:18:03,427.25,0,0,0,0,0,0
ESG100.BSE_IDX,01/07/2025,11:18:11,427.24,0,0,0,0,0,0
ESG100.BSE_IDX,01/07/2025,11:18:19,427.24,0,0,0,0,0,0
ESG100.BSE_IDX,01/07/2025,11:18:27,427.25,0,0,0,0,0,0
ESG100.BSE_IDX,01/07/2025,11:18:35,427.28,0,0,0,0,0,0
ESG100.BSE_IDX,01/07/2025,11:18:44,427.28,0,0,0,0,0,0
ESG100.BSE_IDX,01/07/2025,11:18:51,427.3,0,0,0,0,0,0
ESG100.BSE_IDX,01/07/2025,11:18:59,427.26,0,0,0,0,0,0
ESG100.BSE_IDX,01/07/2025,11:19:08,427.25,0,0,0,0,0,0
ESG100.BSE_IDX,01/07/2025,11:19:15,427.27,0,0,0,0,0,0
ESG100.BSE_IDX,01/07/2025,11:19:23,427.26,0,0,0,0,0,0
ESG100.BSE_IDX,01/07/2025,11:19:31,427.23,0,0,0,0,0,0
ESG100.BSE_IDX,01/07/2025,11:19:39,427.22,0,0,0,0,0,0
ESG100.BSE_IDX,01/07/2025,11:19:47,427.21,0,0,0,0,0,0
ESG100.BSE_IDX,01/07/2025,11:19:55,427.14,0,0,0,0,0,0
ESG100.BSE_IDX,01/07/2025,11:20:03,427.14,0,0,0,0,0,0
ESG100.BSE_IDX,01/07/2025,11:20:11,427.17,0,0,0,0,0,0
ESG100.BSE_IDX,01/07/2025,11:20:19,427.17,0,0,0,0,0,0
ESG100.BSE_IDX,01/07/2025,11:20:27,427.18,0,0,0,0,0,0
ESG100.BSE_IDX,01/07/2025,11:20:35,427.2,0,0,0,0,0,0
ESG100.BSE_IDX,01/07/2025,11:20:43,427.2,0,0,0,0,0,0
ESG100.BSE_IDX,01/07/2025,11:20:51,427.2,0,0,0,0,0,0
ESG100.BSE_IDX,01/07/2025,11:20:59,427.21,0,0,0,0,0,0
ESG100.BSE_IDX,01/07/2025,11:21:07,427.19,0,0,0,0,0,0
ESG100.BSE_IDX,01/07/2025,11:21:15,427.2,0,0,0,0,0,0
ESG100.BSE_IDX,01/07/2025,11:21:24,427.21,0,0,0,0,0,0
ESG100.BSE_IDX,01/07/2025,11:21:31,427.21,0,0,0,0,0,0
ESG100.BSE_IDX,01/07/2025,11:21:39,427.18,0,0,0,0,0,0
ESG100.BSE_IDX,01/07/2025,11:21:47,427.18,0,0,0,0,0,0
ESG100.BSE_IDX,01/07/2025,11:21:56,427.19,0,0,0,0,0,0
ESG100.BSE_IDX,01/07/2025,11:22:03,427.2,0,0,0,0,0,0
ESG100.BSE_IDX,01/07/2025,11:22:11,427.18,0,0,0,0,0,0
ESG100.BSE_IDX,01/07/2025,11:22:19,427.19,0,0,0,0,0,0
ESG100.BSE_IDX,01/07/2025,11:22:28,427.19,0,0,0,0,0,0
ESG100.BSE_IDX,01/07/2025,11:22:35,427.19,0,0,0,0,0,0
ESG100.BSE_IDX,01/07/2025,11:22:43,427.18,0,0,0,0,0,0
ESG100.BSE_IDX,01/07/2025,11:22:51,427.18,0,0,0,0,0,0
ESG100.BSE_IDX,01/07/2025,11:22:59,427.18,0,0,0,0,0,0
ESG100.BSE_IDX,01/07/2025,11:23:07,427.18,0,0,0,0,0,0
ESG100.BSE_IDX,01/07/2025,11:23:15,427.21,0,0,0,0,0,0
ESG100.BSE_IDX,01/07/2025,11:23:23,427.2,0,0,0,0,0,0
ESG100.BSE_IDX,01/07/2025,11:23:31,427.19,0,0,0,0,0,0
ESG100.BSE_IDX,01/07/2025,11:23:39,427.19,0,0,0,0,0,0
ESG100.BSE_IDX,01/07/2025,11:23:47,427.2,0,0,0,0,0,0
ESG100.BSE_IDX,01/07/2025,11:23:55,427.19,0,0,0,0,0,0
ESG100.BSE_IDX,01/07/2025,11:24:04,427.16,0,0,0,0,0,0
ESG100.BSE_IDX,01/07/2025,11:24:11,427.18,0,0,0,0,0,0
ESG100.BSE_IDX,01/07/2025,11:24:19,427.17,0,0,0,0,0,0
ESG100.BSE_IDX,01/07/2025,11:24:27,427.16,0,0,0,0,0,0
ESG100.BSE_IDX,01/07/2025,11:24:35,427.14,0,0,0,0,0,0
ESG100.BSE_IDX,01/07/2025,11:24:43,427.14,0,0,0,0,0,0
ESG100.BSE_IDX,01/07/2025,11:24:52,427.12,0,0,0,0,0,0
ESG100.BSE_IDX,01/07/2025,11:25:00,427.14,0,0,0,0,0,0
ESG100.BSE_IDX,01/07/2025,11:25:07,427.16,0,0,0,0,0,0
ESG100.BSE_IDX,01/07/2025,11:25:15,427.15,0,0,0,0,0,0
ESG100.BSE_IDX,01/07/2025,11:25:23,427.13,0,0,0,0,0,0
ESG100.BSE_IDX,01/07/2025,11:25:31,427.13,0,0,0,0,0,0
ESG100.BSE_IDX,01/07/2025,11:25:41,427.12,0,0,0,0,0,0
ESG100.BSE_IDX,01/07/2025,11:25:47,427.09,0,0,0,0,0,0
ESG100.BSE_IDX,01/07/2025,11:25:55,427.09,0,0,0,0,0,0
ESG100.BSE_IDX,01/07/2025,11:26:03,427.11,0,0,0,0,0,0
ESG100.BSE_IDX,01/07/2025,11:26:11,427.09,0,0,0,0,0,0
ESG100.BSE_IDX,01/07/2025,11:26:19,427.1,0,0,0,0,0,0
ESG100.BSE_IDX,01/07/2025,11:26:27,427.1,0,0,0,0,0,0
ESG100.BSE_IDX,01/07/2025,11:26:35,427.11,0,0,0,0,0,0
ESG100.BSE_IDX,01/07/2025,11:26:43,427.11,0,0,0,0,0,0
ESG100.BSE_IDX,01/07/2025,11:26:51,427.1,0,0,0,0,0,0
ESG100.BSE_IDX,01/07/2025,11:26:59,427.12,0,0,0,0,0,0
ESG100.BSE_IDX,01/07/2025,11:27:07,427.11,0,0,0,0,0,0
ESG100.BSE_IDX,01/07/2025,11:27:15,427.12,0,0,0,0,0,0
ESG100.BSE_IDX,01/07/2025,11:27:23,427.1,0,0,0,0,0,0
ESG100.BSE_IDX,01/07/2025,11:27:31,427.12,0,0,0,0,0,0
ESG100.BSE_IDX,01/07/2025,11:27:39,427.13,0,0,0,0,0,0
ESG100.BSE_IDX,01/07/2025,11:27:47,427.12,0,0,0,0,0,0
ESG100.BSE_IDX,01/07/2025,11:27:55,427.13,0,0,0,0,0,0
ESG100.BSE_IDX,01/07/2025,11:28:03,427.13,0,0,0,0,0,0
ESG100.BSE_IDX,01/07/2025,11:28:11,427.11,0,0,0,0,0,0
ESG100.BSE_IDX,01/07/2025,11:28:19,427.08,0,0,0,0,0,0
ESG100.BSE_IDX,01/07/2025,11:28:27,427.09,0,0,0,0,0,0
ESG100.BSE_IDX,01/07/2025,11:28:36,427.14,0,0,0,0,0,0
ESG100.BSE_IDX,01/07/2025,11:28:43,427.13,0,0,0,0,0,0
ESG100.BSE_IDX,01/07/2025,11:28:51,427.14,0,0,0,0,0,0
ESG100.BSE_IDX,01/07/2025,11:28:59,427.14,0,0,0,0,0,0
ESG100.BSE_IDX,01/07/2025,11:29:07,427.14,0,0,0,0,0,0
ESG100.BSE_IDX,01/07/2025,11:29:16,427.13,0,0,0,0,0,0
ESG100.BSE_IDX,01/07/2025,11:29:24,427.12,0,0,0,0,0,0
ESG100.BSE_IDX,01/07/2025,11:29:31,427.13,0,0,0,0,0,0
ESG100.BSE_IDX,01/07/2025,11:29:39,427.14,0,0,0,0,0,0
ESG100.BSE_IDX,01/07/2025,11:29:47,427.17,0,0,0,0,0,0
ESG100.BSE_IDX,01/07/2025,11:29:55,427.17,0,0,0,0,0,0
ESG100.BSE_IDX,01/07/2025,11:30:03,427.2,0,0,0,0,0,0
ESG100.BSE_IDX,01/07/2025,11:30:11,427.18,0,0,0,0,0,0
ESG100.BSE_IDX,01/07/2025,11:30:19,427.2,0,0,0,0,0,0
ESG100.BSE_IDX,01/07/2025,11:30:27,427.2,0,0,0,0,0,0
ESG100.BSE_IDX,01/07/2025,11:30:35,427.19,0,0,0,0,0,0
ESG100.BSE_IDX,01/07/2025,11:30:43,427.22,0,0,0,0,0,0
ESG100.BSE_IDX,01/07/2025,11:30:51,427.21,0,0,0,0,0,0
ESG100.BSE_IDX,01/07/2025,11:30:59,427.21,0,0,0,0,0,0
ESG100.BSE_IDX,01/07/2025,11:31:07,427.17,0,0,0,0,0,0
ESG100.BSE_IDX,01/07/2025,11:31:15,427.15,0,0,0,0,0,0
ESG100.BSE_IDX,01/07/2025,11:31:23,427.13,0,0,0,0,0,0
ESG100.BSE_IDX,01/07/2025,11:31:31,427.12,0,0,0,0,0,0
ESG100.BSE_IDX,01/07/2025,11:31:39,427.12,0,0,0,0,0,0
ESG100.BSE_IDX,01/07/2025,11:31:47,427.13,0,0,0,0,0,0
ESG100.BSE_IDX,01/07/2025,11:31:55,427.14,0,0,0,0,0,0
ESG100.BSE_IDX,01/07/2025,11:32:04,427.13,0,0,0,0,0,0
ESG100.BSE_IDX,01/07/2025,11:32:11,427.12,0,0,0,0,0,0
ESG100.BSE_IDX,01/07/2025,11:32:19,427.14,0,0,0,0,0,0
ESG100.BSE_IDX,01/07/2025,11:32:27,427.13,0,0,0,0,0,0
ESG100.BSE_IDX,01/07/2025,11:32:35,427.14,0,0,0,0,0,0
ESG100.BSE_IDX,01/07/2025,11:32:43,427.13,0,0,0,0,0,0
ESG100.BSE_IDX,01/07/2025,11:32:51,427.11,0,0,0,0,0,0
ESG100.BSE_IDX,01/07/2025,11:32:59,427.1,0,0,0,0,0,0
ESG100.BSE_IDX,01/07/2025,11:33:07,427.07,0,0,0,0,0,0
ESG100.BSE_IDX,01/07/2025,11:33:15,427.03,0,0,0,0,0,0
ESG100.BSE_IDX,01/07/2025,11:33:23,427.05,0,0,0,0,0,0
ESG100.BSE_IDX,01/07/2025,11:33:31,427.03,0,0,0,0,0,0
ESG100.BSE_IDX,01/07/2025,11:33:39,427.05,0,0,0,0,0,0
ESG100.BSE_IDX,01/07/2025,11:33:47,427.03,0,0,0,0,0,0
ESG100.BSE_IDX,01/07/2025,11:33:55,427.03,0,0,0,0,0,0
ESG100.BSE_IDX,01/07/2025,11:34:03,427.03,0,0,0,0,0,0
ESG100.BSE_IDX,01/07/2025,11:34:12,427.01,0,0,0,0,0,0
ESG100.BSE_IDX,01/07/2025,11:34:19,427.01,0,0,0,0,0,0
ESG100.BSE_IDX,01/07/2025,11:34:27,426.99,0,0,0,0,0,0
ESG100.BSE_IDX,01/07/2025,11:34:35,426.98,0,0,0,0,0,0
ESG100.BSE_IDX,01/07/2025,11:34:43,427,0,0,0,0,0,0
ESG100.BSE_IDX,01/07/2025,11:34:51,427.02,0,0,0,0,0,0
ESG100.BSE_IDX,01/07/2025,11:34:59,427,0,0,0,0,0,0
ESG100.BSE_IDX,01/07/2025,11:35:07,427.01,0,0,0,0,0,0
ESG100.BSE_IDX,01/07/2025,11:35:16,427.01,0,0,0,0,0,0
ESG100.BSE_IDX,01/07/2025,11:35:23,427.05,0,0,0,0,0,0
ESG100.BSE_IDX,01/07/2025,11:35:32,427.03,0,0,0,0,0,0
ESG100.BSE_IDX,01/07/2025,11:35:39,427.04,0,0,0,0,0,0
ESG100.BSE_IDX,01/07/2025,11:35:47,427.05,0,0,0,0,0,0
ESG100.BSE_IDX,01/07/2025,11:35:55,427.04,0,0,0,0,0,0
ESG100.BSE_IDX,01/07/2025,11:36:04,427.03,0,0,0,0,0,0
ESG100.BSE_IDX,01/07/2025,11:36:11,427.05,0,0,0,0,0,0
ESG100.BSE_IDX,01/07/2025,11:36:19,427.03,0,0,0,0,0,0
ESG100.BSE_IDX,01/07/2025,11:36:28,427.05,0,0,0,0,0,0
ESG100.BSE_IDX,01/07/2025,11:36:35,427.02,0,0,0,0,0,0
ESG100.BSE_IDX,01/07/2025,11:36:43,427.03,0,0,0,0,0,0
ESG100.BSE_IDX,01/07/2025,11:36:54,427.05,0,0,0,0,0,0
ESG100.BSE_IDX,01/07/2025,11:36:59,427.06,0,0,0,0,0,0
ESG100.BSE_IDX,01/07/2025,11:37:07,427.06,0,0,0,0,0,0
ESG100.BSE_IDX,01/07/2025,11:37:15,427.07,0,0,0,0,0,0
ESG100.BSE_IDX,01/07/2025,11:37:23,427.06,0,0,0,0,0,0
ESG100.BSE_IDX,01/07/2025,11:37:31,427.07,0,0,0,0,0,0
ESG100.BSE_IDX,01/07/2025,11:37:41,427.04,0,0,0,0,0,0
ESG100.BSE_IDX,01/07/2025,11:37:47,427.06,0,0,0,0,0,0
ESG100.BSE_IDX,01/07/2025,11:37:55,427.09,0,0,0,0,0,0
ESG100.BSE_IDX,01/07/2025,11:38:03,427.09,0,0,0,0,0,0
ESG100.BSE_IDX,01/07/2025,11:38:11,427.07,0,0,0,0,0,0
ESG100.BSE_IDX,01/07/2025,11:38:20,427.05,0,0,0,0,0,0
ESG100.BSE_IDX,01/07/2025,11:38:27,427.07,0,0,0,0,0,0
ESG100.BSE_IDX,01/07/2025,11:38:35,427.08,0,0,0,0,0,0
ESG100.BSE_IDX,01/07/2025,11:38:43,427.07,0,0,0,0,0,0
ESG100.BSE_IDX,01/07/2025,11:38:51,427.07,0,0,0,0,0,0
ESG100.BSE_IDX,01/07/2025,11:38:59,427.06,0,0,0,0,0,0
ESG100.BSE_IDX,01/07/2025,11:39:07,427.06,0,0,0,0,0,0
ESG100.BSE_IDX,01/07/2025,11:39:16,427.07,0,0,0,0,0,0
ESG100.BSE_IDX,01/07/2025,11:39:23,427.09,0,0,0,0,0,0
ESG100.BSE_IDX,01/07/2025,11:39:31,427.1,0,0,0,0,0,0
ESG100.BSE_IDX,01/07/2025,11:39:39,427.07,0,0,0,0,0,0
ESG100.BSE_IDX,01/07/2025,11:39:47,427.08,0,0,0,0,0,0
ESG100.BSE_IDX,01/07/2025,11:39:55,427.08,0,0,0,0,0,0
ESG100.BSE_IDX,01/07/2025,11:40:03,427.11,0,0,0,0,0,0
ESG100.BSE_IDX,01/07/2025,11:40:11,427.13,0,0,0,0,0,0
ESG100.BSE_IDX,01/07/2025,11:40:19,427.11,0,0,0,0,0,0
ESG100.BSE_IDX,01/07/2025,11:40:27,427.12,0,0,0,0,0,0
ESG100.BSE_IDX,01/07/2025,11:40:35,427.11,0,0,0,0,0,0
ESG100.BSE_IDX,01/07/2025,11:40:43,427.12,0,0,0,0,0,0
ESG100.BSE_IDX,01/07/2025,11:40:51,427.11,0,0,0,0,0,0
ESG100.BSE_IDX,01/07/2025,11:41:00,427.13,0,0,0,0,0,0
ESG100.BSE_IDX,01/07/2025,11:41:07,427.12,0,0,0,0,0,0
ESG100.BSE_IDX,01/07/2025,11:41:15,427.12,0,0,0,0,0,0
ESG100.BSE_IDX,01/07/2025,11:41:24,427.13,0,0,0,0,0,0
ESG100.BSE_IDX,01/07/2025,11:41:32,427.13,0,0,0,0,0,0
ESG100.BSE_IDX,01/07/2025,11:41:39,427.16,0,0,0,0,0,0
ESG100.BSE_IDX,01/07/2025,11:41:48,427.13,0,0,0,0,0,0
ESG100.BSE_IDX,01/07/2025,11:41:56,427.11,0,0,0,0,0,0
ESG100.BSE_IDX,01/07/2025,11:42:04,427.15,0,0,0,0,0,0
ESG100.BSE_IDX,01/07/2025,11:42:12,427.14,0,0,0,0,0,0
ESG100.BSE_IDX,01/07/2025,11:42:20,427.13,0,0,0,0,0,0
ESG100.BSE_IDX,01/07/2025,11:42:28,427.13,0,0,0,0,0,0
ESG100.BSE_IDX,01/07/2025,11:42:36,427.16,0,0,0,0,0,0
ESG100.BSE_IDX,01/07/2025,11:42:44,427.17,0,0,0,0,0,0
ESG100.BSE_IDX,01/07/2025,11:42:52,427.19,0,0,0,0,0,0
ESG100.BSE_IDX,01/07/2025,11:43:00,427.18,0,0,0,0,0,0
ESG100.BSE_IDX,01/07/2025,11:43:08,427.17,0,0,0,0,0,0
ESG100.BSE_IDX,01/07/2025,11:43:16,427.19,0,0,0,0,0,0
ESG100.BSE_IDX,01/07/2025,11:43:24,427.2,0,0,0,0,0,0
ESG100.BSE_IDX,01/07/2025,11:43:32,427.18,0,0,0,0,0,0
ESG100.BSE_IDX,01/07/2025,11:43:40,427.16,0,0,0,0,0,0
ESG100.BSE_IDX,01/07/2025,11:43:48,427.17,0,0,0,0,0,0
ESG100.BSE_IDX,01/07/2025,11:43:56,427.15,0,0,0,0,0,0
ESG100.BSE_IDX,01/07/2025,11:44:04,427.16,0,0,0,0,0,0
ESG100.BSE_IDX,01/07/2025,11:44:12,427.18,0,0,0,0,0,0
ESG100.BSE_IDX,01/07/2025,11:44:20,427.17,0,0,0,0,0,0
ESG100.BSE_IDX,01/07/2025,11:44:28,427.12,0,0,0,0,0,0
ESG100.BSE_IDX,01/07/2025,11:44:36,427.03,0,0,0,0,0,0
ESG100.BSE_IDX,01/07/2025,11:44:44,427.02,0,0,0,0,0,0
ESG100.BSE_IDX,01/07/2025,11:44:52,426.99,0,0,0,0,0,0
ESG100.BSE_IDX,01/07/2025,11:45:00,426.96,0,0,0,0,0,0
ESG100.BSE_IDX,01/07/2025,11:45:08,427.03,0,0,0,0,0,0
ESG100.BSE_IDX,01/07/2025,11:45:16,427.04,0,0,0,0,0,0
ESG100.BSE_IDX,01/07/2025,11:45:24,427.08,0,0,0,0,0,0
ESG100.BSE_IDX,01/07/2025,11:45:32,427.08,0,0,0,0,0,0
ESG100.BSE_IDX,01/07/2025,11:45:40,427.13,0,0,0,0,0,0
ESG100.BSE_IDX,01/07/2025,11:45:48,427.14,0,0,0,0,0,0
ESG100.BSE_IDX,01/07/2025,11:45:56,427.17,0,0,0,0,0,0
ESG100.BSE_IDX,01/07/2025,11:46:04,427.25,0,0,0,0,0,0
ESG100.BSE_IDX,01/07/2025,11:46:12,427.3,0,0,0,0,0,0
ESG100.BSE_IDX,01/07/2025,11:46:20,427.26,0,0,0,0,0,0
ESG100.BSE_IDX,01/07/2025,11:46:28,427.24,0,0,0,0,0,0
ESG100.BSE_IDX,01/07/2025,11:46:36,427.23,0,0,0,0,0,0
ESG100.BSE_IDX,01/07/2025,11:46:44,427.22,0,0,0,0,0,0
ESG100.BSE_IDX,01/07/2025,11:46:52,427.23,0,0,0,0,0,0
ESG100.BSE_IDX,01/07/2025,11:47:00,427.2,0,0,0,0,0,0
ESG100.BSE_IDX,01/07/2025,11:47:08,427.2,0,0,0,0,0,0
ESG100.BSE_IDX,01/07/2025,11:47:16,427.15,0,0,0,0,0,0
ESG100.BSE_IDX,01/07/2025,11:47:24,427.14,0,0,0,0,0,0
ESG100.BSE_IDX,01/07/2025,11:47:32,427.14,0,0,0,0,0,0
ESG100.BSE_IDX,01/07/2025,11:47:40,427.15,0,0,0,0,0,0
ESG100.BSE_IDX,01/07/2025,11:47:48,427.15,0,0,0,0,0,0
ESG100.BSE_IDX,01/07/2025,11:47:56,427.09,0,0,0,0,0,0
ESG100.BSE_IDX,01/07/2025,11:48:04,427.09,0,0,0,0,0,0
ESG100.BSE_IDX,01/07/2025,11:48:12,427.1,0,0,0,0,0,0
ESG100.BSE_IDX,01/07/2025,11:48:20,427.13,0,0,0,0,0,0
ESG100.BSE_IDX,01/07/2025,11:48:28,427.14,0,0,0,0,0,0
ESG100.BSE_IDX,01/07/2025,11:48:36,427.13,0,0,0,0,0,0
ESG100.BSE_IDX,01/07/2025,11:48:44,427.15,0,0,0,0,0,0
ESG100.BSE_IDX,01/07/2025,11:48:52,427.14,0,0,0,0,0,0
ESG100.BSE_IDX,01/07/2025,11:49:01,427.14,0,0,0,0,0,0
ESG100.BSE_IDX,01/07/2025,11:49:09,427.13,0,0,0,0,0,0
ESG100.BSE_IDX,01/07/2025,11:49:16,427.14,0,0,0,0,0,0
ESG100.BSE_IDX,01/07/2025,11:49:24,427.13,0,0,0,0,0,0
ESG100.BSE_IDX,01/07/2025,11:49:32,427.14,0,0,0,0,0,0
ESG100.BSE_IDX,01/07/2025,11:49:40,427.14,0,0,0,0,0,0
ESG100.BSE_IDX,01/07/2025,11:49:49,427.11,0,0,0,0,0,0
ESG100.BSE_IDX,01/07/2025,11:49:56,427.11,0,0,0,0,0,0
ESG100.BSE_IDX,01/07/2025,11:50:04,427.12,0,0,0,0,0,0
ESG100.BSE_IDX,01/07/2025,11:50:12,427.09,0,0,0,0,0,0
ESG100.BSE_IDX,01/07/2025,11:50:20,427.09,0,0,0,0,0,0
ESG100.BSE_IDX,01/07/2025,11:50:28,427.1,0,0,0,0,0,0
ESG100.BSE_IDX,01/07/2025,11:50:36,427.1,0,0,0,0,0,0
ESG100.BSE_IDX,01/07/2025,11:50:44,427.1,0,0,0,0,0,0
ESG100.BSE_IDX,01/07/2025,11:50:52,427.1,0,0,0,0,0,0
ESG100.BSE_IDX,01/07/2025,11:51:00,427.1,0,0,0,0,0,0
ESG100.BSE_IDX,01/07/2025,11:51:08,427.13,0,0,0,0,0,0
ESG100.BSE_IDX,01/07/2025,11:51:16,427.13,0,0,0,0,0,0
ESG100.BSE_IDX,01/07/2025,11:51:24,427.08,0,0,0,0,0,0
ESG100.BSE_IDX,01/07/2025,11:51:32,427.09,0,0,0,0,0,0
ESG100.BSE_IDX,01/07/2025,11:51:40,427.09,0,0,0,0,0,0
ESG100.BSE_IDX,01/07/2025,11:51:48,427.11,0,0,0,0,0,0
ESG100.BSE_IDX,01/07/2025,11:51:56,427.11,0,0,0,0,0,0
ESG100.BSE_IDX,01/07/2025,11:52:04,427.1,0,0,0,0,0,0
ESG100.BSE_IDX,01/07/2025,11:52:12,427.07,0,0,0,0,0,0
ESG100.BSE_IDX,01/07/2025,11:52:20,427.07,0,0,0,0,0,0
ESG100.BSE_IDX,01/07/2025,11:52:28,427.09,0,0,0,0,0,0
ESG100.BSE_IDX,01/07/2025,11:52:36,427.07,0,0,0,0,0,0
ESG100.BSE_IDX,01/07/2025,11:52:44,427.06,0,0,0,0,0,0
ESG100.BSE_IDX,01/07/2025,11:52:52,427.05,0,0,0,0,0,0
ESG100.BSE_IDX,01/07/2025,11:53:00,427.02,0,0,0,0,0,0
ESG100.BSE_IDX,01/07/2025,11:53:08,427.01,0,0,0,0,0,0
ESG100.BSE_IDX,01/07/2025,11:53:16,426.98,0,0,0,0,0,0
ESG100.BSE_IDX,01/07/2025,11:53:24,426.97,0,0,0,0,0,0
ESG100.BSE_IDX,01/07/2025,11:53:32,426.97,0,0,0,0,0,0
ESG100.BSE_IDX,01/07/2025,11:53:40,426.99,0,0,0,0,0,0
ESG100.BSE_IDX,01/07/2025,11:53:48,426.97,0,0,0,0,0,0
ESG100.BSE_IDX,01/07/2025,11:53:56,426.95,0,0,0,0,0,0
ESG100.BSE_IDX,01/07/2025,11:54:04,426.92,0,0,0,0,0,0
ESG100.BSE_IDX,01/07/2025,11:54:12,426.87,0,0,0,0,0,0
ESG100.BSE_IDX,01/07/2025,11:54:20,426.86,0,0,0,0,0,0
ESG100.BSE_IDX,01/07/2025,11:54:28,426.87,0,0,0,0,0,0
ESG100.BSE_IDX,01/07/2025,11:54:36,426.87,0,0,0,0,0,0
ESG100.BSE_IDX,01/07/2025,11:54:44,426.87,0,0,0,0,0,0
ESG100.BSE_IDX,01/07/2025,11:54:52,426.85,0,0,0,0,0,0
ESG100.BSE_IDX,01/07/2025,11:55:00,426.85,0,0,0,0,0,0
ESG100.BSE_IDX,01/07/2025,11:55:08,426.86,0,0,0,0,0,0
ESG100.BSE_IDX,01/07/2025,11:55:17,426.85,0,0,0,0,0,0
ESG100.BSE_IDX,01/07/2025,11:55:24,426.85,0,0,0,0,0,0
ESG100.BSE_IDX,01/07/2025,11:55:32,426.84,0,0,0,0,0,0
ESG100.BSE_IDX,01/07/2025,11:55:40,426.84,0,0,0,0,0,0
ESG100.BSE_IDX,01/07/2025,11:55:48,426.82,0,0,0,0,0,0
ESG100.BSE_IDX,01/07/2025,11:55:56,426.84,0,0,0,0,0,0
ESG100.BSE_IDX,01/07/2025,11:56:05,426.84,0,0,0,0,0,0
ESG100.BSE_IDX,01/07/2025,11:56:12,426.82,0,0,0,0,0,0
ESG100.BSE_IDX,01/07/2025,11:56:20,426.73,0,0,0,0,0,0
ESG100.BSE_IDX,01/07/2025,11:56:28,426.69,0,0,0,0,0,0
ESG100.BSE_IDX,01/07/2025,11:56:36,426.7,0,0,0,0,0,0
ESG100.BSE_IDX,01/07/2025,11:56:44,426.77,0,0,0,0,0,0
ESG100.BSE_IDX,01/07/2025,11:56:52,426.71,0,0,0,0,0,0
ESG100.BSE_IDX,01/07/2025,11:57:00,426.71,0,0,0,0,0,0
ESG100.BSE_IDX,01/07/2025,11:57:08,426.7,0,0,0,0,0,0
ESG100.BSE_IDX,01/07/2025,11:57:16,426.72,0,0,0,0,0,0
ESG100.BSE_IDX,01/07/2025,11:57:24,426.73,0,0,0,0,0,0
ESG100.BSE_IDX,01/07/2025,11:57:32,426.72,0,0,0,0,0,0
ESG100.BSE_IDX,01/07/2025,11:57:40,426.72,0,0,0,0,0,0
ESG100.BSE_IDX,01/07/2025,11:57:48,426.73,0,0,0,0,0,0
ESG100.BSE_IDX,01/07/2025,11:57:56,426.73,0,0,0,0,0,0
ESG100.BSE_IDX,01/07/2025,11:58:04,426.73,0,0,0,0,0,0
ESG100.BSE_IDX,01/07/2025,11:58:12,426.73,0,0,0,0,0,0
ESG100.BSE_IDX,01/07/2025,11:58:20,426.73,0,0,0,0,0,0
ESG100.BSE_IDX,01/07/2025,11:58:28,426.72,0,0,0,0,0,0
ESG100.BSE_IDX,01/07/2025,11:58:36,426.75,0,0,0,0,0,0
ESG100.BSE_IDX,01/07/2025,11:58:44,426.78,0,0,0,0,0,0
ESG100.BSE_IDX,01/07/2025,11:58:52,426.79,0,0,0,0,0,0
ESG100.BSE_IDX,01/07/2025,11:59:00,426.77,0,0,0,0,0,0
ESG100.BSE_IDX,01/07/2025,11:59:08,426.79,0,0,0,0,0,0
ESG100.BSE_IDX,01/07/2025,11:59:16,426.79,0,0,0,0,0,0
ESG100.BSE_IDX,01/07/2025,11:59:24,426.82,0,0,0,0,0,0
ESG100.BSE_IDX,01/07/2025,11:59:32,426.86,0,0,0,0,0,0
ESG100.BSE_IDX,01/07/2025,11:59:40,426.87,0,0,0,0,0,0
ESG100.BSE_IDX,01/07/2025,11:59:48,426.89,0,0,0,0,0,0
ESG100.BSE_IDX,01/07/2025,11:59:56,426.89,0,0,0,0,0,0
ESG100.BSE_IDX,01/07/2025,12:00:05,426.91,0,0,0,0,0,0
ESG100.BSE_IDX,01/07/2025,12:00:12,426.9,0,0,0,0,0,0
ESG100.BSE_IDX,01/07/2025,12:00:20,426.87,0,0,0,0,0,0
ESG100.BSE_IDX,01/07/2025,12:00:28,426.85,0,0,0,0,0,0
ESG100.BSE_IDX,01/07/2025,12:00:37,426.85,0,0,0,0,0,0
ESG100.BSE_IDX,01/07/2025,12:00:44,426.84,0,0,0,0,0,0
ESG100.BSE_IDX,01/07/2025,12:00:52,426.84,0,0,0,0,0,0
ESG100.BSE_IDX,01/07/2025,12:01:00,426.85,0,0,0,0,0,0
ESG100.BSE_IDX,01/07/2025,12:01:08,426.85,0,0,0,0,0,0
ESG100.BSE_IDX,01/07/2025,12:01:16,426.86,0,0,0,0,0,0
ESG100.BSE_IDX,01/07/2025,12:01:24,426.87,0,0,0,0,0,0
ESG100.BSE_IDX,01/07/2025,12:01:32,426.88,0,0,0,0,0,0
ESG100.BSE_IDX,01/07/2025,12:01:40,426.89,0,0,0,0,0,0
ESG100.BSE_IDX,01/07/2025,12:01:48,426.87,0,0,0,0,0,0
ESG100.BSE_IDX,01/07/2025,12:01:57,426.86,0,0,0,0,0,0
ESG100.BSE_IDX,01/07/2025,12:02:04,426.88,0,0,0,0,0,0
ESG100.BSE_IDX,01/07/2025,12:02:12,426.89,0,0,0,0,0,0
ESG100.BSE_IDX,01/07/2025,12:02:20,426.88,0,0,0,0,0,0
ESG100.BSE_IDX,01/07/2025,12:02:28,426.85,0,0,0,0,0,0
ESG100.BSE_IDX,01/07/2025,12:02:36,426.87,0,0,0,0,0,0
ESG100.BSE_IDX,01/07/2025,12:02:44,426.87,0,0,0,0,0,0
ESG100.BSE_IDX,01/07/2025,12:02:52,426.9,0,0,0,0,0,0
ESG100.BSE_IDX,01/07/2025,12:03:00,426.89,0,0,0,0,0,0
ESG100.BSE_IDX,01/07/2025,12:03:08,426.89,0,0,0,0,0,0
ESG100.BSE_IDX,01/07/2025,12:03:17,426.89,0,0,0,0,0,0
ESG100.BSE_IDX,01/07/2025,12:03:24,426.89,0,0,0,0,0,0
ESG100.BSE_IDX,01/07/2025,12:03:32,426.91,0,0,0,0,0,0
ESG100.BSE_IDX,01/07/2025,12:03:40,426.92,0,0,0,0,0,0
ESG100.BSE_IDX,01/07/2025,12:03:48,426.9,0,0,0,0,0,0
ESG100.BSE_IDX,01/07/2025,12:03:56,426.89,0,0,0,0,0,0
ESG100.BSE_IDX,01/07/2025,12:04:04,426.9,0,0,0,0,0,0
ESG100.BSE_IDX,01/07/2025,12:04:12,426.91,0,0,0,0,0,0
ESG100.BSE_IDX,01/07/2025,12:04:20,426.9,0,0,0,0,0,0
ESG100.BSE_IDX,01/07/2025,12:04:28,426.92,0,0,0,0,0,0
ESG100.BSE_IDX,01/07/2025,12:04:36,426.94,0,0,0,0,0,0
ESG100.BSE_IDX,01/07/2025,12:04:44,426.93,0,0,0,0,0,0
ESG100.BSE_IDX,01/07/2025,12:04:52,426.92,0,0,0,0,0,0
ESG100.BSE_IDX,01/07/2025,12:05:01,426.9,0,0,0,0,0,0
ESG100.BSE_IDX,01/07/2025,12:05:08,426.91,0,0,0,0,0,0
ESG100.BSE_IDX,01/07/2025,12:05:16,426.93,0,0,0,0,0,0
ESG100.BSE_IDX,01/07/2025,12:05:24,426.9,0,0,0,0,0,0
ESG100.BSE_IDX,01/07/2025,12:05:32,426.88,0,0,0,0,0,0
ESG100.BSE_IDX,01/07/2025,12:05:40,426.9,0,0,0,0,0,0
ESG100.BSE_IDX,01/07/2025,12:05:48,426.86,0,0,0,0,0,0
ESG100.BSE_IDX,01/07/2025,12:05:56,426.89,0,0,0,0,0,0
ESG100.BSE_IDX,01/07/2025,12:06:04,426.9,0,0,0,0,0,0
ESG100.BSE_IDX,01/07/2025,12:06:12,426.91,0,0,0,0,0,0
ESG100.BSE_IDX,01/07/2025,12:06:20,426.92,0,0,0,0,0,0
ESG100.BSE_IDX,01/07/2025,12:06:28,426.9,0,0,0,0,0,0
ESG100.BSE_IDX,01/07/2025,12:06:36,426.87,0,0,0,0,0,0
ESG100.BSE_IDX,01/07/2025,12:06:44,426.89,0,0,0,0,0,0
ESG100.BSE_IDX,01/07/2025,12:06:53,426.88,0,0,0,0,0,0
ESG100.BSE_IDX,01/07/2025,12:07:00,426.86,0,0,0,0,0,0
ESG100.BSE_IDX,01/07/2025,12:07:08,426.86,0,0,0,0,0,0
ESG100.BSE_IDX,01/07/2025,12:07:16,426.87,0,0,0,0,0,0
ESG100.BSE_IDX,01/07/2025,12:07:24,426.85,0,0,0,0,0,0
ESG100.BSE_IDX,01/07/2025,12:07:32,426.84,0,0,0,0,0,0
ESG100.BSE_IDX,01/07/2025,12:07:40,426.84,0,0,0,0,0,0
ESG100.BSE_IDX,01/07/2025,12:07:48,426.85,0,0,0,0,0,0
ESG100.BSE_IDX,01/07/2025,12:07:56,426.83,0,0,0,0,0,0
ESG100.BSE_IDX,01/07/2025,12:08:04,426.84,0,0,0,0,0,0
ESG100.BSE_IDX,01/07/2025,12:08:12,426.84,0,0,0,0,0,0
ESG100.BSE_IDX,01/07/2025,12:08:20,426.82,0,0,0,0,0,0
ESG100.BSE_IDX,01/07/2025,12:08:28,426.81,0,0,0,0,0,0
ESG100.BSE_IDX,01/07/2025,12:08:36,426.8,0,0,0,0,0,0
ESG100.BSE_IDX,01/07/2025,12:08:44,426.82,0,0,0,0,0,0
ESG100.BSE_IDX,01/07/2025,12:08:52,426.84,0,0,0,0,0,0
ESG100.BSE_IDX,01/07/2025,12:09:00,426.84,0,0,0,0,0,0
ESG100.BSE_IDX,01/07/2025,12:09:08,426.84,0,0,0,0,0,0
ESG100.BSE_IDX,01/07/2025,12:09:16,426.86,0,0,0,0,0,0
ESG100.BSE_IDX,01/07/2025,12:09:25,426.84,0,0,0,0,0,0
ESG100.BSE_IDX,01/07/2025,12:09:32,426.85,0,0,0,0,0,0
ESG100.BSE_IDX,01/07/2025,12:09:40,426.88,0,0,0,0,0,0
ESG100.BSE_IDX,01/07/2025,12:09:48,426.87,0,0,0,0,0,0
ESG100.BSE_IDX,01/07/2025,12:09:57,426.88,0,0,0,0,0,0
ESG100.BSE_IDX,01/07/2025,12:10:05,426.86,0,0,0,0,0,0
ESG100.BSE_IDX,01/07/2025,12:10:13,426.85,0,0,0,0,0,0
ESG100.BSE_IDX,01/07/2025,12:10:22,426.88,0,0,0,0,0,0
ESG100.BSE_IDX,01/07/2025,12:10:28,426.88,0,0,0,0,0,0
ESG100.BSE_IDX,01/07/2025,12:10:36,426.86,0,0,0,0,0,0
ESG100.BSE_IDX,01/07/2025,12:10:45,426.85,0,0,0,0,0,0
ESG100.BSE_IDX,01/07/2025,12:10:52,426.87,0,0,0,0,0,0
ESG100.BSE_IDX,01/07/2025,12:11:00,426.87,0,0,0,0,0,0
ESG100.BSE_IDX,01/07/2025,12:11:08,426.89,0,0,0,0,0,0
ESG100.BSE_IDX,01/07/2025,12:11:17,426.89,0,0,0,0,0,0
ESG100.BSE_IDX,01/07/2025,12:11:24,426.89,0,0,0,0,0,0
ESG100.BSE_IDX,01/07/2025,12:11:32,426.89,0,0,0,0,0,0
ESG100.BSE_IDX,01/07/2025,12:11:40,426.89,0,0,0,0,0,0
ESG100.BSE_IDX,01/07/2025,12:11:49,426.94,0,0,0,0,0,0
ESG100.BSE_IDX,01/07/2025,12:11:57,426.96,0,0,0,0,0,0
ESG100.BSE_IDX,01/07/2025,12:12:05,426.98,0,0,0,0,0,0
ESG100.BSE_IDX,01/07/2025,12:12:13,426.99,0,0,0,0,0,0
ESG100.BSE_IDX,01/07/2025,12:12:21,427.01,0,0,0,0,0,0
ESG100.BSE_IDX,01/07/2025,12:12:29,427,0,0,0,0,0,0
ESG100.BSE_IDX,01/07/2025,12:12:37,427.02,0,0,0,0,0,0
ESG100.BSE_IDX,01/07/2025,12:12:45,427.01,0,0,0,0,0,0
ESG100.BSE_IDX,01/07/2025,12:12:53,426.97,0,0,0,0,0,0
ESG100.BSE_IDX,01/07/2025,12:13:01,426.99,0,0,0,0,0,0
ESG100.BSE_IDX,01/07/2025,12:13:09,427,0,0,0,0,0,0
ESG100.BSE_IDX,01/07/2025,12:13:17,427,0,0,0,0,0,0
ESG100.BSE_IDX,01/07/2025,12:13:25,427.01,0,0,0,0,0,0
ESG100.BSE_IDX,01/07/2025,12:13:33,427.02,0,0,0,0,0,0
ESG100.BSE_IDX,01/07/2025,12:13:41,427.04,0,0,0,0,0,0
ESG100.BSE_IDX,01/07/2025,12:13:49,427.02,0,0,0,0,0,0
ESG100.BSE_IDX,01/07/2025,12:13:57,427.02,0,0,0,0,0,0
ESG100.BSE_IDX,01/07/2025,12:14:05,427.02,0,0,0,0,0,0
ESG100.BSE_IDX,01/07/2025,12:14:13,427.02,0,0,0,0,0,0
ESG100.BSE_IDX,01/07/2025,12:14:21,427.04,0,0,0,0,0,0
ESG100.BSE_IDX,01/07/2025,12:14:29,427.03,0,0,0,0,0,0
ESG100.BSE_IDX,01/07/2025,12:14:37,427.03,0,0,0,0,0,0
ESG100.BSE_IDX,01/07/2025,12:14:46,427.04,0,0,0,0,0,0
ESG100.BSE_IDX,01/07/2025,12:14:54,427.02,0,0,0,0,0,0
ESG100.BSE_IDX,01/07/2025,12:15:01,427.02,0,0,0,0,0,0
ESG100.BSE_IDX,01/07/2025,12:15:09,427.02,0,0,0,0,0,0
ESG100.BSE_IDX,01/07/2025,12:15:17,427.05,0,0,0,0,0,0
ESG100.BSE_IDX,01/07/2025,12:15:25,427.05,0,0,0,0,0,0
ESG100.BSE_IDX,01/07/2025,12:15:33,427.04,0,0,0,0,0,0
ESG100.BSE_IDX,01/07/2025,12:15:41,427.04,0,0,0,0,0,0
ESG100.BSE_IDX,01/07/2025,12:15:49,427.02,0,0,0,0,0,0
ESG100.BSE_IDX,01/07/2025,12:15:57,427.03,0,0,0,0,0,0
ESG100.BSE_IDX,01/07/2025,12:16:05,427.02,0,0,0,0,0,0
ESG100.BSE_IDX,01/07/2025,12:16:13,427.03,0,0,0,0,0,0
ESG100.BSE_IDX,01/07/2025,12:16:21,427.05,0,0,0,0,0,0
ESG100.BSE_IDX,01/07/2025,12:16:29,427.07,0,0,0,0,0,0
ESG100.BSE_IDX,01/07/2025,12:16:37,427.09,0,0,0,0,0,0
ESG100.BSE_IDX,01/07/2025,12:16:45,427.07,0,0,0,0,0,0
ESG100.BSE_IDX,01/07/2025,12:16:53,427.03,0,0,0,0,0,0
ESG100.BSE_IDX,01/07/2025,12:17:01,427.02,0,0,0,0,0,0
ESG100.BSE_IDX,01/07/2025,12:17:09,427.04,0,0,0,0,0,0
ESG100.BSE_IDX,01/07/2025,12:17:17,427.06,0,0,0,0,0,0
ESG100.BSE_IDX,01/07/2025,12:17:25,427.02,0,0,0,0,0,0
ESG100.BSE_IDX,01/07/2025,12:17:33,427.05,0,0,0,0,0,0
ESG100.BSE_IDX,01/07/2025,12:17:41,427.04,0,0,0,0,0,0
ESG100.BSE_IDX,01/07/2025,12:17:49,427.05,0,0,0,0,0,0
ESG100.BSE_IDX,01/07/2025,12:17:57,427.06,0,0,0,0,0,0
ESG100.BSE_IDX,01/07/2025,12:18:05,427.07,0,0,0,0,0,0
ESG100.BSE_IDX,01/07/2025,12:18:13,427.08,0,0,0,0,0,0
ESG100.BSE_IDX,01/07/2025,12:18:21,427.07,0,0,0,0,0,0
ESG100.BSE_IDX,01/07/2025,12:18:29,427.08,0,0,0,0,0,0
ESG100.BSE_IDX,01/07/2025,12:18:37,427.08,0,0,0,0,0,0
ESG100.BSE_IDX,01/07/2025,12:18:45,427.09,0,0,0,0,0,0
ESG100.BSE_IDX,01/07/2025,12:18:53,427.09,0,0,0,0,0,0
ESG100.BSE_IDX,01/07/2025,12:19:01,427.11,0,0,0,0,0,0
ESG100.BSE_IDX,01/07/2025,12:19:09,427.14,0,0,0,0,0,0
ESG100.BSE_IDX,01/07/2025,12:19:17,427.12,0,0,0,0,0,0
ESG100.BSE_IDX,01/07/2025,12:19:25,427.14,0,0,0,0,0,0
ESG100.BSE_IDX,01/07/2025,12:19:33,427.16,0,0,0,0,0,0
ESG100.BSE_IDX,01/07/2025,12:19:41,427.19,0,0,0,0,0,0
ESG100.BSE_IDX,01/07/2025,12:19:49,427.2,0,0,0,0,0,0
ESG100.BSE_IDX,01/07/2025,12:19:57,427.21,0,0,0,0,0,0
ESG100.BSE_IDX,01/07/2025,12:20:05,427.23,0,0,0,0,0,0
ESG100.BSE_IDX,01/07/2025,12:20:13,427.19,0,0,0,0,0,0
ESG100.BSE_IDX,01/07/2025,12:20:21,427.26,0,0,0,0,0,0
ESG100.BSE_IDX,01/07/2025,12:20:29,427.33,0,0,0,0,0,0
ESG100.BSE_IDX,01/07/2025,12:20:37,427.35,0,0,0,0,0,0
ESG100.BSE_IDX,01/07/2025,12:20:45,427.31,0,0,0,0,0,0
ESG100.BSE_IDX,01/07/2025,12:20:53,427.34,0,0,0,0,0,0
ESG100.BSE_IDX,01/07/2025,12:21:01,427.34,0,0,0,0,0,0
ESG100.BSE_IDX,01/07/2025,12:21:09,427.34,0,0,0,0,0,0
ESG100.BSE_IDX,01/07/2025,12:21:17,427.29,0,0,0,0,0,0
ESG100.BSE_IDX,01/07/2025,12:21:25,427.3,0,0,0,0,0,0
ESG100.BSE_IDX,01/07/2025,12:21:33,427.31,0,0,0,0,0,0
ESG100.BSE_IDX,01/07/2025,12:21:41,427.34,0,0,0,0,0,0
ESG100.BSE_IDX,01/07/2025,12:21:49,427.36,0,0,0,0,0,0
ESG100.BSE_IDX,01/07/2025,12:21:57,427.37,0,0,0,0,0,0
ESG100.BSE_IDX,01/07/2025,12:22:05,427.4,0,0,0,0,0,0
ESG100.BSE_IDX,01/07/2025,12:22:13,427.38,0,0,0,0,0,0
ESG100.BSE_IDX,01/07/2025,12:22:21,427.37,0,0,0,0,0,0
ESG100.BSE_IDX,01/07/2025,12:22:29,427.36,0,0,0,0,0,0
ESG100.BSE_IDX,01/07/2025,12:22:37,427.33,0,0,0,0,0,0
ESG100.BSE_IDX,01/07/2025,12:22:45,427.31,0,0,0,0,0,0
ESG100.BSE_IDX,01/07/2025,12:22:53,427.31,0,0,0,0,0,0
ESG100.BSE_IDX,01/07/2025,12:23:02,427.33,0,0,0,0,0,0
ESG100.BSE_IDX,01/07/2025,12:23:09,427.33,0,0,0,0,0,0
ESG100.BSE_IDX,01/07/2025,12:23:17,427.33,0,0,0,0,0,0
ESG100.BSE_IDX,01/07/2025,12:23:25,427.32,0,0,0,0,0,0
ESG100.BSE_IDX,01/07/2025,12:23:33,427.3,0,0,0,0,0,0
ESG100.BSE_IDX,01/07/2025,12:23:41,427.32,0,0,0,0,0,0
ESG100.BSE_IDX,01/07/2025,12:23:49,427.33,0,0,0,0,0,0
ESG100.BSE_IDX,01/07/2025,12:23:57,427.33,0,0,0,0,0,0
ESG100.BSE_IDX,01/07/2025,12:24:05,427.33,0,0,0,0,0,0
ESG100.BSE_IDX,01/07/2025,12:24:13,427.35,0,0,0,0,0,0
ESG100.BSE_IDX,01/07/2025,12:24:21,427.37,0,0,0,0,0,0
ESG100.BSE_IDX,01/07/2025,12:24:29,427.35,0,0,0,0,0,0
ESG100.BSE_IDX,01/07/2025,12:24:37,427.35,0,0,0,0,0,0
ESG100.BSE_IDX,01/07/2025,12:24:45,427.37,0,0,0,0,0,0
ESG100.BSE_IDX,01/07/2025,12:24:53,427.36,0,0,0,0,0,0
ESG100.BSE_IDX,01/07/2025,12:25:01,427.36,0,0,0,0,0,0
ESG100.BSE_IDX,01/07/2025,12:25:09,427.37,0,0,0,0,0,0
ESG100.BSE_IDX,01/07/2025,12:25:17,427.36,0,0,0,0,0,0
ESG100.BSE_IDX,01/07/2025,12:25:25,427.38,0,0,0,0,0,0
ESG100.BSE_IDX,01/07/2025,12:25:33,427.4,0,0,0,0,0,0
ESG100.BSE_IDX,01/07/2025,12:25:41,427.41,0,0,0,0,0,0
ESG100.BSE_IDX,01/07/2025,12:25:49,427.4,0,0,0,0,0,0
ESG100.BSE_IDX,01/07/2025,12:25:57,427.42,0,0,0,0,0,0
ESG100.BSE_IDX,01/07/2025,12:26:05,427.42,0,0,0,0,0,0
ESG100.BSE_IDX,01/07/2025,12:26:13,427.42,0,0,0,0,0,0
ESG100.BSE_IDX,01/07/2025,12:26:21,427.41,0,0,0,0,0,0
ESG100.BSE_IDX,01/07/2025,12:26:31,427.41,0,0,0,0,0,0
ESG100.BSE_IDX,01/07/2025,12:26:37,427.45,0,0,0,0,0,0
ESG100.BSE_IDX,01/07/2025,12:26:45,427.46,0,0,0,0,0,0
ESG100.BSE_IDX,01/07/2025,12:26:53,427.44,0,0,0,0,0,0
ESG100.BSE_IDX,01/07/2025,12:27:01,427.41,0,0,0,0,0,0
ESG100.BSE_IDX,01/07/2025,12:27:09,427.4,0,0,0,0,0,0
ESG100.BSE_IDX,01/07/2025,12:27:17,427.41,0,0,0,0,0,0
ESG100.BSE_IDX,01/07/2025,12:27:25,427.42,0,0,0,0,0,0
ESG100.BSE_IDX,01/07/2025,12:27:33,427.4,0,0,0,0,0,0
ESG100.BSE_IDX,01/07/2025,12:27:41,427.42,0,0,0,0,0,0
ESG100.BSE_IDX,01/07/2025,12:27:49,427.41,0,0,0,0,0,0
ESG100.BSE_IDX,01/07/2025,12:27:57,427.4,0,0,0,0,0,0
ESG100.BSE_IDX,01/07/2025,12:28:05,427.4,0,0,0,0,0,0
ESG100.BSE_IDX,01/07/2025,12:28:13,427.41,0,0,0,0,0,0
ESG100.BSE_IDX,01/07/2025,12:28:21,427.39,0,0,0,0,0,0
ESG100.BSE_IDX,01/07/2025,12:28:29,427.37,0,0,0,0,0,0
ESG100.BSE_IDX,01/07/2025,12:28:37,427.4,0,0,0,0,0,0
ESG100.BSE_IDX,01/07/2025,12:28:45,427.35,0,0,0,0,0,0
ESG100.BSE_IDX,01/07/2025,12:28:53,427.31,0,0,0,0,0,0
ESG100.BSE_IDX,01/07/2025,12:29:01,427.29,0,0,0,0,0,0
ESG100.BSE_IDX,01/07/2025,12:29:10,427.27,0,0,0,0,0,0
ESG100.BSE_IDX,01/07/2025,12:29:18,427.28,0,0,0,0,0,0
ESG100.BSE_IDX,01/07/2025,12:29:25,427.31,0,0,0,0,0,0
ESG100.BSE_IDX,01/07/2025,12:29:33,427.29,0,0,0,0,0,0
ESG100.BSE_IDX,01/07/2025,12:29:41,427.27,0,0,0,0,0,0
ESG100.BSE_IDX,01/07/2025,12:29:49,427.27,0,0,0,0,0,0
ESG100.BSE_IDX,01/07/2025,12:29:57,427.29,0,0,0,0,0,0
ESG100.BSE_IDX,01/07/2025,12:30:05,427.38,0,0,0,0,0,0
ESG100.BSE_IDX,01/07/2025,12:30:13,427.39,0,0,0,0,0,0
ESG100.BSE_IDX,01/07/2025,12:30:22,427.37,0,0,0,0,0,0
ESG100.BSE_IDX,01/07/2025,12:30:29,427.34,0,0,0,0,0,0
ESG100.BSE_IDX,01/07/2025,12:30:37,427.32,0,0,0,0,0,0
ESG100.BSE_IDX,01/07/2025,12:30:45,427.33,0,0,0,0,0,0
ESG100.BSE_IDX,01/07/2025,12:30:53,427.35,0,0,0,0,0,0
ESG100.BSE_IDX,01/07/2025,12:31:01,427.36,0,0,0,0,0,0
ESG100.BSE_IDX,01/07/2025,12:31:09,427.3,0,0,0,0,0,0
ESG100.BSE_IDX,01/07/2025,12:31:17,427.24,0,0,0,0,0,0
ESG100.BSE_IDX,01/07/2025,12:31:25,427.23,0,0,0,0,0,0
ESG100.BSE_IDX,01/07/2025,12:31:34,427.22,0,0,0,0,0,0
ESG100.BSE_IDX,01/07/2025,12:31:41,427.19,0,0,0,0,0,0
ESG100.BSE_IDX,01/07/2025,12:31:49,427.18,0,0,0,0,0,0
ESG100.BSE_IDX,01/07/2025,12:31:57,427.17,0,0,0,0,0,0
ESG100.BSE_IDX,01/07/2025,12:32:05,427.17,0,0,0,0,0,0
ESG100.BSE_IDX,01/07/2025,12:32:13,427.19,0,0,0,0,0,0
ESG100.BSE_IDX,01/07/2025,12:32:21,427.19,0,0,0,0,0,0
ESG100.BSE_IDX,01/07/2025,12:32:29,427.2,0,0,0,0,0,0
ESG100.BSE_IDX,01/07/2025,12:32:37,427.19,0,0,0,0,0,0
ESG100.BSE_IDX,01/07/2025,12:32:45,427.19,0,0,0,0,0,0
ESG100.BSE_IDX,01/07/2025,12:32:53,427.17,0,0,0,0,0,0
ESG100.BSE_IDX,01/07/2025,12:33:01,427.18,0,0,0,0,0,0
ESG100.BSE_IDX,01/07/2025,12:33:09,427.17,0,0,0,0,0,0
ESG100.BSE_IDX,01/07/2025,12:33:17,427.16,0,0,0,0,0,0
ESG100.BSE_IDX,01/07/2025,12:33:26,427.16,0,0,0,0,0,0
ESG100.BSE_IDX,01/07/2025,12:33:33,427.17,0,0,0,0,0,0
ESG100.BSE_IDX,01/07/2025,12:33:41,427.18,0,0,0,0,0,0
ESG100.BSE_IDX,01/07/2025,12:33:49,427.17,0,0,0,0,0,0
ESG100.BSE_IDX,01/07/2025,12:33:57,427.17,0,0,0,0,0,0
ESG100.BSE_IDX,01/07/2025,12:34:05,427.19,0,0,0,0,0,0
ESG100.BSE_IDX,01/07/2025,12:34:13,427.21,0,0,0,0,0,0
ESG100.BSE_IDX,01/07/2025,12:34:21,427.21,0,0,0,0,0,0
ESG100.BSE_IDX,01/07/2025,12:34:29,427.24,0,0,0,0,0,0
ESG100.BSE_IDX,01/07/2025,12:34:37,427.24,0,0,0,0,0,0
ESG100.BSE_IDX,01/07/2025,12:34:45,427.25,0,0,0,0,0,0
ESG100.BSE_IDX,01/07/2025,12:34:53,427.28,0,0,0,0,0,0
ESG100.BSE_IDX,01/07/2025,12:35:01,427.29,0,0,0,0,0,0
ESG100.BSE_IDX,01/07/2025,12:35:09,427.3,0,0,0,0,0,0
ESG100.BSE_IDX,01/07/2025,12:35:17,427.32,0,0,0,0,0,0
ESG100.BSE_IDX,01/07/2025,12:35:25,427.34,0,0,0,0,0,0
ESG100.BSE_IDX,01/07/2025,12:35:33,427.35,0,0,0,0,0,0
ESG100.BSE_IDX,01/07/2025,12:35:41,427.33,0,0,0,0,0,0
ESG100.BSE_IDX,01/07/2025,12:35:49,427.37,0,0,0,0,0,0
ESG100.BSE_IDX,01/07/2025,12:35:57,427.34,0,0,0,0,0,0
ESG100.BSE_IDX,01/07/2025,12:36:05,427.39,0,0,0,0,0,0
ESG100.BSE_IDX,01/07/2025,12:36:13,427.4,0,0,0,0,0,0
ESG100.BSE_IDX,01/07/2025,12:36:21,427.36,0,0,0,0,0,0
ESG100.BSE_IDX,01/07/2025,12:36:29,427.37,0,0,0,0,0,0
ESG100.BSE_IDX,01/07/2025,12:36:37,427.37,0,0,0,0,0,0
ESG100.BSE_IDX,01/07/2025,12:36:45,427.39,0,0,0,0,0,0
ESG100.BSE_IDX,01/07/2025,12:36:53,427.39,0,0,0,0,0,0
ESG100.BSE_IDX,01/07/2025,12:37:01,427.41,0,0,0,0,0,0
ESG100.BSE_IDX,01/07/2025,12:37:09,427.42,0,0,0,0,0,0
ESG100.BSE_IDX,01/07/2025,12:37:17,427.4,0,0,0,0,0,0
ESG100.BSE_IDX,01/07/2025,12:37:25,427.37,0,0,0,0,0,0
ESG100.BSE_IDX,01/07/2025,12:37:33,427.37,0,0,0,0,0,0
ESG100.BSE_IDX,01/07/2025,12:37:41,427.34,0,0,0,0,0,0
ESG100.BSE_IDX,01/07/2025,12:37:49,427.34,0,0,0,0,0,0
ESG100.BSE_IDX,01/07/2025,12:37:57,427.32,0,0,0,0,0,0
ESG100.BSE_IDX,01/07/2025,12:38:05,427.33,0,0,0,0,0,0
ESG100.BSE_IDX,01/07/2025,12:38:13,427.33,0,0,0,0,0,0
ESG100.BSE_IDX,01/07/2025,12:38:22,427.36,0,0,0,0,0,0
ESG100.BSE_IDX,01/07/2025,12:38:29,427.35,0,0,0,0,0,0
ESG100.BSE_IDX,01/07/2025,12:38:39,427.36,0,0,0,0,0,0
ESG100.BSE_IDX,01/07/2025,12:38:45,427.36,0,0,0,0,0,0
ESG100.BSE_IDX,01/07/2025,12:38:53,427.38,0,0,0,0,0,0
ESG100.BSE_IDX,01/07/2025,12:39:01,427.38,0,0,0,0,0,0
ESG100.BSE_IDX,01/07/2025,12:39:10,427.35,0,0,0,0,0,0
ESG100.BSE_IDX,01/07/2025,12:39:17,427.38,0,0,0,0,0,0
ESG100.BSE_IDX,01/07/2025,12:39:25,427.37,0,0,0,0,0,0
ESG100.BSE_IDX,01/07/2025,12:39:34,427.37,0,0,0,0,0,0
ESG100.BSE_IDX,01/07/2025,12:39:42,427.38,0,0,0,0,0,0
ESG100.BSE_IDX,01/07/2025,12:39:49,427.38,0,0,0,0,0,0
ESG100.BSE_IDX,01/07/2025,12:39:57,427.38,0,0,0,0,0,0
ESG100.BSE_IDX,01/07/2025,12:40:05,427.4,0,0,0,0,0,0
ESG100.BSE_IDX,01/07/2025,12:40:14,427.38,0,0,0,0,0,0
ESG100.BSE_IDX,01/07/2025,12:40:21,427.39,0,0,0,0,0,0
ESG100.BSE_IDX,01/07/2025,12:40:29,427.37,0,0,0,0,0,0
ESG100.BSE_IDX,01/07/2025,12:40:37,427.38,0,0,0,0,0,0
ESG100.BSE_IDX,01/07/2025,12:40:45,427.38,0,0,0,0,0,0
ESG100.BSE_IDX,01/07/2025,12:40:54,427.38,0,0,0,0,0,0
ESG100.BSE_IDX,01/07/2025,12:41:01,427.38,0,0,0,0,0,0
ESG100.BSE_IDX,01/07/2025,12:41:09,427.36,0,0,0,0,0,0
ESG100.BSE_IDX,01/07/2025,12:41:17,427.36,0,0,0,0,0,0
ESG100.BSE_IDX,01/07/2025,12:41:25,427.36,0,0,0,0,0,0
ESG100.BSE_IDX,01/07/2025,12:41:33,427.36,0,0,0,0,0,0
ESG100.BSE_IDX,01/07/2025,12:41:41,427.37,0,0,0,0,0,0
ESG100.BSE_IDX,01/07/2025,12:41:49,427.4,0,0,0,0,0,0
ESG100.BSE_IDX,01/07/2025,12:41:57,427.39,0,0,0,0,0,0
ESG100.BSE_IDX,01/07/2025,12:42:05,427.37,0,0,0,0,0,0
ESG100.BSE_IDX,01/07/2025,12:42:13,427.38,0,0,0,0,0,0
ESG100.BSE_IDX,01/07/2025,12:42:21,427.38,0,0,0,0,0,0
ESG100.BSE_IDX,01/07/2025,12:42:29,427.4,0,0,0,0,0,0
ESG100.BSE_IDX,01/07/2025,12:42:37,427.39,0,0,0,0,0,0
ESG100.BSE_IDX,01/07/2025,12:42:45,427.39,0,0,0,0,0,0
ESG100.BSE_IDX,01/07/2025,12:42:53,427.39,0,0,0,0,0,0
ESG100.BSE_IDX,01/07/2025,12:43:01,427.4,0,0,0,0,0,0
ESG100.BSE_IDX,01/07/2025,12:43:10,427.4,0,0,0,0,0,0
ESG100.BSE_IDX,01/07/2025,12:43:17,427.4,0,0,0,0,0,0
ESG100.BSE_IDX,01/07/2025,12:43:26,427.41,0,0,0,0,0,0
ESG100.BSE_IDX,01/07/2025,12:43:33,427.41,0,0,0,0,0,0
ESG100.BSE_IDX,01/07/2025,12:43:41,427.36,0,0,0,0,0,0
ESG100.BSE_IDX,01/07/2025,12:43:49,427.36,0,0,0,0,0,0
ESG100.BSE_IDX,01/07/2025,12:43:58,427.36,0,0,0,0,0,0
ESG100.BSE_IDX,01/07/2025,12:44:05,427.37,0,0,0,0,0,0
ESG100.BSE_IDX,01/07/2025,12:44:14,427.36,0,0,0,0,0,0
ESG100.BSE_IDX,01/07/2025,12:44:21,427.32,0,0,0,0,0,0
ESG100.BSE_IDX,01/07/2025,12:44:29,427.31,0,0,0,0,0,0
ESG100.BSE_IDX,01/07/2025,12:44:38,427.3,0,0,0,0,0,0
ESG100.BSE_IDX,01/07/2025,12:44:45,427.31,0,0,0,0,0,0
ESG100.BSE_IDX,01/07/2025,12:44:53,427.29,0,0,0,0,0,0
ESG100.BSE_IDX,01/07/2025,12:45:01,427.3,0,0,0,0,0,0
ESG100.BSE_IDX,01/07/2025,12:45:11,427.3,0,0,0,0,0,0
ESG100.BSE_IDX,01/07/2025,12:45:17,427.28,0,0,0,0,0,0
ESG100.BSE_IDX,01/07/2025,12:45:25,427.28,0,0,0,0,0,0
ESG100.BSE_IDX,01/07/2025,12:45:34,427.29,0,0,0,0,0,0
ESG100.BSE_IDX,01/07/2025,12:45:42,427.27,0,0,0,0,0,0
ESG100.BSE_IDX,01/07/2025,12:45:50,427.28,0,0,0,0,0,0
ESG100.BSE_IDX,01/07/2025,12:45:58,427.27,0,0,0,0,0,0
ESG100.BSE_IDX,01/07/2025,12:46:06,427.28,0,0,0,0,0,0
ESG100.BSE_IDX,01/07/2025,12:46:14,427.27,0,0,0,0,0,0
ESG100.BSE_IDX,01/07/2025,12:46:22,427.27,0,0,0,0,0,0
ESG100.BSE_IDX,01/07/2025,12:46:30,427.25,0,0,0,0,0,0
ESG100.BSE_IDX,01/07/2025,12:46:38,427.24,0,0,0,0,0,0
ESG100.BSE_IDX,01/07/2025,12:46:46,427.26,0,0,0,0,0,0
ESG100.BSE_IDX,01/07/2025,12:46:54,427.23,0,0,0,0,0,0
ESG100.BSE_IDX,01/07/2025,12:47:02,427.23,0,0,0,0,0,0
ESG100.BSE_IDX,01/07/2025,12:47:10,427.23,0,0,0,0,0,0
ESG100.BSE_IDX,01/07/2025,12:47:18,427.23,0,0,0,0,0,0
ESG100.BSE_IDX,01/07/2025,12:47:26,427.23,0,0,0,0,0,0
ESG100.BSE_IDX,01/07/2025,12:47:34,427.25,0,0,0,0,0,0
ESG100.BSE_IDX,01/07/2025,12:47:42,427.22,0,0,0,0,0,0
ESG100.BSE_IDX,01/07/2025,12:47:50,427.24,0,0,0,0,0,0
ESG100.BSE_IDX,01/07/2025,12:47:58,427.25,0,0,0,0,0,0
ESG100.BSE_IDX,01/07/2025,12:48:06,427.26,0,0,0,0,0,0
ESG100.BSE_IDX,01/07/2025,12:48:14,427.28,0,0,0,0,0,0
ESG100.BSE_IDX,01/07/2025,12:48:22,427.28,0,0,0,0,0,0
ESG100.BSE_IDX,01/07/2025,12:48:30,427.31,0,0,0,0,0,0
ESG100.BSE_IDX,01/07/2025,12:48:38,427.31,0,0,0,0,0,0
ESG100.BSE_IDX,01/07/2025,12:48:46,427.3,0,0,0,0,0,0
ESG100.BSE_IDX,01/07/2025,12:48:54,427.3,0,0,0,0,0,0
ESG100.BSE_IDX,01/07/2025,12:49:02,427.3,0,0,0,0,0,0
ESG100.BSE_IDX,01/07/2025,12:49:10,427.3,0,0,0,0,0,0
ESG100.BSE_IDX,01/07/2025,12:49:18,427.29,0,0,0,0,0,0
ESG100.BSE_IDX,01/07/2025,12:49:26,427.3,0,0,0,0,0,0
ESG100.BSE_IDX,01/07/2025,12:49:34,427.29,0,0,0,0,0,0
ESG100.BSE_IDX,01/07/2025,12:49:42,427.31,0,0,0,0,0,0
ESG100.BSE_IDX,01/07/2025,12:49:50,427.33,0,0,0,0,0,0
ESG100.BSE_IDX,01/07/2025,12:49:58,427.34,0,0,0,0,0,0
ESG100.BSE_IDX,01/07/2025,12:50:06,427.35,0,0,0,0,0,0
ESG100.BSE_IDX,01/07/2025,12:50:14,427.34,0,0,0,0,0,0
ESG100.BSE_IDX,01/07/2025,12:50:22,427.35,0,0,0,0,0,0
ESG100.BSE_IDX,01/07/2025,12:50:30,427.35,0,0,0,0,0,0
ESG100.BSE_IDX,01/07/2025,12:50:38,427.34,0,0,0,0,0,0
ESG100.BSE_IDX,01/07/2025,12:50:47,427.35,0,0,0,0,0,0
ESG100.BSE_IDX,01/07/2025,12:50:54,427.36,0,0,0,0,0,0
ESG100.BSE_IDX,01/07/2025,12:51:02,427.36,0,0,0,0,0,0
ESG100.BSE_IDX,01/07/2025,12:51:10,427.37,0,0,0,0,0,0
ESG100.BSE_IDX,01/07/2025,12:51:19,427.4,0,0,0,0,0,0
ESG100.BSE_IDX,01/07/2025,12:51:26,427.38,0,0,0,0,0,0
ESG100.BSE_IDX,01/07/2025,12:51:34,427.39,0,0,0,0,0,0
ESG100.BSE_IDX,01/07/2025,12:51:42,427.38,0,0,0,0,0,0
ESG100.BSE_IDX,01/07/2025,12:51:50,427.37,0,0,0,0,0,0
ESG100.BSE_IDX,01/07/2025,12:51:58,427.37,0,0,0,0,0,0
ESG100.BSE_IDX,01/07/2025,12:52:06,427.36,0,0,0,0,0,0
ESG100.BSE_IDX,01/07/2025,12:52:14,427.36,0,0,0,0,0,0
ESG100.BSE_IDX,01/07/2025,12:52:22,427.37,0,0,0,0,0,0
ESG100.BSE_IDX,01/07/2025,12:52:30,427.38,0,0,0,0,0,0
ESG100.BSE_IDX,01/07/2025,12:52:38,427.37,0,0,0,0,0,0
ESG100.BSE_IDX,01/07/2025,12:52:46,427.36,0,0,0,0,0,0
ESG100.BSE_IDX,01/07/2025,12:52:54,427.37,0,0,0,0,0,0
ESG100.BSE_IDX,01/07/2025,12:53:02,427.37,0,0,0,0,0,0
ESG100.BSE_IDX,01/07/2025,12:53:10,427.38,0,0,0,0,0,0
ESG100.BSE_IDX,01/07/2025,12:53:18,427.36,0,0,0,0,0,0
ESG100.BSE_IDX,01/07/2025,12:53:26,427.34,0,0,0,0,0,0
ESG100.BSE_IDX,01/07/2025,12:53:34,427.33,0,0,0,0,0,0
ESG100.BSE_IDX,01/07/2025,12:53:42,427.31,0,0,0,0,0,0
ESG100.BSE_IDX,01/07/2025,12:53:50,427.3,0,0,0,0,0,0
ESG100.BSE_IDX,01/07/2025,12:53:58,427.31,0,0,0,0,0,0
ESG100.BSE_IDX,01/07/2025,12:54:06,427.31,0,0,0,0,0,0
ESG100.BSE_IDX,01/07/2025,12:54:14,427.3,0,0,0,0,0,0
ESG100.BSE_IDX,01/07/2025,12:54:22,427.28,0,0,0,0,0,0
ESG100.BSE_IDX,01/07/2025,12:54:30,427.28,0,0,0,0,0,0
ESG100.BSE_IDX,01/07/2025,12:54:38,427.28,0,0,0,0,0,0
ESG100.BSE_IDX,01/07/2025,12:54:46,427.26,0,0,0,0,0,0
ESG100.BSE_IDX,01/07/2025,12:54:54,427.25,0,0,0,0,0,0
ESG100.BSE_IDX,01/07/2025,12:55:02,427.24,0,0,0,0,0,0
ESG100.BSE_IDX,01/07/2025,12:55:10,427.22,0,0,0,0,0,0
ESG100.BSE_IDX,01/07/2025,12:55:18,427.23,0,0,0,0,0,0
ESG100.BSE_IDX,01/07/2025,12:55:26,427.24,0,0,0,0,0,0
ESG100.BSE_IDX,01/07/2025,12:55:34,427.27,0,0,0,0,0,0
ESG100.BSE_IDX,01/07/2025,12:55:42,427.28,0,0,0,0,0,0
ESG100.BSE_IDX,01/07/2025,12:55:50,427.29,0,0,0,0,0,0
ESG100.BSE_IDX,01/07/2025,12:55:58,427.3,0,0,0,0,0,0
ESG100.BSE_IDX,01/07/2025,12:56:06,427.28,0,0,0,0,0,0
ESG100.BSE_IDX,01/07/2025,12:56:15,427.29,0,0,0,0,0,0
ESG100.BSE_IDX,01/07/2025,12:56:22,427.33,0,0,0,0,0,0
ESG100.BSE_IDX,01/07/2025,12:56:30,427.3,0,0,0,0,0,0
ESG100.BSE_IDX,01/07/2025,12:56:38,427.28,0,0,0,0,0,0
ESG100.BSE_IDX,01/07/2025,12:56:46,427.24,0,0,0,0,0,0
ESG100.BSE_IDX,01/07/2025,12:56:54,427.27,0,0,0,0,0,0
ESG100.BSE_IDX,01/07/2025,12:57:02,427.23,0,0,0,0,0,0
ESG100.BSE_IDX,01/07/2025,12:57:10,427.22,0,0,0,0,0,0
ESG100.BSE_IDX,01/07/2025,12:57:18,427.22,0,0,0,0,0,0
ESG100.BSE_IDX,01/07/2025,12:57:26,427.2,0,0,0,0,0,0
ESG100.BSE_IDX,01/07/2025,12:57:34,427.22,0,0,0,0,0,0
ESG100.BSE_IDX,01/07/2025,12:57:42,427.22,0,0,0,0,0,0
ESG100.BSE_IDX,01/07/2025,12:57:51,427.2,0,0,0,0,0,0
ESG100.BSE_IDX,01/07/2025,12:57:58,427.2,0,0,0,0,0,0
ESG100.BSE_IDX,01/07/2025,12:58:06,427.22,0,0,0,0,0,0
ESG100.BSE_IDX,01/07/2025,12:58:14,427.22,0,0,0,0,0,0
ESG100.BSE_IDX,01/07/2025,12:58:22,427.21,0,0,0,0,0,0
ESG100.BSE_IDX,01/07/2025,12:58:30,427.22,0,0,0,0,0,0
ESG100.BSE_IDX,01/07/2025,12:58:38,427.21,0,0,0,0,0,0
ESG100.BSE_IDX,01/07/2025,12:58:46,427.22,0,0,0,0,0,0
ESG100.BSE_IDX,01/07/2025,12:58:54,427.19,0,0,0,0,0,0
ESG100.BSE_IDX,01/07/2025,12:59:02,427.19,0,0,0,0,0,0
ESG100.BSE_IDX,01/07/2025,12:59:10,427.19,0,0,0,0,0,0
ESG100.BSE_IDX,01/07/2025,12:59:18,427.19,0,0,0,0,0,0
ESG100.BSE_IDX,01/07/2025,12:59:26,427.21,0,0,0,0,0,0
ESG100.BSE_IDX,01/07/2025,12:59:34,427.18,0,0,0,0,0,0
ESG100.BSE_IDX,01/07/2025,12:59:42,427.18,0,0,0,0,0,0
ESG100.BSE_IDX,01/07/2025,12:59:50,427.15,0,0,0,0,0,0
ESG100.BSE_IDX,01/07/2025,12:59:58,427.17,0,0,0,0,0,0
ESG100.BSE_IDX,01/07/2025,13:00:06,427.21,0,0,0,0,0,0
ESG100.BSE_IDX,01/07/2025,13:00:14,427.24,0,0,0,0,0,0
ESG100.BSE_IDX,01/07/2025,13:00:22,427.25,0,0,0,0,0,0
ESG100.BSE_IDX,01/07/2025,13:00:30,427.28,0,0,0,0,0,0
ESG100.BSE_IDX,01/07/2025,13:00:38,427.27,0,0,0,0,0,0
ESG100.BSE_IDX,01/07/2025,13:00:46,427.28,0,0,0,0,0,0
ESG100.BSE_IDX,01/07/2025,13:00:54,427.28,0,0,0,0,0,0
ESG100.BSE_IDX,01/07/2025,13:01:02,427.26,0,0,0,0,0,0
ESG100.BSE_IDX,01/07/2025,13:01:10,427.27,0,0,0,0,0,0
ESG100.BSE_IDX,01/07/2025,13:01:18,427.25,0,0,0,0,0,0
ESG100.BSE_IDX,01/07/2025,13:01:26,427.26,0,0,0,0,0,0
ESG100.BSE_IDX,01/07/2025,13:01:35,427.27,0,0,0,0,0,0
ESG100.BSE_IDX,01/07/2025,13:01:42,427.28,0,0,0,0,0,0
ESG100.BSE_IDX,01/07/2025,13:01:50,427.28,0,0,0,0,0,0
ESG100.BSE_IDX,01/07/2025,13:01:58,427.28,0,0,0,0,0,0
ESG100.BSE_IDX,01/07/2025,13:02:06,427.26,0,0,0,0,0,0
ESG100.BSE_IDX,01/07/2025,13:02:14,427.25,0,0,0,0,0,0
ESG100.BSE_IDX,01/07/2025,13:02:22,427.24,0,0,0,0,0,0
ESG100.BSE_IDX,01/07/2025,13:02:30,427.23,0,0,0,0,0,0
ESG100.BSE_IDX,01/07/2025,13:02:39,427.24,0,0,0,0,0,0
ESG100.BSE_IDX,01/07/2025,13:02:46,427.23,0,0,0,0,0,0
