Ticker,Date,Time,LTP,BuyPrice,BuyQty,SellPrice,SellQty,LTQ,OpenInterest
FINSER.BSE_IDX,01/07/2025,09:00:07,12941.94,0,0,0,0,0,0
FINSER.BSE_IDX,01/07/2025,09:00:15,12966.64,0,0,0,0,0,0
FINSER.BSE_IDX,01/07/2025,09:00:23,12988.22,0,0,0,0,0,0
FINSER.BSE_IDX,01/07/2025,09:00:31,12989.15,0,0,0,0,0,0
FINSER.BSE_IDX,01/07/2025,09:00:39,12990.17,0,0,0,0,0,0
FINSER.BSE_IDX,01/07/2025,09:00:47,12972.13,0,0,0,0,0,0
FINSER.BSE_IDX,01/07/2025,09:00:55,12969.77,0,0,0,0,0,0
FINSER.BSE_IDX,01/07/2025,09:01:03,12970.86,0,0,0,0,0,0
FINSER.BSE_IDX,01/07/2025,09:01:11,12971.12,0,0,0,0,0,0
FINSER.BSE_IDX,01/07/2025,09:01:19,12972.43,0,0,0,0,0,0
FINSER.BSE_IDX,01/07/2025,09:01:27,12964.93,0,0,0,0,0,0
FINSER.BSE_IDX,01/07/2025,09:01:35,12959.17,0,0,0,0,0,0
FINSER.BSE_IDX,01/07/2025,09:01:43,12958.05,0,0,0,0,0,0
FINSER.BSE_IDX,01/07/2025,09:01:51,12950.68,0,0,0,0,0,0
FINSER.BSE_IDX,01/07/2025,09:01:59,12966.68,0,0,0,0,0,0
FINSER.BSE_IDX,01/07/2025,09:02:07,12966.09,0,0,0,0,0,0
FINSER.BSE_IDX,01/07/2025,09:02:15,12966.38,0,0,0,0,0,0
FINSER.BSE_IDX,01/07/2025,09:02:23,12966.29,0,0,0,0,0,0
FINSER.BSE_IDX,01/07/2025,09:02:31,12973.05,0,0,0,0,0,0
FINSER.BSE_IDX,01/07/2025,09:02:39,12973.11,0,0,0,0,0,0
FINSER.BSE_IDX,01/07/2025,09:02:47,12970.73,0,0,0,0,0,0
FINSER.BSE_IDX,01/07/2025,09:02:55,12970.99,0,0,0,0,0,0
FINSER.BSE_IDX,01/07/2025,09:03:03,12971.71,0,0,0,0,0,0
FINSER.BSE_IDX,01/07/2025,09:03:11,12970.08,0,0,0,0,0,0
FINSER.BSE_IDX,01/07/2025,09:03:19,12977.89,0,0,0,0,0,0
FINSER.BSE_IDX,01/07/2025,09:03:27,12973.18,0,0,0,0,0,0
FINSER.BSE_IDX,01/07/2025,09:03:35,12974.79,0,0,0,0,0,0
FINSER.BSE_IDX,01/07/2025,09:03:43,12965.49,0,0,0,0,0,0
FINSER.BSE_IDX,01/07/2025,09:03:51,12959.06,0,0,0,0,0,0
FINSER.BSE_IDX,01/07/2025,09:03:59,12939.38,0,0,0,0,0,0
FINSER.BSE_IDX,01/07/2025,09:04:07,12936.98,0,0,0,0,0,0
FINSER.BSE_IDX,01/07/2025,09:04:15,12933.76,0,0,0,0,0,0
FINSER.BSE_IDX,01/07/2025,09:04:23,12933.62,0,0,0,0,0,0
FINSER.BSE_IDX,01/07/2025,09:04:31,12933.2,0,0,0,0,0,0
FINSER.BSE_IDX,01/07/2025,09:04:39,12933.36,0,0,0,0,0,0
FINSER.BSE_IDX,01/07/2025,09:04:47,12925.95,0,0,0,0,0,0
FINSER.BSE_IDX,01/07/2025,09:04:55,12921.38,0,0,0,0,0,0
FINSER.BSE_IDX,01/07/2025,09:05:03,12921.28,0,0,0,0,0,0
FINSER.BSE_IDX,01/07/2025,09:05:11,12923.07,0,0,0,0,0,0
FINSER.BSE_IDX,01/07/2025,09:05:19,12927.77,0,0,0,0,0,0
FINSER.BSE_IDX,01/07/2025,09:05:27,12924.56,0,0,0,0,0,0
FINSER.BSE_IDX,01/07/2025,09:05:35,12928.91,0,0,0,0,0,0
FINSER.BSE_IDX,01/07/2025,09:05:43,12924.84,0,0,0,0,0,0
FINSER.BSE_IDX,01/07/2025,09:05:51,12926.34,0,0,0,0,0,0
FINSER.BSE_IDX,01/07/2025,09:05:59,12929.2,0,0,0,0,0,0
FINSER.BSE_IDX,01/07/2025,09:06:07,12928.68,0,0,0,0,0,0
FINSER.BSE_IDX,01/07/2025,09:06:15,12926.56,0,0,0,0,0,0
FINSER.BSE_IDX,01/07/2025,09:06:23,12929.6,0,0,0,0,0,0
FINSER.BSE_IDX,01/07/2025,09:06:31,12929.94,0,0,0,0,0,0
FINSER.BSE_IDX,01/07/2025,09:06:39,12925.02,0,0,0,0,0,0
FINSER.BSE_IDX,01/07/2025,09:06:47,12921.2,0,0,0,0,0,0
FINSER.BSE_IDX,01/07/2025,09:06:55,12925.68,0,0,0,0,0,0
FINSER.BSE_IDX,01/07/2025,09:07:04,12918.97,0,0,0,0,0,0
FINSER.BSE_IDX,01/07/2025,09:07:11,12918.97,0,0,0,0,0,0
FINSER.BSE_IDX,01/07/2025,09:07:19,12918.97,0,0,0,0,0,0
FINSER.BSE_IDX,01/07/2025,09:07:27,12918.97,0,0,0,0,0,0
FINSER.BSE_IDX,01/07/2025,09:07:35,12918.97,0,0,0,0,0,0
FINSER.BSE_IDX,01/07/2025,09:07:43,12918.97,0,0,0,0,0,0
FINSER.BSE_IDX,01/07/2025,09:07:51,12918.97,0,0,0,0,0,0
FINSER.BSE_IDX,01/07/2025,09:07:59,12918.97,0,0,0,0,0,0
FINSER.BSE_IDX,01/07/2025,09:08:07,12918.97,0,0,0,0,0,0
FINSER.BSE_IDX,01/07/2025,09:08:15,12918.97,0,0,0,0,0,0
FINSER.BSE_IDX,01/07/2025,09:08:23,12918.97,0,0,0,0,0,0
FINSER.BSE_IDX,01/07/2025,09:08:31,12918.97,0,0,0,0,0,0
FINSER.BSE_IDX,01/07/2025,09:08:39,12918.97,0,0,0,0,0,0
FINSER.BSE_IDX,01/07/2025,09:08:47,12918.97,0,0,0,0,0,0
FINSER.BSE_IDX,01/07/2025,09:08:55,12918.97,0,0,0,0,0,0
FINSER.BSE_IDX,01/07/2025,09:09:03,12918.63,0,0,0,0,0,0
FINSER.BSE_IDX,01/07/2025,09:09:11,12918.63,0,0,0,0,0,0
FINSER.BSE_IDX,01/07/2025,09:09:19,12918.63,0,0,0,0,0,0
FINSER.BSE_IDX,01/07/2025,09:09:27,12918.63,0,0,0,0,0,0
FINSER.BSE_IDX,01/07/2025,09:09:35,12918.63,0,0,0,0,0,0
FINSER.BSE_IDX,01/07/2025,09:09:43,12918.63,0,0,0,0,0,0
FINSER.BSE_IDX,01/07/2025,09:09:51,12918.63,0,0,0,0,0,0
FINSER.BSE_IDX,01/07/2025,09:09:59,12918.63,0,0,0,0,0,0
FINSER.BSE_IDX,01/07/2025,09:10:07,12918.63,0,0,0,0,0,0
FINSER.BSE_IDX,01/07/2025,09:10:15,12918.63,0,0,0,0,0,0
FINSER.BSE_IDX,01/07/2025,09:10:23,12918.63,0,0,0,0,0,0
FINSER.BSE_IDX,01/07/2025,09:10:31,12918.63,0,0,0,0,0,0
FINSER.BSE_IDX,01/07/2025,09:10:39,12918.63,0,0,0,0,0,0
FINSER.BSE_IDX,01/07/2025,09:10:47,12918.63,0,0,0,0,0,0
FINSER.BSE_IDX,01/07/2025,09:10:55,12918.63,0,0,0,0,0,0
FINSER.BSE_IDX,01/07/2025,09:11:03,12918.63,0,0,0,0,0,0
FINSER.BSE_IDX,01/07/2025,09:11:11,12918.63,0,0,0,0,0,0
FINSER.BSE_IDX,01/07/2025,09:11:19,12918.63,0,0,0,0,0,0
FINSER.BSE_IDX,01/07/2025,09:11:27,12918.63,0,0,0,0,0,0
FINSER.BSE_IDX,01/07/2025,09:11:35,12918.63,0,0,0,0,0,0
FINSER.BSE_IDX,01/07/2025,09:11:43,12918.63,0,0,0,0,0,0
FINSER.BSE_IDX,01/07/2025,09:11:51,12918.63,0,0,0,0,0,0
FINSER.BSE_IDX,01/07/2025,09:11:59,12918.63,0,0,0,0,0,0
FINSER.BSE_IDX,01/07/2025,09:12:07,12918.63,0,0,0,0,0,0
FINSER.BSE_IDX,01/07/2025,09:12:16,12918.63,0,0,0,0,0,0
FINSER.BSE_IDX,01/07/2025,09:12:23,12918.63,0,0,0,0,0,0
FINSER.BSE_IDX,01/07/2025,09:12:31,12918.63,0,0,0,0,0,0
FINSER.BSE_IDX,01/07/2025,09:12:39,12918.63,0,0,0,0,0,0
FINSER.BSE_IDX,01/07/2025,09:12:47,12918.63,0,0,0,0,0,0
FINSER.BSE_IDX,01/07/2025,09:12:55,12918.63,0,0,0,0,0,0
FINSER.BSE_IDX,01/07/2025,09:13:03,12918.63,0,0,0,0,0,0
FINSER.BSE_IDX,01/07/2025,09:13:11,12918.63,0,0,0,0,0,0
FINSER.BSE_IDX,01/07/2025,09:13:19,12918.63,0,0,0,0,0,0
FINSER.BSE_IDX,01/07/2025,09:13:27,12918.63,0,0,0,0,0,0
FINSER.BSE_IDX,01/07/2025,09:13:35,12918.63,0,0,0,0,0,0
FINSER.BSE_IDX,01/07/2025,09:13:43,12918.63,0,0,0,0,0,0
FINSER.BSE_IDX,01/07/2025,09:13:51,12918.63,0,0,0,0,0,0
FINSER.BSE_IDX,01/07/2025,09:13:59,12918.63,0,0,0,0,0,0
FINSER.BSE_IDX,01/07/2025,09:14:07,12918.63,0,0,0,0,0,0
FINSER.BSE_IDX,01/07/2025,09:14:15,12918.63,0,0,0,0,0,0
FINSER.BSE_IDX,01/07/2025,09:14:23,12918.63,0,0,0,0,0,0
FINSER.BSE_IDX,01/07/2025,09:14:31,12918.63,0,0,0,0,0,0
FINSER.BSE_IDX,01/07/2025,09:14:39,12918.63,0,0,0,0,0,0
FINSER.BSE_IDX,01/07/2025,09:14:47,12918.63,0,0,0,0,0,0
FINSER.BSE_IDX,01/07/2025,09:14:55,12918.63,0,0,0,0,0,0
FINSER.BSE_IDX,01/07/2025,09:15:04,12923.43,0,0,0,0,0,0
FINSER.BSE_IDX,01/07/2025,09:15:11,12931.28,0,0,0,0,0,0
FINSER.BSE_IDX,01/07/2025,09:15:19,12924.17,0,0,0,0,0,0
FINSER.BSE_IDX,01/07/2025,09:15:27,12916.22,0,0,0,0,0,0
FINSER.BSE_IDX,01/07/2025,09:15:35,12919.22,0,0,0,0,0,0
FINSER.BSE_IDX,01/07/2025,09:15:43,12919.01,0,0,0,0,0,0
FINSER.BSE_IDX,01/07/2025,09:15:51,12918.59,0,0,0,0,0,0
FINSER.BSE_IDX,01/07/2025,09:15:59,12911.14,0,0,0,0,0,0
FINSER.BSE_IDX,01/07/2025,09:16:07,12913.19,0,0,0,0,0,0
FINSER.BSE_IDX,01/07/2025,09:16:15,12917.38,0,0,0,0,0,0
FINSER.BSE_IDX,01/07/2025,09:16:24,12916.76,0,0,0,0,0,0
FINSER.BSE_IDX,01/07/2025,09:16:31,12910.92,0,0,0,0,0,0
FINSER.BSE_IDX,01/07/2025,09:16:39,12911.3,0,0,0,0,0,0
FINSER.BSE_IDX,01/07/2025,09:16:48,12907.6,0,0,0,0,0,0
FINSER.BSE_IDX,01/07/2025,09:16:55,12907.86,0,0,0,0,0,0
FINSER.BSE_IDX,01/07/2025,09:17:03,12909.63,0,0,0,0,0,0
FINSER.BSE_IDX,01/07/2025,09:17:12,12905.6,0,0,0,0,0,0
FINSER.BSE_IDX,01/07/2025,09:17:19,12905.15,0,0,0,0,0,0
FINSER.BSE_IDX,01/07/2025,09:17:27,12905.51,0,0,0,0,0,0
FINSER.BSE_IDX,01/07/2025,09:17:35,12910.07,0,0,0,0,0,0
FINSER.BSE_IDX,01/07/2025,09:17:44,12911.8,0,0,0,0,0,0
FINSER.BSE_IDX,01/07/2025,09:17:51,12913.49,0,0,0,0,0,0
FINSER.BSE_IDX,01/07/2025,09:17:59,12913.93,0,0,0,0,0,0
FINSER.BSE_IDX,01/07/2025,09:18:07,12917.08,0,0,0,0,0,0
FINSER.BSE_IDX,01/07/2025,09:18:15,12914.18,0,0,0,0,0,0
FINSER.BSE_IDX,01/07/2025,09:18:23,12914.01,0,0,0,0,0,0
FINSER.BSE_IDX,01/07/2025,09:18:31,12915.66,0,0,0,0,0,0
FINSER.BSE_IDX,01/07/2025,09:18:39,12918.63,0,0,0,0,0,0
FINSER.BSE_IDX,01/07/2025,09:18:47,12918.05,0,0,0,0,0,0
FINSER.BSE_IDX,01/07/2025,09:18:56,12917.52,0,0,0,0,0,0
FINSER.BSE_IDX,01/07/2025,09:19:03,12916.25,0,0,0,0,0,0
FINSER.BSE_IDX,01/07/2025,09:19:11,12914.71,0,0,0,0,0,0
FINSER.BSE_IDX,01/07/2025,09:19:19,12915.45,0,0,0,0,0,0
FINSER.BSE_IDX,01/07/2025,09:19:28,12915.1,0,0,0,0,0,0
FINSER.BSE_IDX,01/07/2025,09:19:35,12917.01,0,0,0,0,0,0
FINSER.BSE_IDX,01/07/2025,09:19:43,12916.18,0,0,0,0,0,0
FINSER.BSE_IDX,01/07/2025,09:19:52,12917.47,0,0,0,0,0,0
FINSER.BSE_IDX,01/07/2025,09:19:59,12914.88,0,0,0,0,0,0
FINSER.BSE_IDX,01/07/2025,09:20:07,12917.79,0,0,0,0,0,0
FINSER.BSE_IDX,01/07/2025,09:20:15,12917.09,0,0,0,0,0,0
FINSER.BSE_IDX,01/07/2025,09:20:24,12915.08,0,0,0,0,0,0
FINSER.BSE_IDX,01/07/2025,09:20:31,12914.42,0,0,0,0,0,0
FINSER.BSE_IDX,01/07/2025,09:20:39,12916.55,0,0,0,0,0,0
FINSER.BSE_IDX,01/07/2025,09:20:47,12915.47,0,0,0,0,0,0
FINSER.BSE_IDX,01/07/2025,09:20:55,12915.48,0,0,0,0,0,0
FINSER.BSE_IDX,01/07/2025,09:21:03,12917.56,0,0,0,0,0,0
FINSER.BSE_IDX,01/07/2025,09:21:11,12917.15,0,0,0,0,0,0
FINSER.BSE_IDX,01/07/2025,09:21:19,12921.85,0,0,0,0,0,0
FINSER.BSE_IDX,01/07/2025,09:21:27,12921.24,0,0,0,0,0,0
FINSER.BSE_IDX,01/07/2025,09:21:36,12922.42,0,0,0,0,0,0
FINSER.BSE_IDX,01/07/2025,09:21:43,12922.62,0,0,0,0,0,0
FINSER.BSE_IDX,01/07/2025,09:21:51,12924.6,0,0,0,0,0,0
FINSER.BSE_IDX,01/07/2025,09:21:59,12923.6,0,0,0,0,0,0
FINSER.BSE_IDX,01/07/2025,09:22:07,12922.07,0,0,0,0,0,0
FINSER.BSE_IDX,01/07/2025,09:22:15,12923.67,0,0,0,0,0,0
FINSER.BSE_IDX,01/07/2025,09:22:23,12923.63,0,0,0,0,0,0
FINSER.BSE_IDX,01/07/2025,09:22:31,12923.42,0,0,0,0,0,0
FINSER.BSE_IDX,01/07/2025,09:22:39,12921.91,0,0,0,0,0,0
FINSER.BSE_IDX,01/07/2025,09:22:47,12923.51,0,0,0,0,0,0
FINSER.BSE_IDX,01/07/2025,09:22:55,12923.79,0,0,0,0,0,0
FINSER.BSE_IDX,01/07/2025,09:23:03,12922.9,0,0,0,0,0,0
FINSER.BSE_IDX,01/07/2025,09:23:11,12923.12,0,0,0,0,0,0
FINSER.BSE_IDX,01/07/2025,09:23:19,12920.15,0,0,0,0,0,0
FINSER.BSE_IDX,01/07/2025,09:23:27,12918.42,0,0,0,0,0,0
FINSER.BSE_IDX,01/07/2025,09:23:35,12918.4,0,0,0,0,0,0
FINSER.BSE_IDX,01/07/2025,09:23:44,12917.33,0,0,0,0,0,0
FINSER.BSE_IDX,01/07/2025,09:23:51,12914.36,0,0,0,0,0,0
FINSER.BSE_IDX,01/07/2025,09:23:59,12911.72,0,0,0,0,0,0
FINSER.BSE_IDX,01/07/2025,09:24:08,12913.64,0,0,0,0,0,0
FINSER.BSE_IDX,01/07/2025,09:24:15,12913.82,0,0,0,0,0,0
FINSER.BSE_IDX,01/07/2025,09:24:23,12912.74,0,0,0,0,0,0
FINSER.BSE_IDX,01/07/2025,09:24:32,12912.41,0,0,0,0,0,0
FINSER.BSE_IDX,01/07/2025,09:24:39,12912.67,0,0,0,0,0,0
FINSER.BSE_IDX,01/07/2025,09:24:48,12914.57,0,0,0,0,0,0
FINSER.BSE_IDX,01/07/2025,09:24:57,12912.91,0,0,0,0,0,0
FINSER.BSE_IDX,01/07/2025,09:25:03,12911.02,0,0,0,0,0,0
FINSER.BSE_IDX,01/07/2025,09:25:12,12912.52,0,0,0,0,0,0
FINSER.BSE_IDX,01/07/2025,09:25:19,12912.34,0,0,0,0,0,0
FINSER.BSE_IDX,01/07/2025,09:25:29,12910.49,0,0,0,0,0,0
FINSER.BSE_IDX,01/07/2025,09:25:35,12914.5,0,0,0,0,0,0
FINSER.BSE_IDX,01/07/2025,09:25:43,12914.04,0,0,0,0,0,0
FINSER.BSE_IDX,01/07/2025,09:25:51,12914.76,0,0,0,0,0,0
FINSER.BSE_IDX,01/07/2025,09:25:59,12913.8,0,0,0,0,0,0
FINSER.BSE_IDX,01/07/2025,09:26:08,12910.78,0,0,0,0,0,0
FINSER.BSE_IDX,01/07/2025,09:26:15,12909.72,0,0,0,0,0,0
FINSER.BSE_IDX,01/07/2025,09:26:24,12909.7,0,0,0,0,0,0
FINSER.BSE_IDX,01/07/2025,09:26:31,12909.87,0,0,0,0,0,0
FINSER.BSE_IDX,01/07/2025,09:26:39,12910.39,0,0,0,0,0,0
FINSER.BSE_IDX,01/07/2025,09:26:48,12909.72,0,0,0,0,0,0
FINSER.BSE_IDX,01/07/2025,09:26:55,12910.45,0,0,0,0,0,0
FINSER.BSE_IDX,01/07/2025,09:27:04,12910.6,0,0,0,0,0,0
FINSER.BSE_IDX,01/07/2025,09:27:12,12909.73,0,0,0,0,0,0
FINSER.BSE_IDX,01/07/2025,09:27:19,12908.51,0,0,0,0,0,0
FINSER.BSE_IDX,01/07/2025,09:27:28,12907.75,0,0,0,0,0,0
FINSER.BSE_IDX,01/07/2025,09:27:36,12908.44,0,0,0,0,0,0
FINSER.BSE_IDX,01/07/2025,09:27:44,12908.09,0,0,0,0,0,0
FINSER.BSE_IDX,01/07/2025,09:27:51,12907.94,0,0,0,0,0,0
FINSER.BSE_IDX,01/07/2025,09:28:00,12909.51,0,0,0,0,0,0
FINSER.BSE_IDX,01/07/2025,09:28:08,12908.98,0,0,0,0,0,0
FINSER.BSE_IDX,01/07/2025,09:28:16,12906.26,0,0,0,0,0,0
FINSER.BSE_IDX,01/07/2025,09:28:24,12905.48,0,0,0,0,0,0
FINSER.BSE_IDX,01/07/2025,09:28:32,12906.02,0,0,0,0,0,0
FINSER.BSE_IDX,01/07/2025,09:28:40,12903.44,0,0,0,0,0,0
FINSER.BSE_IDX,01/07/2025,09:28:48,12906.03,0,0,0,0,0,0
FINSER.BSE_IDX,01/07/2025,09:28:56,12904.94,0,0,0,0,0,0
FINSER.BSE_IDX,01/07/2025,09:29:04,12905.95,0,0,0,0,0,0
FINSER.BSE_IDX,01/07/2025,09:29:12,12905.34,0,0,0,0,0,0
FINSER.BSE_IDX,01/07/2025,09:29:20,12903.89,0,0,0,0,0,0
FINSER.BSE_IDX,01/07/2025,09:29:28,12903.66,0,0,0,0,0,0
FINSER.BSE_IDX,01/07/2025,09:29:36,12904.44,0,0,0,0,0,0
FINSER.BSE_IDX,01/07/2025,09:29:44,12904.9,0,0,0,0,0,0
FINSER.BSE_IDX,01/07/2025,09:29:52,12905.14,0,0,0,0,0,0
FINSER.BSE_IDX,01/07/2025,09:30:00,12905.33,0,0,0,0,0,0
FINSER.BSE_IDX,01/07/2025,09:30:08,12905.18,0,0,0,0,0,0
FINSER.BSE_IDX,01/07/2025,09:30:16,12907.53,0,0,0,0,0,0
FINSER.BSE_IDX,01/07/2025,09:30:24,12907.87,0,0,0,0,0,0
FINSER.BSE_IDX,01/07/2025,09:30:32,12909.48,0,0,0,0,0,0
FINSER.BSE_IDX,01/07/2025,09:30:40,12909.72,0,0,0,0,0,0
FINSER.BSE_IDX,01/07/2025,09:30:48,12909.17,0,0,0,0,0,0
FINSER.BSE_IDX,01/07/2025,09:30:56,12908.28,0,0,0,0,0,0
FINSER.BSE_IDX,01/07/2025,09:31:04,12907.86,0,0,0,0,0,0
FINSER.BSE_IDX,01/07/2025,09:31:12,12904.72,0,0,0,0,0,0
FINSER.BSE_IDX,01/07/2025,09:31:20,12900.37,0,0,0,0,0,0
FINSER.BSE_IDX,01/07/2025,09:31:28,12899.07,0,0,0,0,0,0
FINSER.BSE_IDX,01/07/2025,09:31:36,12898.65,0,0,0,0,0,0
FINSER.BSE_IDX,01/07/2025,09:31:44,12898.55,0,0,0,0,0,0
FINSER.BSE_IDX,01/07/2025,09:31:52,12898.63,0,0,0,0,0,0
FINSER.BSE_IDX,01/07/2025,09:32:00,12900.13,0,0,0,0,0,0
FINSER.BSE_IDX,01/07/2025,09:32:08,12898.64,0,0,0,0,0,0
FINSER.BSE_IDX,01/07/2025,09:32:16,12899.18,0,0,0,0,0,0
FINSER.BSE_IDX,01/07/2025,09:32:24,12897.63,0,0,0,0,0,0
FINSER.BSE_IDX,01/07/2025,09:32:32,12899.12,0,0,0,0,0,0
FINSER.BSE_IDX,01/07/2025,09:32:40,12899.19,0,0,0,0,0,0
FINSER.BSE_IDX,01/07/2025,09:32:48,12898.9,0,0,0,0,0,0
FINSER.BSE_IDX,01/07/2025,09:32:56,12901.12,0,0,0,0,0,0
FINSER.BSE_IDX,01/07/2025,09:33:04,12902.82,0,0,0,0,0,0
FINSER.BSE_IDX,01/07/2025,09:33:12,12903.3,0,0,0,0,0,0
FINSER.BSE_IDX,01/07/2025,09:33:20,12904.14,0,0,0,0,0,0
FINSER.BSE_IDX,01/07/2025,09:33:28,12902.66,0,0,0,0,0,0
FINSER.BSE_IDX,01/07/2025,09:33:36,12902.2,0,0,0,0,0,0
FINSER.BSE_IDX,01/07/2025,09:33:44,12901.94,0,0,0,0,0,0
FINSER.BSE_IDX,01/07/2025,09:33:52,12902.13,0,0,0,0,0,0
FINSER.BSE_IDX,01/07/2025,09:34:00,12903.67,0,0,0,0,0,0
FINSER.BSE_IDX,01/07/2025,09:34:08,12902.22,0,0,0,0,0,0
FINSER.BSE_IDX,01/07/2025,09:34:16,12901.63,0,0,0,0,0,0
FINSER.BSE_IDX,01/07/2025,09:34:24,12901.89,0,0,0,0,0,0
FINSER.BSE_IDX,01/07/2025,09:34:32,12902.43,0,0,0,0,0,0
FINSER.BSE_IDX,01/07/2025,09:34:40,12902.67,0,0,0,0,0,0
FINSER.BSE_IDX,01/07/2025,09:34:48,12902.14,0,0,0,0,0,0
FINSER.BSE_IDX,01/07/2025,09:34:56,12902.65,0,0,0,0,0,0
FINSER.BSE_IDX,01/07/2025,09:35:05,12902.6,0,0,0,0,0,0
FINSER.BSE_IDX,01/07/2025,09:35:12,12901.87,0,0,0,0,0,0
FINSER.BSE_IDX,01/07/2025,09:35:20,12901.02,0,0,0,0,0,0
FINSER.BSE_IDX,01/07/2025,09:35:28,12900.89,0,0,0,0,0,0
FINSER.BSE_IDX,01/07/2025,09:35:36,12902.11,0,0,0,0,0,0
FINSER.BSE_IDX,01/07/2025,09:35:44,12901.57,0,0,0,0,0,0
FINSER.BSE_IDX,01/07/2025,09:35:52,12901.75,0,0,0,0,0,0
FINSER.BSE_IDX,01/07/2025,09:36:00,12902.11,0,0,0,0,0,0
FINSER.BSE_IDX,01/07/2025,09:36:08,12901.73,0,0,0,0,0,0
FINSER.BSE_IDX,01/07/2025,09:36:16,12900.76,0,0,0,0,0,0
FINSER.BSE_IDX,01/07/2025,09:36:24,12901.13,0,0,0,0,0,0
FINSER.BSE_IDX,01/07/2025,09:36:33,12900.72,0,0,0,0,0,0
FINSER.BSE_IDX,01/07/2025,09:36:40,12899.46,0,0,0,0,0,0
FINSER.BSE_IDX,01/07/2025,09:36:48,12903.06,0,0,0,0,0,0
FINSER.BSE_IDX,01/07/2025,09:36:56,12903.87,0,0,0,0,0,0
FINSER.BSE_IDX,01/07/2025,09:37:04,12903.7,0,0,0,0,0,0
FINSER.BSE_IDX,01/07/2025,09:37:12,12904.2,0,0,0,0,0,0
FINSER.BSE_IDX,01/07/2025,09:37:20,12902.71,0,0,0,0,0,0
FINSER.BSE_IDX,01/07/2025,09:37:28,12902.06,0,0,0,0,0,0
FINSER.BSE_IDX,01/07/2025,09:37:36,12901.66,0,0,0,0,0,0
FINSER.BSE_IDX,01/07/2025,09:37:44,12901.82,0,0,0,0,0,0
FINSER.BSE_IDX,01/07/2025,09:37:52,12900.36,0,0,0,0,0,0
FINSER.BSE_IDX,01/07/2025,09:38:00,12900.1,0,0,0,0,0,0
FINSER.BSE_IDX,01/07/2025,09:38:08,12899.71,0,0,0,0,0,0
FINSER.BSE_IDX,01/07/2025,09:38:16,12899.24,0,0,0,0,0,0
FINSER.BSE_IDX,01/07/2025,09:38:24,12898.92,0,0,0,0,0,0
FINSER.BSE_IDX,01/07/2025,09:38:32,12898.86,0,0,0,0,0,0
FINSER.BSE_IDX,01/07/2025,09:38:40,12897.81,0,0,0,0,0,0
FINSER.BSE_IDX,01/07/2025,09:38:48,12897.7,0,0,0,0,0,0
FINSER.BSE_IDX,01/07/2025,09:38:56,12897.99,0,0,0,0,0,0
FINSER.BSE_IDX,01/07/2025,09:39:04,12897.03,0,0,0,0,0,0
FINSER.BSE_IDX,01/07/2025,09:39:12,12900.01,0,0,0,0,0,0
FINSER.BSE_IDX,01/07/2025,09:39:20,12901.09,0,0,0,0,0,0
FINSER.BSE_IDX,01/07/2025,09:39:28,12901.5,0,0,0,0,0,0
FINSER.BSE_IDX,01/07/2025,09:39:36,12902.61,0,0,0,0,0,0
FINSER.BSE_IDX,01/07/2025,09:39:44,12902.61,0,0,0,0,0,0
FINSER.BSE_IDX,01/07/2025,09:39:52,12902.15,0,0,0,0,0,0
FINSER.BSE_IDX,01/07/2025,09:40:00,12903.02,0,0,0,0,0,0
FINSER.BSE_IDX,01/07/2025,09:40:08,12903.05,0,0,0,0,0,0
FINSER.BSE_IDX,01/07/2025,09:40:16,12903.77,0,0,0,0,0,0
FINSER.BSE_IDX,01/07/2025,09:40:24,12904.31,0,0,0,0,0,0
FINSER.BSE_IDX,01/07/2025,09:40:32,12902.81,0,0,0,0,0,0
FINSER.BSE_IDX,01/07/2025,09:40:40,12902.75,0,0,0,0,0,0
FINSER.BSE_IDX,01/07/2025,09:40:48,12902.83,0,0,0,0,0,0
FINSER.BSE_IDX,01/07/2025,09:40:56,12902.11,0,0,0,0,0,0
FINSER.BSE_IDX,01/07/2025,09:41:04,12901.81,0,0,0,0,0,0
FINSER.BSE_IDX,01/07/2025,09:41:12,12902.44,0,0,0,0,0,0
FINSER.BSE_IDX,01/07/2025,09:41:20,12903.04,0,0,0,0,0,0
FINSER.BSE_IDX,01/07/2025,09:41:28,12903.58,0,0,0,0,0,0
FINSER.BSE_IDX,01/07/2025,09:41:36,12903.81,0,0,0,0,0,0
FINSER.BSE_IDX,01/07/2025,09:41:44,12903.27,0,0,0,0,0,0
FINSER.BSE_IDX,01/07/2025,09:41:52,12904.22,0,0,0,0,0,0
FINSER.BSE_IDX,01/07/2025,09:42:00,12904.51,0,0,0,0,0,0
FINSER.BSE_IDX,01/07/2025,09:42:08,12905.27,0,0,0,0,0,0
FINSER.BSE_IDX,01/07/2025,09:42:16,12905.21,0,0,0,0,0,0
FINSER.BSE_IDX,01/07/2025,09:42:24,12904.68,0,0,0,0,0,0
FINSER.BSE_IDX,01/07/2025,09:42:32,12904.33,0,0,0,0,0,0
FINSER.BSE_IDX,01/07/2025,09:42:40,12903.1,0,0,0,0,0,0
FINSER.BSE_IDX,01/07/2025,09:42:48,12905.09,0,0,0,0,0,0
FINSER.BSE_IDX,01/07/2025,09:42:56,12904.97,0,0,0,0,0,0
FINSER.BSE_IDX,01/07/2025,09:43:04,12903.34,0,0,0,0,0,0
FINSER.BSE_IDX,01/07/2025,09:43:12,12901.53,0,0,0,0,0,0
FINSER.BSE_IDX,01/07/2025,09:43:20,12901.79,0,0,0,0,0,0
FINSER.BSE_IDX,01/07/2025,09:43:28,12902.01,0,0,0,0,0,0
FINSER.BSE_IDX,01/07/2025,09:43:36,12900.5,0,0,0,0,0,0
FINSER.BSE_IDX,01/07/2025,09:43:44,12900.66,0,0,0,0,0,0
FINSER.BSE_IDX,01/07/2025,09:43:53,12900.46,0,0,0,0,0,0
FINSER.BSE_IDX,01/07/2025,09:44:00,12899.28,0,0,0,0,0,0
FINSER.BSE_IDX,01/07/2025,09:44:08,12900.28,0,0,0,0,0,0
FINSER.BSE_IDX,01/07/2025,09:44:16,12899.87,0,0,0,0,0,0
FINSER.BSE_IDX,01/07/2025,09:44:24,12901.83,0,0,0,0,0,0
FINSER.BSE_IDX,01/07/2025,09:44:32,12901.54,0,0,0,0,0,0
FINSER.BSE_IDX,01/07/2025,09:44:40,12901.59,0,0,0,0,0,0
FINSER.BSE_IDX,01/07/2025,09:44:48,12901.04,0,0,0,0,0,0
FINSER.BSE_IDX,01/07/2025,09:44:56,12900.6,0,0,0,0,0,0
FINSER.BSE_IDX,01/07/2025,09:45:05,12898.5,0,0,0,0,0,0
FINSER.BSE_IDX,01/07/2025,09:45:12,12895.53,0,0,0,0,0,0
FINSER.BSE_IDX,01/07/2025,09:45:20,12895.99,0,0,0,0,0,0
FINSER.BSE_IDX,01/07/2025,09:45:28,12896.37,0,0,0,0,0,0
FINSER.BSE_IDX,01/07/2025,09:45:36,12896.37,0,0,0,0,0,0
FINSER.BSE_IDX,01/07/2025,09:45:44,12896.17,0,0,0,0,0,0
FINSER.BSE_IDX,01/07/2025,09:45:52,12898.11,0,0,0,0,0,0
FINSER.BSE_IDX,01/07/2025,09:46:01,12897.24,0,0,0,0,0,0
FINSER.BSE_IDX,01/07/2025,09:46:08,12895.82,0,0,0,0,0,0
FINSER.BSE_IDX,01/07/2025,09:46:16,12897.33,0,0,0,0,0,0
FINSER.BSE_IDX,01/07/2025,09:46:24,12898.92,0,0,0,0,0,0
FINSER.BSE_IDX,01/07/2025,09:46:32,12899.74,0,0,0,0,0,0
FINSER.BSE_IDX,01/07/2025,09:46:40,12900.58,0,0,0,0,0,0
FINSER.BSE_IDX,01/07/2025,09:46:48,12899.75,0,0,0,0,0,0
FINSER.BSE_IDX,01/07/2025,09:46:56,12899.87,0,0,0,0,0,0
FINSER.BSE_IDX,01/07/2025,09:47:04,12900.4,0,0,0,0,0,0
FINSER.BSE_IDX,01/07/2025,09:47:12,12901.71,0,0,0,0,0,0
FINSER.BSE_IDX,01/07/2025,09:47:20,12900.2,0,0,0,0,0,0
FINSER.BSE_IDX,01/07/2025,09:47:28,12900.5,0,0,0,0,0,0
FINSER.BSE_IDX,01/07/2025,09:47:36,12899.89,0,0,0,0,0,0
FINSER.BSE_IDX,01/07/2025,09:47:44,12900.44,0,0,0,0,0,0
FINSER.BSE_IDX,01/07/2025,09:47:52,12904.53,0,0,0,0,0,0
FINSER.BSE_IDX,01/07/2025,09:48:00,12904.73,0,0,0,0,0,0
FINSER.BSE_IDX,01/07/2025,09:48:08,12905.14,0,0,0,0,0,0
FINSER.BSE_IDX,01/07/2025,09:48:16,12909.3,0,0,0,0,0,0
FINSER.BSE_IDX,01/07/2025,09:48:24,12912.21,0,0,0,0,0,0
FINSER.BSE_IDX,01/07/2025,09:48:32,12912.34,0,0,0,0,0,0
FINSER.BSE_IDX,01/07/2025,09:48:40,12910.23,0,0,0,0,0,0
FINSER.BSE_IDX,01/07/2025,09:48:48,12910.37,0,0,0,0,0,0
FINSER.BSE_IDX,01/07/2025,09:48:56,12910.64,0,0,0,0,0,0
FINSER.BSE_IDX,01/07/2025,09:49:04,12911.66,0,0,0,0,0,0
FINSER.BSE_IDX,01/07/2025,09:49:12,12912.09,0,0,0,0,0,0
FINSER.BSE_IDX,01/07/2025,09:49:20,12911.98,0,0,0,0,0,0
FINSER.BSE_IDX,01/07/2025,09:49:28,12911.01,0,0,0,0,0,0
FINSER.BSE_IDX,01/07/2025,09:49:36,12911.46,0,0,0,0,0,0
FINSER.BSE_IDX,01/07/2025,09:49:44,12911.19,0,0,0,0,0,0
FINSER.BSE_IDX,01/07/2025,09:49:52,12913.24,0,0,0,0,0,0
FINSER.BSE_IDX,01/07/2025,09:50:00,12913.05,0,0,0,0,0,0
FINSER.BSE_IDX,01/07/2025,09:50:08,12914.16,0,0,0,0,0,0
FINSER.BSE_IDX,01/07/2025,09:50:16,12913.6,0,0,0,0,0,0
FINSER.BSE_IDX,01/07/2025,09:50:24,12914.75,0,0,0,0,0,0
FINSER.BSE_IDX,01/07/2025,09:50:32,12911.25,0,0,0,0,0,0
FINSER.BSE_IDX,01/07/2025,09:50:40,12910.69,0,0,0,0,0,0
FINSER.BSE_IDX,01/07/2025,09:50:48,12911.41,0,0,0,0,0,0
FINSER.BSE_IDX,01/07/2025,09:50:57,12910.67,0,0,0,0,0,0
FINSER.BSE_IDX,01/07/2025,09:51:04,12913.27,0,0,0,0,0,0
FINSER.BSE_IDX,01/07/2025,09:51:12,12913.22,0,0,0,0,0,0
FINSER.BSE_IDX,01/07/2025,09:51:20,12913.8,0,0,0,0,0,0
FINSER.BSE_IDX,01/07/2025,09:51:28,12911.92,0,0,0,0,0,0
FINSER.BSE_IDX,01/07/2025,09:51:37,12909.95,0,0,0,0,0,0
FINSER.BSE_IDX,01/07/2025,09:51:44,12911.21,0,0,0,0,0,0
FINSER.BSE_IDX,01/07/2025,09:51:52,12909.43,0,0,0,0,0,0
FINSER.BSE_IDX,01/07/2025,09:52:01,12907.03,0,0,0,0,0,0
FINSER.BSE_IDX,01/07/2025,09:52:08,12903.87,0,0,0,0,0,0
FINSER.BSE_IDX,01/07/2025,09:52:17,12901.5,0,0,0,0,0,0
FINSER.BSE_IDX,01/07/2025,09:52:24,12901.49,0,0,0,0,0,0
FINSER.BSE_IDX,01/07/2025,09:52:32,12901.82,0,0,0,0,0,0
FINSER.BSE_IDX,01/07/2025,09:52:40,12901.48,0,0,0,0,0,0
FINSER.BSE_IDX,01/07/2025,09:52:48,12902.49,0,0,0,0,0,0
FINSER.BSE_IDX,01/07/2025,09:52:57,12901.67,0,0,0,0,0,0
FINSER.BSE_IDX,01/07/2025,09:53:04,12902.27,0,0,0,0,0,0
FINSER.BSE_IDX,01/07/2025,09:53:13,12904.07,0,0,0,0,0,0
FINSER.BSE_IDX,01/07/2025,09:53:20,12904.51,0,0,0,0,0,0
FINSER.BSE_IDX,01/07/2025,09:53:28,12905.33,0,0,0,0,0,0
FINSER.BSE_IDX,01/07/2025,09:53:36,12905.87,0,0,0,0,0,0
FINSER.BSE_IDX,01/07/2025,09:53:44,12905.41,0,0,0,0,0,0
FINSER.BSE_IDX,01/07/2025,09:53:52,12905.17,0,0,0,0,0,0
FINSER.BSE_IDX,01/07/2025,09:54:00,12902.55,0,0,0,0,0,0
FINSER.BSE_IDX,01/07/2025,09:54:08,12901.6,0,0,0,0,0,0
FINSER.BSE_IDX,01/07/2025,09:54:16,12899.66,0,0,0,0,0,0
FINSER.BSE_IDX,01/07/2025,09:54:24,12898.79,0,0,0,0,0,0
FINSER.BSE_IDX,01/07/2025,09:54:32,12896.99,0,0,0,0,0,0
FINSER.BSE_IDX,01/07/2025,09:54:40,12896.79,0,0,0,0,0,0
FINSER.BSE_IDX,01/07/2025,09:54:48,12896.12,0,0,0,0,0,0
FINSER.BSE_IDX,01/07/2025,09:54:56,12895.45,0,0,0,0,0,0
FINSER.BSE_IDX,01/07/2025,09:55:04,12894.91,0,0,0,0,0,0
FINSER.BSE_IDX,01/07/2025,09:55:12,12895.51,0,0,0,0,0,0
FINSER.BSE_IDX,01/07/2025,09:55:20,12895.22,0,0,0,0,0,0
FINSER.BSE_IDX,01/07/2025,09:55:28,12894.98,0,0,0,0,0,0
FINSER.BSE_IDX,01/07/2025,09:55:36,12894.75,0,0,0,0,0,0
FINSER.BSE_IDX,01/07/2025,09:55:44,12893.51,0,0,0,0,0,0
FINSER.BSE_IDX,01/07/2025,09:55:52,12893.45,0,0,0,0,0,0
FINSER.BSE_IDX,01/07/2025,09:56:00,12894.24,0,0,0,0,0,0
FINSER.BSE_IDX,01/07/2025,09:56:08,12892.91,0,0,0,0,0,0
FINSER.BSE_IDX,01/07/2025,09:56:16,12893.49,0,0,0,0,0,0
FINSER.BSE_IDX,01/07/2025,09:56:25,12894.48,0,0,0,0,0,0
FINSER.BSE_IDX,01/07/2025,09:56:32,12893.77,0,0,0,0,0,0
FINSER.BSE_IDX,01/07/2025,09:56:41,12894.8,0,0,0,0,0,0
FINSER.BSE_IDX,01/07/2025,09:56:48,12894.98,0,0,0,0,0,0
FINSER.BSE_IDX,01/07/2025,09:56:57,12895.48,0,0,0,0,0,0
FINSER.BSE_IDX,01/07/2025,09:57:04,12895.78,0,0,0,0,0,0
FINSER.BSE_IDX,01/07/2025,09:57:12,12896.43,0,0,0,0,0,0
FINSER.BSE_IDX,01/07/2025,09:57:20,12896.68,0,0,0,0,0,0
FINSER.BSE_IDX,01/07/2025,09:57:28,12897.87,0,0,0,0,0,0
FINSER.BSE_IDX,01/07/2025,09:57:36,12897.13,0,0,0,0,0,0
FINSER.BSE_IDX,01/07/2025,09:57:44,12897.88,0,0,0,0,0,0
FINSER.BSE_IDX,01/07/2025,09:57:52,12896.83,0,0,0,0,0,0
FINSER.BSE_IDX,01/07/2025,09:58:00,12896.54,0,0,0,0,0,0
FINSER.BSE_IDX,01/07/2025,09:58:08,12897.17,0,0,0,0,0,0
FINSER.BSE_IDX,01/07/2025,09:58:16,12898.9,0,0,0,0,0,0
FINSER.BSE_IDX,01/07/2025,09:58:24,12896.78,0,0,0,0,0,0
FINSER.BSE_IDX,01/07/2025,09:58:32,12898.76,0,0,0,0,0,0
FINSER.BSE_IDX,01/07/2025,09:58:40,12899.4,0,0,0,0,0,0
FINSER.BSE_IDX,01/07/2025,09:58:48,12899.07,0,0,0,0,0,0
FINSER.BSE_IDX,01/07/2025,09:58:56,12900.73,0,0,0,0,0,0
FINSER.BSE_IDX,01/07/2025,09:59:05,12900.58,0,0,0,0,0,0
FINSER.BSE_IDX,01/07/2025,09:59:12,12900.14,0,0,0,0,0,0
FINSER.BSE_IDX,01/07/2025,09:59:20,12900.93,0,0,0,0,0,0
FINSER.BSE_IDX,01/07/2025,09:59:28,12900.99,0,0,0,0,0,0
FINSER.BSE_IDX,01/07/2025,09:59:36,12901.08,0,0,0,0,0,0
FINSER.BSE_IDX,01/07/2025,09:59:45,12899.74,0,0,0,0,0,0
FINSER.BSE_IDX,01/07/2025,09:59:52,12899.9,0,0,0,0,0,0
FINSER.BSE_IDX,01/07/2025,10:00:00,12900.57,0,0,0,0,0,0
FINSER.BSE_IDX,01/07/2025,10:00:08,12903.1,0,0,0,0,0,0
FINSER.BSE_IDX,01/07/2025,10:00:16,12903.96,0,0,0,0,0,0
FINSER.BSE_IDX,01/07/2025,10:00:24,12903.35,0,0,0,0,0,0
FINSER.BSE_IDX,01/07/2025,10:00:32,12902.64,0,0,0,0,0,0
FINSER.BSE_IDX,01/07/2025,10:00:40,12902.9,0,0,0,0,0,0
FINSER.BSE_IDX,01/07/2025,10:00:48,12902.85,0,0,0,0,0,0
FINSER.BSE_IDX,01/07/2025,10:00:56,12901.88,0,0,0,0,0,0
FINSER.BSE_IDX,01/07/2025,10:01:04,12901.08,0,0,0,0,0,0
FINSER.BSE_IDX,01/07/2025,10:01:12,12898.59,0,0,0,0,0,0
FINSER.BSE_IDX,01/07/2025,10:01:21,12898.66,0,0,0,0,0,0
FINSER.BSE_IDX,01/07/2025,10:01:28,12898.65,0,0,0,0,0,0
FINSER.BSE_IDX,01/07/2025,10:01:36,12896.92,0,0,0,0,0,0
FINSER.BSE_IDX,01/07/2025,10:01:44,12897,0,0,0,0,0,0
FINSER.BSE_IDX,01/07/2025,10:01:52,12894.31,0,0,0,0,0,0
FINSER.BSE_IDX,01/07/2025,10:02:00,12894.62,0,0,0,0,0,0
FINSER.BSE_IDX,01/07/2025,10:02:08,12893.76,0,0,0,0,0,0
FINSER.BSE_IDX,01/07/2025,10:02:17,12894.35,0,0,0,0,0,0
FINSER.BSE_IDX,01/07/2025,10:02:24,12894.29,0,0,0,0,0,0
FINSER.BSE_IDX,01/07/2025,10:02:32,12892.47,0,0,0,0,0,0
FINSER.BSE_IDX,01/07/2025,10:02:41,12892.73,0,0,0,0,0,0
FINSER.BSE_IDX,01/07/2025,10:02:49,12891.93,0,0,0,0,0,0
FINSER.BSE_IDX,01/07/2025,10:02:56,12892.24,0,0,0,0,0,0
FINSER.BSE_IDX,01/07/2025,10:03:04,12890.97,0,0,0,0,0,0
FINSER.BSE_IDX,01/07/2025,10:03:13,12890.17,0,0,0,0,0,0
FINSER.BSE_IDX,01/07/2025,10:03:20,12887.65,0,0,0,0,0,0
FINSER.BSE_IDX,01/07/2025,10:03:29,12889.65,0,0,0,0,0,0
FINSER.BSE_IDX,01/07/2025,10:03:37,12891.73,0,0,0,0,0,0
FINSER.BSE_IDX,01/07/2025,10:03:45,12892.08,0,0,0,0,0,0
FINSER.BSE_IDX,01/07/2025,10:03:53,12893.38,0,0,0,0,0,0
FINSER.BSE_IDX,01/07/2025,10:04:01,12894.25,0,0,0,0,0,0
FINSER.BSE_IDX,01/07/2025,10:04:09,12894.17,0,0,0,0,0,0
FINSER.BSE_IDX,01/07/2025,10:04:17,12893.18,0,0,0,0,0,0
FINSER.BSE_IDX,01/07/2025,10:04:25,12893.49,0,0,0,0,0,0
FINSER.BSE_IDX,01/07/2025,10:04:33,12896.5,0,0,0,0,0,0
FINSER.BSE_IDX,01/07/2025,10:04:41,12898.08,0,0,0,0,0,0
FINSER.BSE_IDX,01/07/2025,10:04:50,12897.44,0,0,0,0,0,0
FINSER.BSE_IDX,01/07/2025,10:04:57,12898.1,0,0,0,0,0,0
FINSER.BSE_IDX,01/07/2025,10:05:05,12892.85,0,0,0,0,0,0
FINSER.BSE_IDX,01/07/2025,10:05:14,12892.68,0,0,0,0,0,0
FINSER.BSE_IDX,01/07/2025,10:05:21,12890.58,0,0,0,0,0,0
FINSER.BSE_IDX,01/07/2025,10:05:29,12886.4,0,0,0,0,0,0
FINSER.BSE_IDX,01/07/2025,10:05:37,12884.74,0,0,0,0,0,0
FINSER.BSE_IDX,01/07/2025,10:05:45,12889.18,0,0,0,0,0,0
FINSER.BSE_IDX,01/07/2025,10:05:53,12889.49,0,0,0,0,0,0
FINSER.BSE_IDX,01/07/2025,10:06:01,12890.17,0,0,0,0,0,0
FINSER.BSE_IDX,01/07/2025,10:06:09,12891.32,0,0,0,0,0,0
FINSER.BSE_IDX,01/07/2025,10:06:17,12892.8,0,0,0,0,0,0
FINSER.BSE_IDX,01/07/2025,10:06:25,12893.89,0,0,0,0,0,0
FINSER.BSE_IDX,01/07/2025,10:06:33,12893.84,0,0,0,0,0,0
FINSER.BSE_IDX,01/07/2025,10:06:41,12894.19,0,0,0,0,0,0
FINSER.BSE_IDX,01/07/2025,10:06:49,12894.77,0,0,0,0,0,0
FINSER.BSE_IDX,01/07/2025,10:06:57,12894.44,0,0,0,0,0,0
FINSER.BSE_IDX,01/07/2025,10:07:05,12894.93,0,0,0,0,0,0
FINSER.BSE_IDX,01/07/2025,10:07:13,12895.18,0,0,0,0,0,0
FINSER.BSE_IDX,01/07/2025,10:07:21,12894.75,0,0,0,0,0,0
FINSER.BSE_IDX,01/07/2025,10:07:29,12895.68,0,0,0,0,0,0
FINSER.BSE_IDX,01/07/2025,10:07:37,12896.43,0,0,0,0,0,0
FINSER.BSE_IDX,01/07/2025,10:07:45,12897.24,0,0,0,0,0,0
FINSER.BSE_IDX,01/07/2025,10:07:53,12896.91,0,0,0,0,0,0
FINSER.BSE_IDX,01/07/2025,10:08:01,12897.7,0,0,0,0,0,0
FINSER.BSE_IDX,01/07/2025,10:08:09,12897.83,0,0,0,0,0,0
FINSER.BSE_IDX,01/07/2025,10:08:17,12898.86,0,0,0,0,0,0
FINSER.BSE_IDX,01/07/2025,10:08:25,12898.69,0,0,0,0,0,0
FINSER.BSE_IDX,01/07/2025,10:08:33,12898.23,0,0,0,0,0,0
FINSER.BSE_IDX,01/07/2025,10:08:41,12897.19,0,0,0,0,0,0
FINSER.BSE_IDX,01/07/2025,10:08:49,12897.58,0,0,0,0,0,0
FINSER.BSE_IDX,01/07/2025,10:08:57,12895.66,0,0,0,0,0,0
FINSER.BSE_IDX,01/07/2025,10:09:05,12892.91,0,0,0,0,0,0
FINSER.BSE_IDX,01/07/2025,10:09:13,12892.02,0,0,0,0,0,0
FINSER.BSE_IDX,01/07/2025,10:09:21,12889.36,0,0,0,0,0,0
FINSER.BSE_IDX,01/07/2025,10:09:29,12888.9,0,0,0,0,0,0
FINSER.BSE_IDX,01/07/2025,10:09:37,12891.86,0,0,0,0,0,0
FINSER.BSE_IDX,01/07/2025,10:09:45,12891.53,0,0,0,0,0,0
FINSER.BSE_IDX,01/07/2025,10:09:53,12891.69,0,0,0,0,0,0
FINSER.BSE_IDX,01/07/2025,10:10:01,12893.06,0,0,0,0,0,0
FINSER.BSE_IDX,01/07/2025,10:10:09,12891.94,0,0,0,0,0,0
FINSER.BSE_IDX,01/07/2025,10:10:17,12891.35,0,0,0,0,0,0
FINSER.BSE_IDX,01/07/2025,10:10:25,12891.46,0,0,0,0,0,0
FINSER.BSE_IDX,01/07/2025,10:10:33,12891.23,0,0,0,0,0,0
FINSER.BSE_IDX,01/07/2025,10:10:41,12890.34,0,0,0,0,0,0
FINSER.BSE_IDX,01/07/2025,10:10:49,12889.95,0,0,0,0,0,0
FINSER.BSE_IDX,01/07/2025,10:10:57,12889.3,0,0,0,0,0,0
FINSER.BSE_IDX,01/07/2025,10:11:05,12888.94,0,0,0,0,0,0
FINSER.BSE_IDX,01/07/2025,10:11:13,12887.44,0,0,0,0,0,0
FINSER.BSE_IDX,01/07/2025,10:11:22,12887.48,0,0,0,0,0,0
FINSER.BSE_IDX,01/07/2025,10:11:29,12886.89,0,0,0,0,0,0
FINSER.BSE_IDX,01/07/2025,10:11:37,12886.7,0,0,0,0,0,0
FINSER.BSE_IDX,01/07/2025,10:11:45,12886.44,0,0,0,0,0,0
FINSER.BSE_IDX,01/07/2025,10:11:53,12888.92,0,0,0,0,0,0
FINSER.BSE_IDX,01/07/2025,10:12:01,12890.53,0,0,0,0,0,0
FINSER.BSE_IDX,01/07/2025,10:12:09,12891.03,0,0,0,0,0,0
FINSER.BSE_IDX,01/07/2025,10:12:17,12889.18,0,0,0,0,0,0
FINSER.BSE_IDX,01/07/2025,10:12:25,12888.03,0,0,0,0,0,0
FINSER.BSE_IDX,01/07/2025,10:12:33,12885.63,0,0,0,0,0,0
FINSER.BSE_IDX,01/07/2025,10:12:41,12885.63,0,0,0,0,0,0
FINSER.BSE_IDX,01/07/2025,10:12:49,12883.65,0,0,0,0,0,0
FINSER.BSE_IDX,01/07/2025,10:12:57,12879.61,0,0,0,0,0,0
FINSER.BSE_IDX,01/07/2025,10:13:05,12878.14,0,0,0,0,0,0
FINSER.BSE_IDX,01/07/2025,10:13:13,12878.07,0,0,0,0,0,0
FINSER.BSE_IDX,01/07/2025,10:13:21,12881.62,0,0,0,0,0,0
FINSER.BSE_IDX,01/07/2025,10:13:29,12882.13,0,0,0,0,0,0
FINSER.BSE_IDX,01/07/2025,10:13:37,12881.18,0,0,0,0,0,0
FINSER.BSE_IDX,01/07/2025,10:13:45,12880.26,0,0,0,0,0,0
FINSER.BSE_IDX,01/07/2025,10:13:53,12880.15,0,0,0,0,0,0
FINSER.BSE_IDX,01/07/2025,10:14:01,12877.13,0,0,0,0,0,0
FINSER.BSE_IDX,01/07/2025,10:14:09,12877.48,0,0,0,0,0,0
FINSER.BSE_IDX,01/07/2025,10:14:17,12877.26,0,0,0,0,0,0
FINSER.BSE_IDX,01/07/2025,10:14:25,12876.74,0,0,0,0,0,0
FINSER.BSE_IDX,01/07/2025,10:14:33,12877.4,0,0,0,0,0,0
FINSER.BSE_IDX,01/07/2025,10:14:41,12875.62,0,0,0,0,0,0
FINSER.BSE_IDX,01/07/2025,10:14:49,12875.9,0,0,0,0,0,0
FINSER.BSE_IDX,01/07/2025,10:14:57,12876.14,0,0,0,0,0,0
FINSER.BSE_IDX,01/07/2025,10:15:05,12874.47,0,0,0,0,0,0
FINSER.BSE_IDX,01/07/2025,10:15:13,12874.69,0,0,0,0,0,0
FINSER.BSE_IDX,01/07/2025,10:15:21,12873.27,0,0,0,0,0,0
FINSER.BSE_IDX,01/07/2025,10:15:29,12870.8,0,0,0,0,0,0
FINSER.BSE_IDX,01/07/2025,10:15:37,12871.83,0,0,0,0,0,0
FINSER.BSE_IDX,01/07/2025,10:15:45,12875.02,0,0,0,0,0,0
FINSER.BSE_IDX,01/07/2025,10:15:53,12875.61,0,0,0,0,0,0
FINSER.BSE_IDX,01/07/2025,10:16:01,12873.78,0,0,0,0,0,0
FINSER.BSE_IDX,01/07/2025,10:16:09,12876.25,0,0,0,0,0,0
FINSER.BSE_IDX,01/07/2025,10:16:17,12875.91,0,0,0,0,0,0
FINSER.BSE_IDX,01/07/2025,10:16:25,12877.38,0,0,0,0,0,0
FINSER.BSE_IDX,01/07/2025,10:16:33,12875.78,0,0,0,0,0,0
FINSER.BSE_IDX,01/07/2025,10:16:41,12875.31,0,0,0,0,0,0
FINSER.BSE_IDX,01/07/2025,10:16:49,12875.44,0,0,0,0,0,0
FINSER.BSE_IDX,01/07/2025,10:16:57,12875.08,0,0,0,0,0,0
FINSER.BSE_IDX,01/07/2025,10:17:05,12875.58,0,0,0,0,0,0
FINSER.BSE_IDX,01/07/2025,10:17:13,12873.94,0,0,0,0,0,0
FINSER.BSE_IDX,01/07/2025,10:17:21,12875.23,0,0,0,0,0,0
FINSER.BSE_IDX,01/07/2025,10:17:29,12874.39,0,0,0,0,0,0
FINSER.BSE_IDX,01/07/2025,10:17:37,12877.29,0,0,0,0,0,0
FINSER.BSE_IDX,01/07/2025,10:17:45,12877.73,0,0,0,0,0,0
FINSER.BSE_IDX,01/07/2025,10:17:53,12879.06,0,0,0,0,0,0
FINSER.BSE_IDX,01/07/2025,10:18:01,12879.21,0,0,0,0,0,0
FINSER.BSE_IDX,01/07/2025,10:18:09,12880.15,0,0,0,0,0,0
FINSER.BSE_IDX,01/07/2025,10:18:17,12880.54,0,0,0,0,0,0
FINSER.BSE_IDX,01/07/2025,10:18:25,12881.11,0,0,0,0,0,0
FINSER.BSE_IDX,01/07/2025,10:18:33,12881.51,0,0,0,0,0,0
FINSER.BSE_IDX,01/07/2025,10:18:41,12882.14,0,0,0,0,0,0
FINSER.BSE_IDX,01/07/2025,10:18:49,12879.6,0,0,0,0,0,0
FINSER.BSE_IDX,01/07/2025,10:18:57,12878.29,0,0,0,0,0,0
FINSER.BSE_IDX,01/07/2025,10:19:05,12877.03,0,0,0,0,0,0
FINSER.BSE_IDX,01/07/2025,10:19:13,12877.46,0,0,0,0,0,0
FINSER.BSE_IDX,01/07/2025,10:19:21,12879.17,0,0,0,0,0,0
FINSER.BSE_IDX,01/07/2025,10:19:29,12879.57,0,0,0,0,0,0
FINSER.BSE_IDX,01/07/2025,10:19:37,12877.96,0,0,0,0,0,0
FINSER.BSE_IDX,01/07/2025,10:19:45,12879.74,0,0,0,0,0,0
FINSER.BSE_IDX,01/07/2025,10:19:53,12877.81,0,0,0,0,0,0
FINSER.BSE_IDX,01/07/2025,10:20:01,12876.77,0,0,0,0,0,0
FINSER.BSE_IDX,01/07/2025,10:20:09,12877.8,0,0,0,0,0,0
FINSER.BSE_IDX,01/07/2025,10:20:17,12878.24,0,0,0,0,0,0
FINSER.BSE_IDX,01/07/2025,10:20:25,12875.9,0,0,0,0,0,0
FINSER.BSE_IDX,01/07/2025,10:20:33,12875.1,0,0,0,0,0,0
FINSER.BSE_IDX,01/07/2025,10:20:41,12875.84,0,0,0,0,0,0
FINSER.BSE_IDX,01/07/2025,10:20:49,12873.52,0,0,0,0,0,0
FINSER.BSE_IDX,01/07/2025,10:20:57,12873.06,0,0,0,0,0,0
FINSER.BSE_IDX,01/07/2025,10:21:05,12872.55,0,0,0,0,0,0
FINSER.BSE_IDX,01/07/2025,10:21:13,12872.41,0,0,0,0,0,0
FINSER.BSE_IDX,01/07/2025,10:21:21,12872.53,0,0,0,0,0,0
FINSER.BSE_IDX,01/07/2025,10:21:29,12872.83,0,0,0,0,0,0
FINSER.BSE_IDX,01/07/2025,10:21:37,12872.05,0,0,0,0,0,0
FINSER.BSE_IDX,01/07/2025,10:21:45,12871.52,0,0,0,0,0,0
FINSER.BSE_IDX,01/07/2025,10:21:53,12872.44,0,0,0,0,0,0
FINSER.BSE_IDX,01/07/2025,10:22:01,12872.15,0,0,0,0,0,0
FINSER.BSE_IDX,01/07/2025,10:22:09,12872.49,0,0,0,0,0,0
FINSER.BSE_IDX,01/07/2025,10:22:17,12870.77,0,0,0,0,0,0
FINSER.BSE_IDX,01/07/2025,10:22:25,12871,0,0,0,0,0,0
FINSER.BSE_IDX,01/07/2025,10:22:33,12870.43,0,0,0,0,0,0
FINSER.BSE_IDX,01/07/2025,10:22:41,12870.36,0,0,0,0,0,0
FINSER.BSE_IDX,01/07/2025,10:22:49,12870.05,0,0,0,0,0,0
FINSER.BSE_IDX,01/07/2025,10:22:57,12870.67,0,0,0,0,0,0
FINSER.BSE_IDX,01/07/2025,10:23:05,12870.16,0,0,0,0,0,0
FINSER.BSE_IDX,01/07/2025,10:23:13,12870.01,0,0,0,0,0,0
FINSER.BSE_IDX,01/07/2025,10:23:21,12870.1,0,0,0,0,0,0
FINSER.BSE_IDX,01/07/2025,10:23:29,12870.7,0,0,0,0,0,0
FINSER.BSE_IDX,01/07/2025,10:23:37,12870.9,0,0,0,0,0,0
FINSER.BSE_IDX,01/07/2025,10:23:45,12872.18,0,0,0,0,0,0
FINSER.BSE_IDX,01/07/2025,10:23:53,12870.7,0,0,0,0,0,0
FINSER.BSE_IDX,01/07/2025,10:24:01,12870.91,0,0,0,0,0,0
FINSER.BSE_IDX,01/07/2025,10:24:09,12870.77,0,0,0,0,0,0
FINSER.BSE_IDX,01/07/2025,10:24:17,12870.2,0,0,0,0,0,0
FINSER.BSE_IDX,01/07/2025,10:24:25,12869.55,0,0,0,0,0,0
FINSER.BSE_IDX,01/07/2025,10:24:33,12868.58,0,0,0,0,0,0
FINSER.BSE_IDX,01/07/2025,10:24:41,12869.47,0,0,0,0,0,0
FINSER.BSE_IDX,01/07/2025,10:24:49,12870.98,0,0,0,0,0,0
FINSER.BSE_IDX,01/07/2025,10:24:57,12870.54,0,0,0,0,0,0
FINSER.BSE_IDX,01/07/2025,10:25:05,12870.57,0,0,0,0,0,0
FINSER.BSE_IDX,01/07/2025,10:25:13,12870.29,0,0,0,0,0,0
FINSER.BSE_IDX,01/07/2025,10:25:21,12869.66,0,0,0,0,0,0
FINSER.BSE_IDX,01/07/2025,10:25:29,12869.52,0,0,0,0,0,0
FINSER.BSE_IDX,01/07/2025,10:25:37,12868.93,0,0,0,0,0,0
FINSER.BSE_IDX,01/07/2025,10:25:45,12868.33,0,0,0,0,0,0
FINSER.BSE_IDX,01/07/2025,10:25:53,12870.05,0,0,0,0,0,0
FINSER.BSE_IDX,01/07/2025,10:26:01,12870.34,0,0,0,0,0,0
FINSER.BSE_IDX,01/07/2025,10:26:09,12871.61,0,0,0,0,0,0
FINSER.BSE_IDX,01/07/2025,10:26:17,12871.53,0,0,0,0,0,0
FINSER.BSE_IDX,01/07/2025,10:26:25,12871.73,0,0,0,0,0,0
FINSER.BSE_IDX,01/07/2025,10:26:33,12871.8,0,0,0,0,0,0
FINSER.BSE_IDX,01/07/2025,10:26:41,12871.9,0,0,0,0,0,0
FINSER.BSE_IDX,01/07/2025,10:26:49,12870.7,0,0,0,0,0,0
FINSER.BSE_IDX,01/07/2025,10:26:57,12870.98,0,0,0,0,0,0
FINSER.BSE_IDX,01/07/2025,10:27:05,12872.43,0,0,0,0,0,0
FINSER.BSE_IDX,01/07/2025,10:27:13,12872.14,0,0,0,0,0,0
FINSER.BSE_IDX,01/07/2025,10:27:21,12870.93,0,0,0,0,0,0
FINSER.BSE_IDX,01/07/2025,10:27:29,12870.95,0,0,0,0,0,0
FINSER.BSE_IDX,01/07/2025,10:27:37,12871.63,0,0,0,0,0,0
FINSER.BSE_IDX,01/07/2025,10:27:45,12872.58,0,0,0,0,0,0
FINSER.BSE_IDX,01/07/2025,10:27:53,12872.35,0,0,0,0,0,0
FINSER.BSE_IDX,01/07/2025,10:28:01,12874.18,0,0,0,0,0,0
FINSER.BSE_IDX,01/07/2025,10:28:09,12874.39,0,0,0,0,0,0
FINSER.BSE_IDX,01/07/2025,10:28:17,12874.21,0,0,0,0,0,0
FINSER.BSE_IDX,01/07/2025,10:28:25,12875.09,0,0,0,0,0,0
FINSER.BSE_IDX,01/07/2025,10:28:33,12875.51,0,0,0,0,0,0
FINSER.BSE_IDX,01/07/2025,10:28:41,12876.74,0,0,0,0,0,0
FINSER.BSE_IDX,01/07/2025,10:28:49,12878.18,0,0,0,0,0,0
FINSER.BSE_IDX,01/07/2025,10:28:57,12878.92,0,0,0,0,0,0
FINSER.BSE_IDX,01/07/2025,10:29:05,12879.38,0,0,0,0,0,0
FINSER.BSE_IDX,01/07/2025,10:29:13,12880.92,0,0,0,0,0,0
FINSER.BSE_IDX,01/07/2025,10:29:21,12881.68,0,0,0,0,0,0
FINSER.BSE_IDX,01/07/2025,10:29:29,12880.59,0,0,0,0,0,0
FINSER.BSE_IDX,01/07/2025,10:29:37,12879.74,0,0,0,0,0,0
FINSER.BSE_IDX,01/07/2025,10:29:46,12879.37,0,0,0,0,0,0
FINSER.BSE_IDX,01/07/2025,10:29:54,12880.12,0,0,0,0,0,0
FINSER.BSE_IDX,01/07/2025,10:30:01,12879.92,0,0,0,0,0,0
FINSER.BSE_IDX,01/07/2025,10:30:09,12878.8,0,0,0,0,0,0
FINSER.BSE_IDX,01/07/2025,10:30:17,12880.62,0,0,0,0,0,0
FINSER.BSE_IDX,01/07/2025,10:30:25,12881.47,0,0,0,0,0,0
FINSER.BSE_IDX,01/07/2025,10:30:33,12881.68,0,0,0,0,0,0
FINSER.BSE_IDX,01/07/2025,10:30:41,12882.48,0,0,0,0,0,0
FINSER.BSE_IDX,01/07/2025,10:30:49,12883,0,0,0,0,0,0
FINSER.BSE_IDX,01/07/2025,10:30:57,12880.62,0,0,0,0,0,0
FINSER.BSE_IDX,01/07/2025,10:31:05,12880.84,0,0,0,0,0,0
FINSER.BSE_IDX,01/07/2025,10:31:13,12880.65,0,0,0,0,0,0
FINSER.BSE_IDX,01/07/2025,10:31:21,12880.55,0,0,0,0,0,0
FINSER.BSE_IDX,01/07/2025,10:31:29,12880.82,0,0,0,0,0,0
FINSER.BSE_IDX,01/07/2025,10:31:37,12880.86,0,0,0,0,0,0
FINSER.BSE_IDX,01/07/2025,10:31:45,12880.41,0,0,0,0,0,0
FINSER.BSE_IDX,01/07/2025,10:31:53,12882.85,0,0,0,0,0,0
FINSER.BSE_IDX,01/07/2025,10:32:01,12883.69,0,0,0,0,0,0
FINSER.BSE_IDX,01/07/2025,10:32:09,12881.05,0,0,0,0,0,0
FINSER.BSE_IDX,01/07/2025,10:32:17,12882.32,0,0,0,0,0,0
FINSER.BSE_IDX,01/07/2025,10:32:25,12882.88,0,0,0,0,0,0
FINSER.BSE_IDX,01/07/2025,10:32:33,12884.69,0,0,0,0,0,0
FINSER.BSE_IDX,01/07/2025,10:32:41,12882.95,0,0,0,0,0,0
FINSER.BSE_IDX,01/07/2025,10:32:49,12884.67,0,0,0,0,0,0
FINSER.BSE_IDX,01/07/2025,10:32:57,12884.9,0,0,0,0,0,0
FINSER.BSE_IDX,01/07/2025,10:33:05,12885.1,0,0,0,0,0,0
FINSER.BSE_IDX,01/07/2025,10:33:13,12885.5,0,0,0,0,0,0
FINSER.BSE_IDX,01/07/2025,10:33:21,12886.65,0,0,0,0,0,0
FINSER.BSE_IDX,01/07/2025,10:33:29,12886.35,0,0,0,0,0,0
FINSER.BSE_IDX,01/07/2025,10:33:37,12886.32,0,0,0,0,0,0
FINSER.BSE_IDX,01/07/2025,10:33:45,12886.56,0,0,0,0,0,0
FINSER.BSE_IDX,01/07/2025,10:33:53,12886.09,0,0,0,0,0,0
FINSER.BSE_IDX,01/07/2025,10:34:01,12884.93,0,0,0,0,0,0
FINSER.BSE_IDX,01/07/2025,10:34:09,12883.22,0,0,0,0,0,0
FINSER.BSE_IDX,01/07/2025,10:34:17,12883.01,0,0,0,0,0,0
FINSER.BSE_IDX,01/07/2025,10:34:25,12883.27,0,0,0,0,0,0
FINSER.BSE_IDX,01/07/2025,10:34:33,12883.43,0,0,0,0,0,0
FINSER.BSE_IDX,01/07/2025,10:34:41,12883.71,0,0,0,0,0,0
FINSER.BSE_IDX,01/07/2025,10:34:49,12882.94,0,0,0,0,0,0
FINSER.BSE_IDX,01/07/2025,10:34:58,12883.84,0,0,0,0,0,0
FINSER.BSE_IDX,01/07/2025,10:35:06,12883.76,0,0,0,0,0,0
FINSER.BSE_IDX,01/07/2025,10:35:14,12884.1,0,0,0,0,0,0
FINSER.BSE_IDX,01/07/2025,10:35:21,12884.39,0,0,0,0,0,0
FINSER.BSE_IDX,01/07/2025,10:35:29,12884.04,0,0,0,0,0,0
FINSER.BSE_IDX,01/07/2025,10:35:37,12883.9,0,0,0,0,0,0
FINSER.BSE_IDX,01/07/2025,10:35:45,12884.05,0,0,0,0,0,0
FINSER.BSE_IDX,01/07/2025,10:35:54,12884.22,0,0,0,0,0,0
FINSER.BSE_IDX,01/07/2025,10:36:02,12884.67,0,0,0,0,0,0
FINSER.BSE_IDX,01/07/2025,10:36:10,12882.74,0,0,0,0,0,0
FINSER.BSE_IDX,01/07/2025,10:36:17,12882.44,0,0,0,0,0,0
FINSER.BSE_IDX,01/07/2025,10:36:25,12882.39,0,0,0,0,0,0
FINSER.BSE_IDX,01/07/2025,10:36:34,12884.16,0,0,0,0,0,0
FINSER.BSE_IDX,01/07/2025,10:36:42,12882.44,0,0,0,0,0,0
FINSER.BSE_IDX,01/07/2025,10:36:49,12882.21,0,0,0,0,0,0
FINSER.BSE_IDX,01/07/2025,10:36:58,12879.79,0,0,0,0,0,0
FINSER.BSE_IDX,01/07/2025,10:37:05,12880.12,0,0,0,0,0,0
FINSER.BSE_IDX,01/07/2025,10:37:14,12877.68,0,0,0,0,0,0
FINSER.BSE_IDX,01/07/2025,10:37:21,12876.96,0,0,0,0,0,0
FINSER.BSE_IDX,01/07/2025,10:37:30,12876.69,0,0,0,0,0,0
FINSER.BSE_IDX,01/07/2025,10:37:38,12875.43,0,0,0,0,0,0
FINSER.BSE_IDX,01/07/2025,10:37:46,12875.7,0,0,0,0,0,0
FINSER.BSE_IDX,01/07/2025,10:37:54,12873.31,0,0,0,0,0,0
FINSER.BSE_IDX,01/07/2025,10:38:02,12873.34,0,0,0,0,0,0
FINSER.BSE_IDX,01/07/2025,10:38:10,12873.87,0,0,0,0,0,0
FINSER.BSE_IDX,01/07/2025,10:38:18,12873.92,0,0,0,0,0,0
FINSER.BSE_IDX,01/07/2025,10:38:26,12875.13,0,0,0,0,0,0
FINSER.BSE_IDX,01/07/2025,10:38:34,12874.82,0,0,0,0,0,0
FINSER.BSE_IDX,01/07/2025,10:38:42,12875.3,0,0,0,0,0,0
FINSER.BSE_IDX,01/07/2025,10:38:50,12876.14,0,0,0,0,0,0
FINSER.BSE_IDX,01/07/2025,10:38:58,12875.4,0,0,0,0,0,0
FINSER.BSE_IDX,01/07/2025,10:39:06,12877.33,0,0,0,0,0,0
FINSER.BSE_IDX,01/07/2025,10:39:14,12877.7,0,0,0,0,0,0
FINSER.BSE_IDX,01/07/2025,10:39:22,12879.45,0,0,0,0,0,0
FINSER.BSE_IDX,01/07/2025,10:39:30,12879.62,0,0,0,0,0,0
FINSER.BSE_IDX,01/07/2025,10:39:38,12879.22,0,0,0,0,0,0
FINSER.BSE_IDX,01/07/2025,10:39:46,12878.44,0,0,0,0,0,0
FINSER.BSE_IDX,01/07/2025,10:39:54,12879.45,0,0,0,0,0,0
FINSER.BSE_IDX,01/07/2025,10:40:02,12879.76,0,0,0,0,0,0
FINSER.BSE_IDX,01/07/2025,10:40:10,12879.66,0,0,0,0,0,0
FINSER.BSE_IDX,01/07/2025,10:40:18,12879.17,0,0,0,0,0,0
FINSER.BSE_IDX,01/07/2025,10:40:26,12878.85,0,0,0,0,0,0
FINSER.BSE_IDX,01/07/2025,10:40:34,12879.04,0,0,0,0,0,0
FINSER.BSE_IDX,01/07/2025,10:40:42,12878.37,0,0,0,0,0,0
FINSER.BSE_IDX,01/07/2025,10:40:50,12877.82,0,0,0,0,0,0
FINSER.BSE_IDX,01/07/2025,10:40:58,12877.72,0,0,0,0,0,0
FINSER.BSE_IDX,01/07/2025,10:41:06,12877.31,0,0,0,0,0,0
FINSER.BSE_IDX,01/07/2025,10:41:14,12875.78,0,0,0,0,0,0
FINSER.BSE_IDX,01/07/2025,10:41:22,12878.07,0,0,0,0,0,0
FINSER.BSE_IDX,01/07/2025,10:41:30,12877.59,0,0,0,0,0,0
FINSER.BSE_IDX,01/07/2025,10:41:38,12879.47,0,0,0,0,0,0
FINSER.BSE_IDX,01/07/2025,10:41:46,12878.06,0,0,0,0,0,0
FINSER.BSE_IDX,01/07/2025,10:41:54,12878.51,0,0,0,0,0,0
FINSER.BSE_IDX,01/07/2025,10:42:02,12878.62,0,0,0,0,0,0
FINSER.BSE_IDX,01/07/2025,10:42:10,12879.99,0,0,0,0,0,0
FINSER.BSE_IDX,01/07/2025,10:42:18,12880.45,0,0,0,0,0,0
FINSER.BSE_IDX,01/07/2025,10:42:26,12880.28,0,0,0,0,0,0
FINSER.BSE_IDX,01/07/2025,10:42:34,12880.34,0,0,0,0,0,0
FINSER.BSE_IDX,01/07/2025,10:42:42,12878.96,0,0,0,0,0,0
FINSER.BSE_IDX,01/07/2025,10:42:50,12878.85,0,0,0,0,0,0
FINSER.BSE_IDX,01/07/2025,10:42:58,12879.02,0,0,0,0,0,0
FINSER.BSE_IDX,01/07/2025,10:43:06,12879.71,0,0,0,0,0,0
FINSER.BSE_IDX,01/07/2025,10:43:14,12880.81,0,0,0,0,0,0
FINSER.BSE_IDX,01/07/2025,10:43:22,12880.53,0,0,0,0,0,0
FINSER.BSE_IDX,01/07/2025,10:43:30,12880.99,0,0,0,0,0,0
FINSER.BSE_IDX,01/07/2025,10:43:38,12879.41,0,0,0,0,0,0
FINSER.BSE_IDX,01/07/2025,10:43:46,12881.19,0,0,0,0,0,0
FINSER.BSE_IDX,01/07/2025,10:43:54,12879.87,0,0,0,0,0,0
FINSER.BSE_IDX,01/07/2025,10:44:02,12878.64,0,0,0,0,0,0
FINSER.BSE_IDX,01/07/2025,10:44:10,12876.96,0,0,0,0,0,0
FINSER.BSE_IDX,01/07/2025,10:44:18,12876.52,0,0,0,0,0,0
FINSER.BSE_IDX,01/07/2025,10:44:26,12876.96,0,0,0,0,0,0
FINSER.BSE_IDX,01/07/2025,10:44:34,12876.98,0,0,0,0,0,0
FINSER.BSE_IDX,01/07/2025,10:44:42,12876.06,0,0,0,0,0,0
FINSER.BSE_IDX,01/07/2025,10:44:50,12877.44,0,0,0,0,0,0
FINSER.BSE_IDX,01/07/2025,10:44:58,12876.33,0,0,0,0,0,0
FINSER.BSE_IDX,01/07/2025,10:45:07,12875.82,0,0,0,0,0,0
FINSER.BSE_IDX,01/07/2025,10:45:14,12875.99,0,0,0,0,0,0
FINSER.BSE_IDX,01/07/2025,10:45:22,12875.89,0,0,0,0,0,0
FINSER.BSE_IDX,01/07/2025,10:45:30,12875.81,0,0,0,0,0,0
FINSER.BSE_IDX,01/07/2025,10:45:38,12876.14,0,0,0,0,0,0
FINSER.BSE_IDX,01/07/2025,10:45:46,12876.87,0,0,0,0,0,0
FINSER.BSE_IDX,01/07/2025,10:45:54,12876.61,0,0,0,0,0,0
FINSER.BSE_IDX,01/07/2025,10:46:02,12876.4,0,0,0,0,0,0
FINSER.BSE_IDX,01/07/2025,10:46:10,12875.03,0,0,0,0,0,0
FINSER.BSE_IDX,01/07/2025,10:46:18,12875.55,0,0,0,0,0,0
FINSER.BSE_IDX,01/07/2025,10:46:26,12875.32,0,0,0,0,0,0
FINSER.BSE_IDX,01/07/2025,10:46:34,12874.37,0,0,0,0,0,0
FINSER.BSE_IDX,01/07/2025,10:46:42,12873.99,0,0,0,0,0,0
FINSER.BSE_IDX,01/07/2025,10:46:50,12874.66,0,0,0,0,0,0
FINSER.BSE_IDX,01/07/2025,10:46:58,12873.16,0,0,0,0,0,0
FINSER.BSE_IDX,01/07/2025,10:47:06,12873.8,0,0,0,0,0,0
FINSER.BSE_IDX,01/07/2025,10:47:14,12873.37,0,0,0,0,0,0
FINSER.BSE_IDX,01/07/2025,10:47:22,12873.29,0,0,0,0,0,0
FINSER.BSE_IDX,01/07/2025,10:47:30,12872.73,0,0,0,0,0,0
FINSER.BSE_IDX,01/07/2025,10:47:38,12873.25,0,0,0,0,0,0
FINSER.BSE_IDX,01/07/2025,10:47:46,12873.41,0,0,0,0,0,0
FINSER.BSE_IDX,01/07/2025,10:47:54,12873.61,0,0,0,0,0,0
FINSER.BSE_IDX,01/07/2025,10:48:02,12873.71,0,0,0,0,0,0
FINSER.BSE_IDX,01/07/2025,10:48:10,12873.45,0,0,0,0,0,0
FINSER.BSE_IDX,01/07/2025,10:48:18,12875.02,0,0,0,0,0,0
FINSER.BSE_IDX,01/07/2025,10:48:26,12875.89,0,0,0,0,0,0
FINSER.BSE_IDX,01/07/2025,10:48:34,12875.95,0,0,0,0,0,0
FINSER.BSE_IDX,01/07/2025,10:48:42,12877.37,0,0,0,0,0,0
FINSER.BSE_IDX,01/07/2025,10:48:50,12879.95,0,0,0,0,0,0
FINSER.BSE_IDX,01/07/2025,10:48:58,12879.82,0,0,0,0,0,0
FINSER.BSE_IDX,01/07/2025,10:49:06,12879.54,0,0,0,0,0,0
FINSER.BSE_IDX,01/07/2025,10:49:14,12879.63,0,0,0,0,0,0
FINSER.BSE_IDX,01/07/2025,10:49:22,12877.84,0,0,0,0,0,0
FINSER.BSE_IDX,01/07/2025,10:49:30,12878.27,0,0,0,0,0,0
FINSER.BSE_IDX,01/07/2025,10:49:38,12878.53,0,0,0,0,0,0
FINSER.BSE_IDX,01/07/2025,10:49:46,12877.91,0,0,0,0,0,0
FINSER.BSE_IDX,01/07/2025,10:49:54,12877.57,0,0,0,0,0,0
FINSER.BSE_IDX,01/07/2025,10:50:02,12877.54,0,0,0,0,0,0
FINSER.BSE_IDX,01/07/2025,10:50:10,12876.63,0,0,0,0,0,0
FINSER.BSE_IDX,01/07/2025,10:50:18,12876.49,0,0,0,0,0,0
FINSER.BSE_IDX,01/07/2025,10:50:26,12877.34,0,0,0,0,0,0
FINSER.BSE_IDX,01/07/2025,10:50:34,12879.87,0,0,0,0,0,0
FINSER.BSE_IDX,01/07/2025,10:50:42,12880.15,0,0,0,0,0,0
FINSER.BSE_IDX,01/07/2025,10:50:50,12879.94,0,0,0,0,0,0
FINSER.BSE_IDX,01/07/2025,10:50:58,12879.83,0,0,0,0,0,0
FINSER.BSE_IDX,01/07/2025,10:51:06,12879.6,0,0,0,0,0,0
FINSER.BSE_IDX,01/07/2025,10:51:14,12878.77,0,0,0,0,0,0
FINSER.BSE_IDX,01/07/2025,10:51:22,12878.75,0,0,0,0,0,0
FINSER.BSE_IDX,01/07/2025,10:51:30,12877.95,0,0,0,0,0,0
FINSER.BSE_IDX,01/07/2025,10:51:38,12879.21,0,0,0,0,0,0
FINSER.BSE_IDX,01/07/2025,10:51:46,12879.11,0,0,0,0,0,0
FINSER.BSE_IDX,01/07/2025,10:51:54,12878.01,0,0,0,0,0,0
FINSER.BSE_IDX,01/07/2025,10:52:02,12877.89,0,0,0,0,0,0
FINSER.BSE_IDX,01/07/2025,10:52:10,12877.56,0,0,0,0,0,0
FINSER.BSE_IDX,01/07/2025,10:52:18,12876.15,0,0,0,0,0,0
FINSER.BSE_IDX,01/07/2025,10:52:26,12876.73,0,0,0,0,0,0
FINSER.BSE_IDX,01/07/2025,10:52:34,12876.21,0,0,0,0,0,0
FINSER.BSE_IDX,01/07/2025,10:52:43,12873.6,0,0,0,0,0,0
FINSER.BSE_IDX,01/07/2025,10:52:50,12873.52,0,0,0,0,0,0
FINSER.BSE_IDX,01/07/2025,10:52:58,12872.09,0,0,0,0,0,0
FINSER.BSE_IDX,01/07/2025,10:53:06,12873.44,0,0,0,0,0,0
FINSER.BSE_IDX,01/07/2025,10:53:14,12872.43,0,0,0,0,0,0
FINSER.BSE_IDX,01/07/2025,10:53:22,12873.17,0,0,0,0,0,0
FINSER.BSE_IDX,01/07/2025,10:53:30,12874.72,0,0,0,0,0,0
FINSER.BSE_IDX,01/07/2025,10:53:38,12875.15,0,0,0,0,0,0
FINSER.BSE_IDX,01/07/2025,10:53:46,12876.41,0,0,0,0,0,0
FINSER.BSE_IDX,01/07/2025,10:53:54,12875.59,0,0,0,0,0,0
FINSER.BSE_IDX,01/07/2025,10:54:02,12875.75,0,0,0,0,0,0
FINSER.BSE_IDX,01/07/2025,10:54:10,12874.64,0,0,0,0,0,0
FINSER.BSE_IDX,01/07/2025,10:54:18,12875.8,0,0,0,0,0,0
FINSER.BSE_IDX,01/07/2025,10:54:26,12874.82,0,0,0,0,0,0
FINSER.BSE_IDX,01/07/2025,10:54:34,12876.57,0,0,0,0,0,0
FINSER.BSE_IDX,01/07/2025,10:54:42,12877.04,0,0,0,0,0,0
FINSER.BSE_IDX,01/07/2025,10:54:51,12878.01,0,0,0,0,0,0
FINSER.BSE_IDX,01/07/2025,10:54:58,12877.76,0,0,0,0,0,0
FINSER.BSE_IDX,01/07/2025,10:55:06,12877.44,0,0,0,0,0,0
FINSER.BSE_IDX,01/07/2025,10:55:14,12877.69,0,0,0,0,0,0
FINSER.BSE_IDX,01/07/2025,10:55:22,12877.71,0,0,0,0,0,0
FINSER.BSE_IDX,01/07/2025,10:55:30,12877.67,0,0,0,0,0,0
FINSER.BSE_IDX,01/07/2025,10:55:38,12877.64,0,0,0,0,0,0
FINSER.BSE_IDX,01/07/2025,10:55:46,12876.02,0,0,0,0,0,0
FINSER.BSE_IDX,01/07/2025,10:55:54,12876.39,0,0,0,0,0,0
FINSER.BSE_IDX,01/07/2025,10:56:02,12874.94,0,0,0,0,0,0
FINSER.BSE_IDX,01/07/2025,10:56:10,12874.53,0,0,0,0,0,0
FINSER.BSE_IDX,01/07/2025,10:56:18,12872.41,0,0,0,0,0,0
FINSER.BSE_IDX,01/07/2025,10:56:26,12872.18,0,0,0,0,0,0
FINSER.BSE_IDX,01/07/2025,10:56:34,12872.98,0,0,0,0,0,0
FINSER.BSE_IDX,01/07/2025,10:56:42,12872.66,0,0,0,0,0,0
FINSER.BSE_IDX,01/07/2025,10:56:50,12872.77,0,0,0,0,0,0
FINSER.BSE_IDX,01/07/2025,10:56:58,12872.63,0,0,0,0,0,0
FINSER.BSE_IDX,01/07/2025,10:57:06,12872.82,0,0,0,0,0,0
FINSER.BSE_IDX,01/07/2025,10:57:14,12872.15,0,0,0,0,0,0
FINSER.BSE_IDX,01/07/2025,10:57:22,12871.93,0,0,0,0,0,0
FINSER.BSE_IDX,01/07/2025,10:57:30,12870.53,0,0,0,0,0,0
FINSER.BSE_IDX,01/07/2025,10:57:39,12871.88,0,0,0,0,0,0
FINSER.BSE_IDX,01/07/2025,10:57:46,12872.28,0,0,0,0,0,0
FINSER.BSE_IDX,01/07/2025,10:57:54,12872.75,0,0,0,0,0,0
FINSER.BSE_IDX,01/07/2025,10:58:02,12872,0,0,0,0,0,0
FINSER.BSE_IDX,01/07/2025,10:58:10,12872.74,0,0,0,0,0,0
FINSER.BSE_IDX,01/07/2025,10:58:18,12869.71,0,0,0,0,0,0
FINSER.BSE_IDX,01/07/2025,10:58:26,12869.47,0,0,0,0,0,0
FINSER.BSE_IDX,01/07/2025,10:58:34,12871.08,0,0,0,0,0,0
FINSER.BSE_IDX,01/07/2025,10:58:42,12870.79,0,0,0,0,0,0
FINSER.BSE_IDX,01/07/2025,10:58:50,12871.98,0,0,0,0,0,0
FINSER.BSE_IDX,01/07/2025,10:58:58,12869.6,0,0,0,0,0,0
FINSER.BSE_IDX,01/07/2025,10:59:06,12869.01,0,0,0,0,0,0
FINSER.BSE_IDX,01/07/2025,10:59:14,12869.26,0,0,0,0,0,0
FINSER.BSE_IDX,01/07/2025,10:59:22,12868.68,0,0,0,0,0,0
FINSER.BSE_IDX,01/07/2025,10:59:30,12868.28,0,0,0,0,0,0
FINSER.BSE_IDX,01/07/2025,10:59:38,12868.33,0,0,0,0,0,0
FINSER.BSE_IDX,01/07/2025,10:59:47,12867.75,0,0,0,0,0,0
FINSER.BSE_IDX,01/07/2025,10:59:55,12867.57,0,0,0,0,0,0
FINSER.BSE_IDX,01/07/2025,11:00:03,12867.85,0,0,0,0,0,0
FINSER.BSE_IDX,01/07/2025,11:00:11,12867.31,0,0,0,0,0,0
FINSER.BSE_IDX,01/07/2025,11:00:18,12867.42,0,0,0,0,0,0
FINSER.BSE_IDX,01/07/2025,11:00:26,12867.72,0,0,0,0,0,0
FINSER.BSE_IDX,01/07/2025,11:00:34,12869.56,0,0,0,0,0,0
FINSER.BSE_IDX,01/07/2025,11:00:42,12869.44,0,0,0,0,0,0
FINSER.BSE_IDX,01/07/2025,11:00:50,12869.44,0,0,0,0,0,0
FINSER.BSE_IDX,01/07/2025,11:00:58,12869.72,0,0,0,0,0,0
FINSER.BSE_IDX,01/07/2025,11:01:06,12869.18,0,0,0,0,0,0
FINSER.BSE_IDX,01/07/2025,11:01:15,12868.85,0,0,0,0,0,0
FINSER.BSE_IDX,01/07/2025,11:01:22,12865.58,0,0,0,0,0,0
FINSER.BSE_IDX,01/07/2025,11:01:30,12864.97,0,0,0,0,0,0
FINSER.BSE_IDX,01/07/2025,11:01:38,12865.54,0,0,0,0,0,0
FINSER.BSE_IDX,01/07/2025,11:01:46,12865.39,0,0,0,0,0,0
FINSER.BSE_IDX,01/07/2025,11:01:54,12865.31,0,0,0,0,0,0
FINSER.BSE_IDX,01/07/2025,11:02:02,12866.86,0,0,0,0,0,0
FINSER.BSE_IDX,01/07/2025,11:02:10,12866.1,0,0,0,0,0,0
FINSER.BSE_IDX,01/07/2025,11:02:18,12866.69,0,0,0,0,0,0
FINSER.BSE_IDX,01/07/2025,11:02:27,12867.7,0,0,0,0,0,0
FINSER.BSE_IDX,01/07/2025,11:02:34,12868.58,0,0,0,0,0,0
FINSER.BSE_IDX,01/07/2025,11:02:42,12867.48,0,0,0,0,0,0
FINSER.BSE_IDX,01/07/2025,11:02:51,12867.34,0,0,0,0,0,0
FINSER.BSE_IDX,01/07/2025,11:02:58,12866.14,0,0,0,0,0,0
FINSER.BSE_IDX,01/07/2025,11:03:06,12866.28,0,0,0,0,0,0
FINSER.BSE_IDX,01/07/2025,11:03:14,12866.31,0,0,0,0,0,0
FINSER.BSE_IDX,01/07/2025,11:03:22,12866.18,0,0,0,0,0,0
FINSER.BSE_IDX,01/07/2025,11:03:31,12866.14,0,0,0,0,0,0
FINSER.BSE_IDX,01/07/2025,11:03:38,12867.83,0,0,0,0,0,0
FINSER.BSE_IDX,01/07/2025,11:03:46,12868.31,0,0,0,0,0,0
FINSER.BSE_IDX,01/07/2025,11:03:54,12868.4,0,0,0,0,0,0
FINSER.BSE_IDX,01/07/2025,11:04:02,12869.02,0,0,0,0,0,0
FINSER.BSE_IDX,01/07/2025,11:04:10,12867.48,0,0,0,0,0,0
FINSER.BSE_IDX,01/07/2025,11:04:18,12867.71,0,0,0,0,0,0
FINSER.BSE_IDX,01/07/2025,11:04:27,12866.2,0,0,0,0,0,0
FINSER.BSE_IDX,01/07/2025,11:04:34,12865.95,0,0,0,0,0,0
FINSER.BSE_IDX,01/07/2025,11:04:42,12865.89,0,0,0,0,0,0
FINSER.BSE_IDX,01/07/2025,11:04:51,12866.94,0,0,0,0,0,0
FINSER.BSE_IDX,01/07/2025,11:04:58,12867.29,0,0,0,0,0,0
FINSER.BSE_IDX,01/07/2025,11:05:06,12868.48,0,0,0,0,0,0
FINSER.BSE_IDX,01/07/2025,11:05:14,12869.08,0,0,0,0,0,0
FINSER.BSE_IDX,01/07/2025,11:05:22,12868.11,0,0,0,0,0,0
FINSER.BSE_IDX,01/07/2025,11:05:30,12869.27,0,0,0,0,0,0
FINSER.BSE_IDX,01/07/2025,11:05:38,12869.61,0,0,0,0,0,0
FINSER.BSE_IDX,01/07/2025,11:05:46,12870.2,0,0,0,0,0,0
FINSER.BSE_IDX,01/07/2025,11:05:54,12870.3,0,0,0,0,0,0
FINSER.BSE_IDX,01/07/2025,11:06:02,12869.69,0,0,0,0,0,0
FINSER.BSE_IDX,01/07/2025,11:06:11,12871.19,0,0,0,0,0,0
FINSER.BSE_IDX,01/07/2025,11:06:19,12871.42,0,0,0,0,0,0
FINSER.BSE_IDX,01/07/2025,11:06:26,12870.31,0,0,0,0,0,0
FINSER.BSE_IDX,01/07/2025,11:06:34,12868.96,0,0,0,0,0,0
FINSER.BSE_IDX,01/07/2025,11:06:42,12868.93,0,0,0,0,0,0
FINSER.BSE_IDX,01/07/2025,11:06:50,12870.78,0,0,0,0,0,0
FINSER.BSE_IDX,01/07/2025,11:06:58,12870.88,0,0,0,0,0,0
FINSER.BSE_IDX,01/07/2025,11:07:06,12871.83,0,0,0,0,0,0
FINSER.BSE_IDX,01/07/2025,11:07:15,12873.25,0,0,0,0,0,0
FINSER.BSE_IDX,01/07/2025,11:07:22,12871.77,0,0,0,0,0,0
FINSER.BSE_IDX,01/07/2025,11:07:30,12872.11,0,0,0,0,0,0
FINSER.BSE_IDX,01/07/2025,11:07:38,12869.42,0,0,0,0,0,0
FINSER.BSE_IDX,01/07/2025,11:07:46,12871.41,0,0,0,0,0,0
FINSER.BSE_IDX,01/07/2025,11:07:54,12872.13,0,0,0,0,0,0
FINSER.BSE_IDX,01/07/2025,11:08:02,12871.78,0,0,0,0,0,0
FINSER.BSE_IDX,01/07/2025,11:08:11,12871.46,0,0,0,0,0,0
FINSER.BSE_IDX,01/07/2025,11:08:18,12870.68,0,0,0,0,0,0
FINSER.BSE_IDX,01/07/2025,11:08:27,12871.28,0,0,0,0,0,0
FINSER.BSE_IDX,01/07/2025,11:08:35,12868.32,0,0,0,0,0,0
FINSER.BSE_IDX,01/07/2025,11:08:43,12869.81,0,0,0,0,0,0
FINSER.BSE_IDX,01/07/2025,11:08:51,12871.87,0,0,0,0,0,0
FINSER.BSE_IDX,01/07/2025,11:08:58,12872,0,0,0,0,0,0
FINSER.BSE_IDX,01/07/2025,11:09:07,12871.74,0,0,0,0,0,0
FINSER.BSE_IDX,01/07/2025,11:09:15,12869.42,0,0,0,0,0,0
FINSER.BSE_IDX,01/07/2025,11:09:23,12867.87,0,0,0,0,0,0
FINSER.BSE_IDX,01/07/2025,11:09:31,12869,0,0,0,0,0,0
FINSER.BSE_IDX,01/07/2025,11:09:39,12868.84,0,0,0,0,0,0
FINSER.BSE_IDX,01/07/2025,11:09:46,12870.41,0,0,0,0,0,0
FINSER.BSE_IDX,01/07/2025,11:09:55,12870.37,0,0,0,0,0,0
FINSER.BSE_IDX,01/07/2025,11:10:03,12870.76,0,0,0,0,0,0
FINSER.BSE_IDX,01/07/2025,11:10:11,12870.7,0,0,0,0,0,0
FINSER.BSE_IDX,01/07/2025,11:10:19,12870.41,0,0,0,0,0,0
FINSER.BSE_IDX,01/07/2025,11:10:27,12870.41,0,0,0,0,0,0
FINSER.BSE_IDX,01/07/2025,11:10:35,12870.97,0,0,0,0,0,0
FINSER.BSE_IDX,01/07/2025,11:10:43,12871.52,0,0,0,0,0,0
FINSER.BSE_IDX,01/07/2025,11:10:51,12871.77,0,0,0,0,0,0
FINSER.BSE_IDX,01/07/2025,11:10:59,12872.12,0,0,0,0,0,0
FINSER.BSE_IDX,01/07/2025,11:11:07,12872.11,0,0,0,0,0,0
FINSER.BSE_IDX,01/07/2025,11:11:15,12870.88,0,0,0,0,0,0
FINSER.BSE_IDX,01/07/2025,11:11:23,12871.52,0,0,0,0,0,0
FINSER.BSE_IDX,01/07/2025,11:11:31,12870.31,0,0,0,0,0,0
FINSER.BSE_IDX,01/07/2025,11:11:39,12869.44,0,0,0,0,0,0
FINSER.BSE_IDX,01/07/2025,11:11:47,12868.98,0,0,0,0,0,0
FINSER.BSE_IDX,01/07/2025,11:11:55,12870.6,0,0,0,0,0,0
FINSER.BSE_IDX,01/07/2025,11:12:03,12871.44,0,0,0,0,0,0
FINSER.BSE_IDX,01/07/2025,11:12:11,12871.04,0,0,0,0,0,0
FINSER.BSE_IDX,01/07/2025,11:12:19,12871.16,0,0,0,0,0,0
FINSER.BSE_IDX,01/07/2025,11:12:27,12871.24,0,0,0,0,0,0
FINSER.BSE_IDX,01/07/2025,11:12:35,12871.82,0,0,0,0,0,0
FINSER.BSE_IDX,01/07/2025,11:12:43,12871.58,0,0,0,0,0,0
FINSER.BSE_IDX,01/07/2025,11:12:51,12871.37,0,0,0,0,0,0
FINSER.BSE_IDX,01/07/2025,11:12:59,12872.6,0,0,0,0,0,0
FINSER.BSE_IDX,01/07/2025,11:13:07,12873.27,0,0,0,0,0,0
FINSER.BSE_IDX,01/07/2025,11:13:16,12873.1,0,0,0,0,0,0
FINSER.BSE_IDX,01/07/2025,11:13:23,12872.25,0,0,0,0,0,0
FINSER.BSE_IDX,01/07/2025,11:13:31,12871.26,0,0,0,0,0,0
FINSER.BSE_IDX,01/07/2025,11:13:39,12872.1,0,0,0,0,0,0
FINSER.BSE_IDX,01/07/2025,11:13:47,12872.85,0,0,0,0,0,0
FINSER.BSE_IDX,01/07/2025,11:13:55,12872.96,0,0,0,0,0,0
FINSER.BSE_IDX,01/07/2025,11:14:03,12874.01,0,0,0,0,0,0
FINSER.BSE_IDX,01/07/2025,11:14:11,12871.58,0,0,0,0,0,0
FINSER.BSE_IDX,01/07/2025,11:14:19,12872.82,0,0,0,0,0,0
FINSER.BSE_IDX,01/07/2025,11:14:27,12873.86,0,0,0,0,0,0
FINSER.BSE_IDX,01/07/2025,11:14:35,12874.15,0,0,0,0,0,0
FINSER.BSE_IDX,01/07/2025,11:14:43,12875.2,0,0,0,0,0,0
FINSER.BSE_IDX,01/07/2025,11:14:51,12875.91,0,0,0,0,0,0
FINSER.BSE_IDX,01/07/2025,11:14:59,12875.27,0,0,0,0,0,0
FINSER.BSE_IDX,01/07/2025,11:15:07,12875.85,0,0,0,0,0,0
FINSER.BSE_IDX,01/07/2025,11:15:15,12875.93,0,0,0,0,0,0
FINSER.BSE_IDX,01/07/2025,11:15:23,12877.85,0,0,0,0,0,0
FINSER.BSE_IDX,01/07/2025,11:15:31,12876.86,0,0,0,0,0,0
FINSER.BSE_IDX,01/07/2025,11:15:39,12877.17,0,0,0,0,0,0
FINSER.BSE_IDX,01/07/2025,11:15:47,12876.82,0,0,0,0,0,0
FINSER.BSE_IDX,01/07/2025,11:15:56,12878.08,0,0,0,0,0,0
FINSER.BSE_IDX,01/07/2025,11:16:03,12876.32,0,0,0,0,0,0
FINSER.BSE_IDX,01/07/2025,11:16:11,12877.15,0,0,0,0,0,0
FINSER.BSE_IDX,01/07/2025,11:16:19,12876.74,0,0,0,0,0,0
FINSER.BSE_IDX,01/07/2025,11:16:27,12875.7,0,0,0,0,0,0
FINSER.BSE_IDX,01/07/2025,11:16:35,12874.83,0,0,0,0,0,0
FINSER.BSE_IDX,01/07/2025,11:16:43,12874.3,0,0,0,0,0,0
FINSER.BSE_IDX,01/07/2025,11:16:51,12874.09,0,0,0,0,0,0
FINSER.BSE_IDX,01/07/2025,11:16:59,12874.52,0,0,0,0,0,0
FINSER.BSE_IDX,01/07/2025,11:17:07,12875.35,0,0,0,0,0,0
FINSER.BSE_IDX,01/07/2025,11:17:15,12875.38,0,0,0,0,0,0
FINSER.BSE_IDX,01/07/2025,11:17:23,12876.54,0,0,0,0,0,0
FINSER.BSE_IDX,01/07/2025,11:17:31,12877.13,0,0,0,0,0,0
FINSER.BSE_IDX,01/07/2025,11:17:39,12878.76,0,0,0,0,0,0
FINSER.BSE_IDX,01/07/2025,11:17:47,12880.4,0,0,0,0,0,0
FINSER.BSE_IDX,01/07/2025,11:17:57,12880.93,0,0,0,0,0,0
FINSER.BSE_IDX,01/07/2025,11:18:03,12881.76,0,0,0,0,0,0
FINSER.BSE_IDX,01/07/2025,11:18:11,12881.2,0,0,0,0,0,0
FINSER.BSE_IDX,01/07/2025,11:18:19,12881,0,0,0,0,0,0
FINSER.BSE_IDX,01/07/2025,11:18:27,12879.49,0,0,0,0,0,0
FINSER.BSE_IDX,01/07/2025,11:18:35,12881.61,0,0,0,0,0,0
FINSER.BSE_IDX,01/07/2025,11:18:44,12881.78,0,0,0,0,0,0
FINSER.BSE_IDX,01/07/2025,11:18:51,12882.61,0,0,0,0,0,0
FINSER.BSE_IDX,01/07/2025,11:18:59,12881.28,0,0,0,0,0,0
FINSER.BSE_IDX,01/07/2025,11:19:08,12880.89,0,0,0,0,0,0
FINSER.BSE_IDX,01/07/2025,11:19:15,12880.08,0,0,0,0,0,0
FINSER.BSE_IDX,01/07/2025,11:19:23,12879.09,0,0,0,0,0,0
FINSER.BSE_IDX,01/07/2025,11:19:31,12878.36,0,0,0,0,0,0
FINSER.BSE_IDX,01/07/2025,11:19:39,12877.94,0,0,0,0,0,0
FINSER.BSE_IDX,01/07/2025,11:19:47,12878.3,0,0,0,0,0,0
FINSER.BSE_IDX,01/07/2025,11:19:55,12876.49,0,0,0,0,0,0
FINSER.BSE_IDX,01/07/2025,11:20:03,12875.56,0,0,0,0,0,0
FINSER.BSE_IDX,01/07/2025,11:20:11,12876.94,0,0,0,0,0,0
FINSER.BSE_IDX,01/07/2025,11:20:19,12877.4,0,0,0,0,0,0
FINSER.BSE_IDX,01/07/2025,11:20:27,12878.27,0,0,0,0,0,0
FINSER.BSE_IDX,01/07/2025,11:20:35,12878.73,0,0,0,0,0,0
FINSER.BSE_IDX,01/07/2025,11:20:43,12878.6,0,0,0,0,0,0
FINSER.BSE_IDX,01/07/2025,11:20:51,12878.28,0,0,0,0,0,0
FINSER.BSE_IDX,01/07/2025,11:20:59,12878.64,0,0,0,0,0,0
FINSER.BSE_IDX,01/07/2025,11:21:07,12879.16,0,0,0,0,0,0
FINSER.BSE_IDX,01/07/2025,11:21:15,12879.45,0,0,0,0,0,0
FINSER.BSE_IDX,01/07/2025,11:21:24,12879.43,0,0,0,0,0,0
FINSER.BSE_IDX,01/07/2025,11:21:31,12880.63,0,0,0,0,0,0
FINSER.BSE_IDX,01/07/2025,11:21:39,12879.88,0,0,0,0,0,0
FINSER.BSE_IDX,01/07/2025,11:21:47,12879.73,0,0,0,0,0,0
FINSER.BSE_IDX,01/07/2025,11:21:56,12879.6,0,0,0,0,0,0
FINSER.BSE_IDX,01/07/2025,11:22:03,12879.31,0,0,0,0,0,0
FINSER.BSE_IDX,01/07/2025,11:22:11,12878.88,0,0,0,0,0,0
FINSER.BSE_IDX,01/07/2025,11:22:19,12878.85,0,0,0,0,0,0
FINSER.BSE_IDX,01/07/2025,11:22:28,12878.84,0,0,0,0,0,0
FINSER.BSE_IDX,01/07/2025,11:22:35,12878.88,0,0,0,0,0,0
FINSER.BSE_IDX,01/07/2025,11:22:43,12879.65,0,0,0,0,0,0
FINSER.BSE_IDX,01/07/2025,11:22:51,12879.15,0,0,0,0,0,0
FINSER.BSE_IDX,01/07/2025,11:22:59,12879.97,0,0,0,0,0,0
FINSER.BSE_IDX,01/07/2025,11:23:07,12879.87,0,0,0,0,0,0
FINSER.BSE_IDX,01/07/2025,11:23:15,12879.96,0,0,0,0,0,0
FINSER.BSE_IDX,01/07/2025,11:23:23,12879.77,0,0,0,0,0,0
FINSER.BSE_IDX,01/07/2025,11:23:31,12879.9,0,0,0,0,0,0
FINSER.BSE_IDX,01/07/2025,11:23:39,12879.71,0,0,0,0,0,0
FINSER.BSE_IDX,01/07/2025,11:23:47,12879.4,0,0,0,0,0,0
FINSER.BSE_IDX,01/07/2025,11:23:55,12879.34,0,0,0,0,0,0
FINSER.BSE_IDX,01/07/2025,11:24:04,12879.63,0,0,0,0,0,0
FINSER.BSE_IDX,01/07/2025,11:24:11,12879.79,0,0,0,0,0,0
FINSER.BSE_IDX,01/07/2025,11:24:19,12878.99,0,0,0,0,0,0
FINSER.BSE_IDX,01/07/2025,11:24:27,12878.45,0,0,0,0,0,0
FINSER.BSE_IDX,01/07/2025,11:24:35,12878.68,0,0,0,0,0,0
FINSER.BSE_IDX,01/07/2025,11:24:43,12878.56,0,0,0,0,0,0
FINSER.BSE_IDX,01/07/2025,11:24:52,12878.06,0,0,0,0,0,0
FINSER.BSE_IDX,01/07/2025,11:25:00,12878.23,0,0,0,0,0,0
FINSER.BSE_IDX,01/07/2025,11:25:07,12879.33,0,0,0,0,0,0
FINSER.BSE_IDX,01/07/2025,11:25:15,12880.36,0,0,0,0,0,0
FINSER.BSE_IDX,01/07/2025,11:25:23,12879.86,0,0,0,0,0,0
FINSER.BSE_IDX,01/07/2025,11:25:31,12879.86,0,0,0,0,0,0
FINSER.BSE_IDX,01/07/2025,11:25:41,12880.26,0,0,0,0,0,0
FINSER.BSE_IDX,01/07/2025,11:25:47,12878.3,0,0,0,0,0,0
FINSER.BSE_IDX,01/07/2025,11:25:55,12877.6,0,0,0,0,0,0
FINSER.BSE_IDX,01/07/2025,11:26:03,12877.57,0,0,0,0,0,0
FINSER.BSE_IDX,01/07/2025,11:26:11,12877.28,0,0,0,0,0,0
FINSER.BSE_IDX,01/07/2025,11:26:19,12877.15,0,0,0,0,0,0
FINSER.BSE_IDX,01/07/2025,11:26:27,12876.87,0,0,0,0,0,0
FINSER.BSE_IDX,01/07/2025,11:26:35,12876.35,0,0,0,0,0,0
FINSER.BSE_IDX,01/07/2025,11:26:43,12875.44,0,0,0,0,0,0
FINSER.BSE_IDX,01/07/2025,11:26:51,12875.21,0,0,0,0,0,0
FINSER.BSE_IDX,01/07/2025,11:26:59,12875.48,0,0,0,0,0,0
FINSER.BSE_IDX,01/07/2025,11:27:07,12875.4,0,0,0,0,0,0
FINSER.BSE_IDX,01/07/2025,11:27:15,12875.22,0,0,0,0,0,0
FINSER.BSE_IDX,01/07/2025,11:27:23,12875.35,0,0,0,0,0,0
FINSER.BSE_IDX,01/07/2025,11:27:31,12874.62,0,0,0,0,0,0
FINSER.BSE_IDX,01/07/2025,11:27:39,12875.82,0,0,0,0,0,0
FINSER.BSE_IDX,01/07/2025,11:27:47,12875.62,0,0,0,0,0,0
FINSER.BSE_IDX,01/07/2025,11:27:55,12877.06,0,0,0,0,0,0
FINSER.BSE_IDX,01/07/2025,11:28:03,12877.05,0,0,0,0,0,0
FINSER.BSE_IDX,01/07/2025,11:28:11,12875.95,0,0,0,0,0,0
FINSER.BSE_IDX,01/07/2025,11:28:19,12875.66,0,0,0,0,0,0
FINSER.BSE_IDX,01/07/2025,11:28:27,12876.55,0,0,0,0,0,0
FINSER.BSE_IDX,01/07/2025,11:28:36,12877.25,0,0,0,0,0,0
FINSER.BSE_IDX,01/07/2025,11:28:43,12878.57,0,0,0,0,0,0
FINSER.BSE_IDX,01/07/2025,11:28:51,12878.12,0,0,0,0,0,0
FINSER.BSE_IDX,01/07/2025,11:28:59,12878.85,0,0,0,0,0,0
FINSER.BSE_IDX,01/07/2025,11:29:07,12877.36,0,0,0,0,0,0
FINSER.BSE_IDX,01/07/2025,11:29:16,12877.66,0,0,0,0,0,0
FINSER.BSE_IDX,01/07/2025,11:29:24,12878.03,0,0,0,0,0,0
FINSER.BSE_IDX,01/07/2025,11:29:31,12878.16,0,0,0,0,0,0
FINSER.BSE_IDX,01/07/2025,11:29:39,12879.33,0,0,0,0,0,0
FINSER.BSE_IDX,01/07/2025,11:29:47,12880.25,0,0,0,0,0,0
FINSER.BSE_IDX,01/07/2025,11:29:55,12881.18,0,0,0,0,0,0
FINSER.BSE_IDX,01/07/2025,11:30:03,12883.27,0,0,0,0,0,0
FINSER.BSE_IDX,01/07/2025,11:30:11,12883.22,0,0,0,0,0,0
FINSER.BSE_IDX,01/07/2025,11:30:19,12883.13,0,0,0,0,0,0
FINSER.BSE_IDX,01/07/2025,11:30:27,12882.84,0,0,0,0,0,0
FINSER.BSE_IDX,01/07/2025,11:30:35,12882.67,0,0,0,0,0,0
FINSER.BSE_IDX,01/07/2025,11:30:43,12884.01,0,0,0,0,0,0
FINSER.BSE_IDX,01/07/2025,11:30:51,12884.19,0,0,0,0,0,0
FINSER.BSE_IDX,01/07/2025,11:30:59,12884.37,0,0,0,0,0,0
FINSER.BSE_IDX,01/07/2025,11:31:07,12882.87,0,0,0,0,0,0
FINSER.BSE_IDX,01/07/2025,11:31:15,12883.17,0,0,0,0,0,0
FINSER.BSE_IDX,01/07/2025,11:31:23,12882.42,0,0,0,0,0,0
FINSER.BSE_IDX,01/07/2025,11:31:31,12880.17,0,0,0,0,0,0
FINSER.BSE_IDX,01/07/2025,11:31:39,12879.99,0,0,0,0,0,0
FINSER.BSE_IDX,01/07/2025,11:31:47,12881.12,0,0,0,0,0,0
FINSER.BSE_IDX,01/07/2025,11:31:55,12881.14,0,0,0,0,0,0
FINSER.BSE_IDX,01/07/2025,11:32:04,12880.02,0,0,0,0,0,0
FINSER.BSE_IDX,01/07/2025,11:32:11,12879.65,0,0,0,0,0,0
FINSER.BSE_IDX,01/07/2025,11:32:19,12880.54,0,0,0,0,0,0
FINSER.BSE_IDX,01/07/2025,11:32:27,12880.42,0,0,0,0,0,0
FINSER.BSE_IDX,01/07/2025,11:32:35,12880.49,0,0,0,0,0,0
FINSER.BSE_IDX,01/07/2025,11:32:43,12880.84,0,0,0,0,0,0
FINSER.BSE_IDX,01/07/2025,11:32:51,12880.2,0,0,0,0,0,0
FINSER.BSE_IDX,01/07/2025,11:32:59,12879.9,0,0,0,0,0,0
FINSER.BSE_IDX,01/07/2025,11:33:07,12879.22,0,0,0,0,0,0
FINSER.BSE_IDX,01/07/2025,11:33:15,12877.74,0,0,0,0,0,0
FINSER.BSE_IDX,01/07/2025,11:33:23,12877.89,0,0,0,0,0,0
FINSER.BSE_IDX,01/07/2025,11:33:31,12877.7,0,0,0,0,0,0
FINSER.BSE_IDX,01/07/2025,11:33:39,12878.83,0,0,0,0,0,0
FINSER.BSE_IDX,01/07/2025,11:33:47,12877.48,0,0,0,0,0,0
FINSER.BSE_IDX,01/07/2025,11:33:55,12877.49,0,0,0,0,0,0
FINSER.BSE_IDX,01/07/2025,11:34:03,12877.29,0,0,0,0,0,0
FINSER.BSE_IDX,01/07/2025,11:34:12,12875.99,0,0,0,0,0,0
FINSER.BSE_IDX,01/07/2025,11:34:19,12876.08,0,0,0,0,0,0
FINSER.BSE_IDX,01/07/2025,11:34:27,12875.05,0,0,0,0,0,0
FINSER.BSE_IDX,01/07/2025,11:34:35,12875.11,0,0,0,0,0,0
FINSER.BSE_IDX,01/07/2025,11:34:43,12875.64,0,0,0,0,0,0
FINSER.BSE_IDX,01/07/2025,11:34:51,12875.47,0,0,0,0,0,0
FINSER.BSE_IDX,01/07/2025,11:34:59,12874.75,0,0,0,0,0,0
FINSER.BSE_IDX,01/07/2025,11:35:07,12874.41,0,0,0,0,0,0
FINSER.BSE_IDX,01/07/2025,11:35:16,12874.61,0,0,0,0,0,0
FINSER.BSE_IDX,01/07/2025,11:35:23,12877.16,0,0,0,0,0,0
FINSER.BSE_IDX,01/07/2025,11:35:32,12876.5,0,0,0,0,0,0
FINSER.BSE_IDX,01/07/2025,11:35:39,12875.91,0,0,0,0,0,0
FINSER.BSE_IDX,01/07/2025,11:35:47,12875.37,0,0,0,0,0,0
FINSER.BSE_IDX,01/07/2025,11:35:55,12875.37,0,0,0,0,0,0
FINSER.BSE_IDX,01/07/2025,11:36:04,12875.49,0,0,0,0,0,0
FINSER.BSE_IDX,01/07/2025,11:36:11,12876,0,0,0,0,0,0
FINSER.BSE_IDX,01/07/2025,11:36:19,12875.64,0,0,0,0,0,0
FINSER.BSE_IDX,01/07/2025,11:36:28,12875.21,0,0,0,0,0,0
FINSER.BSE_IDX,01/07/2025,11:36:35,12875.38,0,0,0,0,0,0
FINSER.BSE_IDX,01/07/2025,11:36:43,12875.84,0,0,0,0,0,0
FINSER.BSE_IDX,01/07/2025,11:36:54,12876.73,0,0,0,0,0,0
FINSER.BSE_IDX,01/07/2025,11:36:59,12876.79,0,0,0,0,0,0
FINSER.BSE_IDX,01/07/2025,11:37:07,12876.93,0,0,0,0,0,0
FINSER.BSE_IDX,01/07/2025,11:37:15,12877.47,0,0,0,0,0,0
FINSER.BSE_IDX,01/07/2025,11:37:23,12877.52,0,0,0,0,0,0
FINSER.BSE_IDX,01/07/2025,11:37:31,12877.96,0,0,0,0,0,0
FINSER.BSE_IDX,01/07/2025,11:37:41,12877.51,0,0,0,0,0,0
FINSER.BSE_IDX,01/07/2025,11:37:47,12877.69,0,0,0,0,0,0
FINSER.BSE_IDX,01/07/2025,11:37:55,12878.1,0,0,0,0,0,0
FINSER.BSE_IDX,01/07/2025,11:38:03,12878.97,0,0,0,0,0,0
FINSER.BSE_IDX,01/07/2025,11:38:11,12877.92,0,0,0,0,0,0
FINSER.BSE_IDX,01/07/2025,11:38:20,12878.08,0,0,0,0,0,0
FINSER.BSE_IDX,01/07/2025,11:38:27,12877.39,0,0,0,0,0,0
FINSER.BSE_IDX,01/07/2025,11:38:35,12877.89,0,0,0,0,0,0
FINSER.BSE_IDX,01/07/2025,11:38:43,12877.6,0,0,0,0,0,0
FINSER.BSE_IDX,01/07/2025,11:38:51,12877.62,0,0,0,0,0,0
FINSER.BSE_IDX,01/07/2025,11:38:59,12876.22,0,0,0,0,0,0
FINSER.BSE_IDX,01/07/2025,11:39:07,12876.54,0,0,0,0,0,0
FINSER.BSE_IDX,01/07/2025,11:39:16,12876.55,0,0,0,0,0,0
FINSER.BSE_IDX,01/07/2025,11:39:23,12877.22,0,0,0,0,0,0
FINSER.BSE_IDX,01/07/2025,11:39:31,12877.59,0,0,0,0,0,0
FINSER.BSE_IDX,01/07/2025,11:39:39,12876.34,0,0,0,0,0,0
FINSER.BSE_IDX,01/07/2025,11:39:47,12876.77,0,0,0,0,0,0
FINSER.BSE_IDX,01/07/2025,11:39:55,12876.96,0,0,0,0,0,0
FINSER.BSE_IDX,01/07/2025,11:40:03,12877.9,0,0,0,0,0,0
FINSER.BSE_IDX,01/07/2025,11:40:11,12877.95,0,0,0,0,0,0
FINSER.BSE_IDX,01/07/2025,11:40:19,12877.7,0,0,0,0,0,0
FINSER.BSE_IDX,01/07/2025,11:40:27,12877.69,0,0,0,0,0,0
FINSER.BSE_IDX,01/07/2025,11:40:35,12877.69,0,0,0,0,0,0
FINSER.BSE_IDX,01/07/2025,11:40:43,12878.13,0,0,0,0,0,0
FINSER.BSE_IDX,01/07/2025,11:40:51,12876.84,0,0,0,0,0,0
FINSER.BSE_IDX,01/07/2025,11:41:00,12878.16,0,0,0,0,0,0
FINSER.BSE_IDX,01/07/2025,11:41:07,12878.34,0,0,0,0,0,0
FINSER.BSE_IDX,01/07/2025,11:41:15,12878.36,0,0,0,0,0,0
FINSER.BSE_IDX,01/07/2025,11:41:24,12879.02,0,0,0,0,0,0
FINSER.BSE_IDX,01/07/2025,11:41:32,12878.12,0,0,0,0,0,0
FINSER.BSE_IDX,01/07/2025,11:41:39,12878.09,0,0,0,0,0,0
FINSER.BSE_IDX,01/07/2025,11:41:48,12876.67,0,0,0,0,0,0
FINSER.BSE_IDX,01/07/2025,11:41:56,12875.18,0,0,0,0,0,0
FINSER.BSE_IDX,01/07/2025,11:42:04,12876.64,0,0,0,0,0,0
FINSER.BSE_IDX,01/07/2025,11:42:12,12876.59,0,0,0,0,0,0
FINSER.BSE_IDX,01/07/2025,11:42:20,12876.72,0,0,0,0,0,0
FINSER.BSE_IDX,01/07/2025,11:42:28,12876.28,0,0,0,0,0,0
FINSER.BSE_IDX,01/07/2025,11:42:36,12878.41,0,0,0,0,0,0
FINSER.BSE_IDX,01/07/2025,11:42:44,12878.09,0,0,0,0,0,0
FINSER.BSE_IDX,01/07/2025,11:42:52,12878.57,0,0,0,0,0,0
FINSER.BSE_IDX,01/07/2025,11:43:00,12878.89,0,0,0,0,0,0
FINSER.BSE_IDX,01/07/2025,11:43:08,12877.91,0,0,0,0,0,0
FINSER.BSE_IDX,01/07/2025,11:43:16,12878.71,0,0,0,0,0,0
FINSER.BSE_IDX,01/07/2025,11:43:24,12882.05,0,0,0,0,0,0
FINSER.BSE_IDX,01/07/2025,11:43:32,12881.94,0,0,0,0,0,0
FINSER.BSE_IDX,01/07/2025,11:43:40,12881.42,0,0,0,0,0,0
FINSER.BSE_IDX,01/07/2025,11:43:48,12881.17,0,0,0,0,0,0
FINSER.BSE_IDX,01/07/2025,11:43:56,12881.16,0,0,0,0,0,0
FINSER.BSE_IDX,01/07/2025,11:44:04,12881.74,0,0,0,0,0,0
FINSER.BSE_IDX,01/07/2025,11:44:12,12882.53,0,0,0,0,0,0
FINSER.BSE_IDX,01/07/2025,11:44:20,12882.65,0,0,0,0,0,0
FINSER.BSE_IDX,01/07/2025,11:44:28,12879.52,0,0,0,0,0,0
FINSER.BSE_IDX,01/07/2025,11:44:36,12877.6,0,0,0,0,0,0
FINSER.BSE_IDX,01/07/2025,11:44:44,12876.68,0,0,0,0,0,0
FINSER.BSE_IDX,01/07/2025,11:44:52,12875.02,0,0,0,0,0,0
FINSER.BSE_IDX,01/07/2025,11:45:00,12875.94,0,0,0,0,0,0
FINSER.BSE_IDX,01/07/2025,11:45:08,12877.63,0,0,0,0,0,0
FINSER.BSE_IDX,01/07/2025,11:45:16,12877.99,0,0,0,0,0,0
FINSER.BSE_IDX,01/07/2025,11:45:24,12878.22,0,0,0,0,0,0
FINSER.BSE_IDX,01/07/2025,11:45:32,12878.15,0,0,0,0,0,0
FINSER.BSE_IDX,01/07/2025,11:45:40,12878.99,0,0,0,0,0,0
FINSER.BSE_IDX,01/07/2025,11:45:48,12880.6,0,0,0,0,0,0
FINSER.BSE_IDX,01/07/2025,11:45:56,12881.36,0,0,0,0,0,0
FINSER.BSE_IDX,01/07/2025,11:46:04,12883.64,0,0,0,0,0,0
FINSER.BSE_IDX,01/07/2025,11:46:12,12885.36,0,0,0,0,0,0
FINSER.BSE_IDX,01/07/2025,11:46:20,12882.71,0,0,0,0,0,0
FINSER.BSE_IDX,01/07/2025,11:46:28,12881.87,0,0,0,0,0,0
FINSER.BSE_IDX,01/07/2025,11:46:36,12881.91,0,0,0,0,0,0
FINSER.BSE_IDX,01/07/2025,11:46:44,12882.32,0,0,0,0,0,0
FINSER.BSE_IDX,01/07/2025,11:46:52,12884.55,0,0,0,0,0,0
FINSER.BSE_IDX,01/07/2025,11:47:00,12884.74,0,0,0,0,0,0
FINSER.BSE_IDX,01/07/2025,11:47:08,12884.44,0,0,0,0,0,0
FINSER.BSE_IDX,01/07/2025,11:47:16,12882.5,0,0,0,0,0,0
FINSER.BSE_IDX,01/07/2025,11:47:24,12881.86,0,0,0,0,0,0
FINSER.BSE_IDX,01/07/2025,11:47:32,12882.39,0,0,0,0,0,0
FINSER.BSE_IDX,01/07/2025,11:47:40,12882.8,0,0,0,0,0,0
FINSER.BSE_IDX,01/07/2025,11:47:48,12882.41,0,0,0,0,0,0
FINSER.BSE_IDX,01/07/2025,11:47:56,12879.73,0,0,0,0,0,0
FINSER.BSE_IDX,01/07/2025,11:48:04,12879.7,0,0,0,0,0,0
FINSER.BSE_IDX,01/07/2025,11:48:12,12879.43,0,0,0,0,0,0
FINSER.BSE_IDX,01/07/2025,11:48:20,12880.31,0,0,0,0,0,0
FINSER.BSE_IDX,01/07/2025,11:48:28,12880.35,0,0,0,0,0,0
FINSER.BSE_IDX,01/07/2025,11:48:36,12881.13,0,0,0,0,0,0
FINSER.BSE_IDX,01/07/2025,11:48:44,12881.72,0,0,0,0,0,0
FINSER.BSE_IDX,01/07/2025,11:48:52,12882.23,0,0,0,0,0,0
FINSER.BSE_IDX,01/07/2025,11:49:01,12882.4,0,0,0,0,0,0
FINSER.BSE_IDX,01/07/2025,11:49:09,12882.16,0,0,0,0,0,0
FINSER.BSE_IDX,01/07/2025,11:49:16,12882.25,0,0,0,0,0,0
FINSER.BSE_IDX,01/07/2025,11:49:24,12881.93,0,0,0,0,0,0
FINSER.BSE_IDX,01/07/2025,11:49:32,12881.57,0,0,0,0,0,0
FINSER.BSE_IDX,01/07/2025,11:49:40,12881.64,0,0,0,0,0,0
FINSER.BSE_IDX,01/07/2025,11:49:49,12880.17,0,0,0,0,0,0
FINSER.BSE_IDX,01/07/2025,11:49:56,12880.82,0,0,0,0,0,0
FINSER.BSE_IDX,01/07/2025,11:50:04,12880.81,0,0,0,0,0,0
FINSER.BSE_IDX,01/07/2025,11:50:12,12880.51,0,0,0,0,0,0
FINSER.BSE_IDX,01/07/2025,11:50:20,12880.29,0,0,0,0,0,0
FINSER.BSE_IDX,01/07/2025,11:50:28,12881.48,0,0,0,0,0,0
FINSER.BSE_IDX,01/07/2025,11:50:36,12881.25,0,0,0,0,0,0
FINSER.BSE_IDX,01/07/2025,11:50:44,12882.19,0,0,0,0,0,0
FINSER.BSE_IDX,01/07/2025,11:50:52,12881.34,0,0,0,0,0,0
FINSER.BSE_IDX,01/07/2025,11:51:00,12881.08,0,0,0,0,0,0
FINSER.BSE_IDX,01/07/2025,11:51:08,12882.44,0,0,0,0,0,0
FINSER.BSE_IDX,01/07/2025,11:51:16,12882.62,0,0,0,0,0,0
FINSER.BSE_IDX,01/07/2025,11:51:24,12881.13,0,0,0,0,0,0
FINSER.BSE_IDX,01/07/2025,11:51:32,12881.69,0,0,0,0,0,0
FINSER.BSE_IDX,01/07/2025,11:51:40,12883.24,0,0,0,0,0,0
FINSER.BSE_IDX,01/07/2025,11:51:48,12883.32,0,0,0,0,0,0
FINSER.BSE_IDX,01/07/2025,11:51:56,12883.63,0,0,0,0,0,0
FINSER.BSE_IDX,01/07/2025,11:52:04,12882.73,0,0,0,0,0,0
FINSER.BSE_IDX,01/07/2025,11:52:12,12880.92,0,0,0,0,0,0
FINSER.BSE_IDX,01/07/2025,11:52:20,12880.49,0,0,0,0,0,0
FINSER.BSE_IDX,01/07/2025,11:52:28,12881.27,0,0,0,0,0,0
FINSER.BSE_IDX,01/07/2025,11:52:36,12880.51,0,0,0,0,0,0
FINSER.BSE_IDX,01/07/2025,11:52:44,12880.4,0,0,0,0,0,0
FINSER.BSE_IDX,01/07/2025,11:52:52,12880.28,0,0,0,0,0,0
FINSER.BSE_IDX,01/07/2025,11:53:00,12879.89,0,0,0,0,0,0
FINSER.BSE_IDX,01/07/2025,11:53:08,12879.58,0,0,0,0,0,0
FINSER.BSE_IDX,01/07/2025,11:53:16,12879.24,0,0,0,0,0,0
FINSER.BSE_IDX,01/07/2025,11:53:24,12879.25,0,0,0,0,0,0
FINSER.BSE_IDX,01/07/2025,11:53:32,12879.07,0,0,0,0,0,0
FINSER.BSE_IDX,01/07/2025,11:53:40,12879.22,0,0,0,0,0,0
FINSER.BSE_IDX,01/07/2025,11:53:48,12879.07,0,0,0,0,0,0
FINSER.BSE_IDX,01/07/2025,11:53:56,12879.38,0,0,0,0,0,0
FINSER.BSE_IDX,01/07/2025,11:54:04,12880.27,0,0,0,0,0,0
FINSER.BSE_IDX,01/07/2025,11:54:12,12879.26,0,0,0,0,0,0
FINSER.BSE_IDX,01/07/2025,11:54:20,12878.85,0,0,0,0,0,0
FINSER.BSE_IDX,01/07/2025,11:54:28,12878.77,0,0,0,0,0,0
FINSER.BSE_IDX,01/07/2025,11:54:36,12878.69,0,0,0,0,0,0
FINSER.BSE_IDX,01/07/2025,11:54:44,12878.53,0,0,0,0,0,0
FINSER.BSE_IDX,01/07/2025,11:54:52,12878.43,0,0,0,0,0,0
FINSER.BSE_IDX,01/07/2025,11:55:00,12878.51,0,0,0,0,0,0
FINSER.BSE_IDX,01/07/2025,11:55:08,12878.87,0,0,0,0,0,0
FINSER.BSE_IDX,01/07/2025,11:55:17,12878.59,0,0,0,0,0,0
FINSER.BSE_IDX,01/07/2025,11:55:24,12878.65,0,0,0,0,0,0
FINSER.BSE_IDX,01/07/2025,11:55:32,12878.44,0,0,0,0,0,0
FINSER.BSE_IDX,01/07/2025,11:55:40,12878.54,0,0,0,0,0,0
FINSER.BSE_IDX,01/07/2025,11:55:48,12878.99,0,0,0,0,0,0
FINSER.BSE_IDX,01/07/2025,11:55:56,12878.89,0,0,0,0,0,0
FINSER.BSE_IDX,01/07/2025,11:56:05,12879.04,0,0,0,0,0,0
FINSER.BSE_IDX,01/07/2025,11:56:12,12877.84,0,0,0,0,0,0
FINSER.BSE_IDX,01/07/2025,11:56:20,12876.31,0,0,0,0,0,0
FINSER.BSE_IDX,01/07/2025,11:56:28,12875.46,0,0,0,0,0,0
FINSER.BSE_IDX,01/07/2025,11:56:36,12875.29,0,0,0,0,0,0
FINSER.BSE_IDX,01/07/2025,11:56:44,12878.22,0,0,0,0,0,0
FINSER.BSE_IDX,01/07/2025,11:56:52,12876.37,0,0,0,0,0,0
FINSER.BSE_IDX,01/07/2025,11:57:00,12876.48,0,0,0,0,0,0
FINSER.BSE_IDX,01/07/2025,11:57:08,12876.11,0,0,0,0,0,0
FINSER.BSE_IDX,01/07/2025,11:57:16,12876.26,0,0,0,0,0,0
FINSER.BSE_IDX,01/07/2025,11:57:24,12876.22,0,0,0,0,0,0
FINSER.BSE_IDX,01/07/2025,11:57:32,12875.05,0,0,0,0,0,0
FINSER.BSE_IDX,01/07/2025,11:57:40,12875.3,0,0,0,0,0,0
FINSER.BSE_IDX,01/07/2025,11:57:48,12876.71,0,0,0,0,0,0
FINSER.BSE_IDX,01/07/2025,11:57:56,12876.4,0,0,0,0,0,0
FINSER.BSE_IDX,01/07/2025,11:58:04,12876.61,0,0,0,0,0,0
FINSER.BSE_IDX,01/07/2025,11:58:12,12876.86,0,0,0,0,0,0
FINSER.BSE_IDX,01/07/2025,11:58:20,12876.57,0,0,0,0,0,0
FINSER.BSE_IDX,01/07/2025,11:58:28,12876.68,0,0,0,0,0,0
FINSER.BSE_IDX,01/07/2025,11:58:36,12877.68,0,0,0,0,0,0
FINSER.BSE_IDX,01/07/2025,11:58:44,12877.46,0,0,0,0,0,0
FINSER.BSE_IDX,01/07/2025,11:58:52,12877.16,0,0,0,0,0,0
FINSER.BSE_IDX,01/07/2025,11:59:00,12876.66,0,0,0,0,0,0
FINSER.BSE_IDX,01/07/2025,11:59:08,12877.52,0,0,0,0,0,0
FINSER.BSE_IDX,01/07/2025,11:59:16,12877.63,0,0,0,0,0,0
FINSER.BSE_IDX,01/07/2025,11:59:24,12877.64,0,0,0,0,0,0
FINSER.BSE_IDX,01/07/2025,11:59:32,12878.91,0,0,0,0,0,0
FINSER.BSE_IDX,01/07/2025,11:59:40,12879.51,0,0,0,0,0,0
FINSER.BSE_IDX,01/07/2025,11:59:48,12880.38,0,0,0,0,0,0
FINSER.BSE_IDX,01/07/2025,11:59:56,12880.5,0,0,0,0,0,0
FINSER.BSE_IDX,01/07/2025,12:00:05,12880.9,0,0,0,0,0,0
FINSER.BSE_IDX,01/07/2025,12:00:12,12880.13,0,0,0,0,0,0
FINSER.BSE_IDX,01/07/2025,12:00:20,12879.26,0,0,0,0,0,0
FINSER.BSE_IDX,01/07/2025,12:00:28,12878.93,0,0,0,0,0,0
FINSER.BSE_IDX,01/07/2025,12:00:37,12879.61,0,0,0,0,0,0
FINSER.BSE_IDX,01/07/2025,12:00:44,12878.91,0,0,0,0,0,0
FINSER.BSE_IDX,01/07/2025,12:00:52,12879.74,0,0,0,0,0,0
FINSER.BSE_IDX,01/07/2025,12:01:00,12879.31,0,0,0,0,0,0
FINSER.BSE_IDX,01/07/2025,12:01:08,12879.57,0,0,0,0,0,0
FINSER.BSE_IDX,01/07/2025,12:01:16,12879.4,0,0,0,0,0,0
FINSER.BSE_IDX,01/07/2025,12:01:24,12880.59,0,0,0,0,0,0
FINSER.BSE_IDX,01/07/2025,12:01:32,12880.71,0,0,0,0,0,0
FINSER.BSE_IDX,01/07/2025,12:01:40,12880.99,0,0,0,0,0,0
FINSER.BSE_IDX,01/07/2025,12:01:48,12880.87,0,0,0,0,0,0
FINSER.BSE_IDX,01/07/2025,12:01:57,12880.32,0,0,0,0,0,0
FINSER.BSE_IDX,01/07/2025,12:02:04,12880.44,0,0,0,0,0,0
FINSER.BSE_IDX,01/07/2025,12:02:12,12881.68,0,0,0,0,0,0
FINSER.BSE_IDX,01/07/2025,12:02:20,12881.08,0,0,0,0,0,0
FINSER.BSE_IDX,01/07/2025,12:02:28,12881.07,0,0,0,0,0,0
FINSER.BSE_IDX,01/07/2025,12:02:36,12881.02,0,0,0,0,0,0
FINSER.BSE_IDX,01/07/2025,12:02:44,12880.4,0,0,0,0,0,0
FINSER.BSE_IDX,01/07/2025,12:02:52,12881.97,0,0,0,0,0,0
FINSER.BSE_IDX,01/07/2025,12:03:00,12882.14,0,0,0,0,0,0
FINSER.BSE_IDX,01/07/2025,12:03:08,12882.46,0,0,0,0,0,0
FINSER.BSE_IDX,01/07/2025,12:03:17,12883.02,0,0,0,0,0,0
FINSER.BSE_IDX,01/07/2025,12:03:24,12882.83,0,0,0,0,0,0
FINSER.BSE_IDX,01/07/2025,12:03:32,12883.51,0,0,0,0,0,0
FINSER.BSE_IDX,01/07/2025,12:03:40,12883.66,0,0,0,0,0,0
FINSER.BSE_IDX,01/07/2025,12:03:48,12883.1,0,0,0,0,0,0
FINSER.BSE_IDX,01/07/2025,12:03:56,12883.19,0,0,0,0,0,0
FINSER.BSE_IDX,01/07/2025,12:04:04,12883.06,0,0,0,0,0,0
FINSER.BSE_IDX,01/07/2025,12:04:12,12883.45,0,0,0,0,0,0
FINSER.BSE_IDX,01/07/2025,12:04:20,12883.29,0,0,0,0,0,0
FINSER.BSE_IDX,01/07/2025,12:04:28,12884.46,0,0,0,0,0,0
FINSER.BSE_IDX,01/07/2025,12:04:36,12884.32,0,0,0,0,0,0
FINSER.BSE_IDX,01/07/2025,12:04:44,12884.32,0,0,0,0,0,0
FINSER.BSE_IDX,01/07/2025,12:04:52,12883.32,0,0,0,0,0,0
FINSER.BSE_IDX,01/07/2025,12:05:01,12882.61,0,0,0,0,0,0
FINSER.BSE_IDX,01/07/2025,12:05:08,12883.05,0,0,0,0,0,0
FINSER.BSE_IDX,01/07/2025,12:05:16,12883.56,0,0,0,0,0,0
FINSER.BSE_IDX,01/07/2025,12:05:24,12883.23,0,0,0,0,0,0
FINSER.BSE_IDX,01/07/2025,12:05:32,12883.16,0,0,0,0,0,0
FINSER.BSE_IDX,01/07/2025,12:05:40,12883.31,0,0,0,0,0,0
FINSER.BSE_IDX,01/07/2025,12:05:48,12882.01,0,0,0,0,0,0
FINSER.BSE_IDX,01/07/2025,12:05:56,12883.22,0,0,0,0,0,0
FINSER.BSE_IDX,01/07/2025,12:06:04,12884.49,0,0,0,0,0,0
FINSER.BSE_IDX,01/07/2025,12:06:12,12886.01,0,0,0,0,0,0
FINSER.BSE_IDX,01/07/2025,12:06:20,12886.96,0,0,0,0,0,0
FINSER.BSE_IDX,01/07/2025,12:06:28,12886.04,0,0,0,0,0,0
FINSER.BSE_IDX,01/07/2025,12:06:36,12884.4,0,0,0,0,0,0
FINSER.BSE_IDX,01/07/2025,12:06:44,12885.27,0,0,0,0,0,0
FINSER.BSE_IDX,01/07/2025,12:06:53,12885.39,0,0,0,0,0,0
FINSER.BSE_IDX,01/07/2025,12:07:00,12883.4,0,0,0,0,0,0
FINSER.BSE_IDX,01/07/2025,12:07:08,12883.2,0,0,0,0,0,0
FINSER.BSE_IDX,01/07/2025,12:07:16,12882.63,0,0,0,0,0,0
FINSER.BSE_IDX,01/07/2025,12:07:24,12882.43,0,0,0,0,0,0
FINSER.BSE_IDX,01/07/2025,12:07:32,12883.1,0,0,0,0,0,0
FINSER.BSE_IDX,01/07/2025,12:07:40,12883.2,0,0,0,0,0,0
FINSER.BSE_IDX,01/07/2025,12:07:48,12882.71,0,0,0,0,0,0
FINSER.BSE_IDX,01/07/2025,12:07:56,12882.9,0,0,0,0,0,0
FINSER.BSE_IDX,01/07/2025,12:08:04,12883.86,0,0,0,0,0,0
FINSER.BSE_IDX,01/07/2025,12:08:12,12883.79,0,0,0,0,0,0
FINSER.BSE_IDX,01/07/2025,12:08:20,12882.24,0,0,0,0,0,0
FINSER.BSE_IDX,01/07/2025,12:08:28,12882.71,0,0,0,0,0,0
FINSER.BSE_IDX,01/07/2025,12:08:36,12881.66,0,0,0,0,0,0
FINSER.BSE_IDX,01/07/2025,12:08:44,12881.77,0,0,0,0,0,0
FINSER.BSE_IDX,01/07/2025,12:08:52,12881.9,0,0,0,0,0,0
FINSER.BSE_IDX,01/07/2025,12:09:00,12882.02,0,0,0,0,0,0
FINSER.BSE_IDX,01/07/2025,12:09:08,12880.2,0,0,0,0,0,0
FINSER.BSE_IDX,01/07/2025,12:09:16,12880.89,0,0,0,0,0,0
FINSER.BSE_IDX,01/07/2025,12:09:25,12880.52,0,0,0,0,0,0
FINSER.BSE_IDX,01/07/2025,12:09:32,12880.46,0,0,0,0,0,0
FINSER.BSE_IDX,01/07/2025,12:09:40,12880.29,0,0,0,0,0,0
FINSER.BSE_IDX,01/07/2025,12:09:48,12880.03,0,0,0,0,0,0
FINSER.BSE_IDX,01/07/2025,12:09:57,12880.36,0,0,0,0,0,0
FINSER.BSE_IDX,01/07/2025,12:10:05,12879.56,0,0,0,0,0,0
FINSER.BSE_IDX,01/07/2025,12:10:13,12878.94,0,0,0,0,0,0
FINSER.BSE_IDX,01/07/2025,12:10:22,12879.15,0,0,0,0,0,0
FINSER.BSE_IDX,01/07/2025,12:10:28,12877.81,0,0,0,0,0,0
FINSER.BSE_IDX,01/07/2025,12:10:36,12877.61,0,0,0,0,0,0
FINSER.BSE_IDX,01/07/2025,12:10:45,12876.98,0,0,0,0,0,0
FINSER.BSE_IDX,01/07/2025,12:10:52,12877.12,0,0,0,0,0,0
FINSER.BSE_IDX,01/07/2025,12:11:00,12877.27,0,0,0,0,0,0
FINSER.BSE_IDX,01/07/2025,12:11:08,12877.83,0,0,0,0,0,0
FINSER.BSE_IDX,01/07/2025,12:11:17,12877.76,0,0,0,0,0,0
FINSER.BSE_IDX,01/07/2025,12:11:24,12877.51,0,0,0,0,0,0
FINSER.BSE_IDX,01/07/2025,12:11:32,12877.37,0,0,0,0,0,0
FINSER.BSE_IDX,01/07/2025,12:11:40,12878.74,0,0,0,0,0,0
FINSER.BSE_IDX,01/07/2025,12:11:49,12880,0,0,0,0,0,0
FINSER.BSE_IDX,01/07/2025,12:11:57,12881.7,0,0,0,0,0,0
FINSER.BSE_IDX,01/07/2025,12:12:05,12880.81,0,0,0,0,0,0
FINSER.BSE_IDX,01/07/2025,12:12:13,12881.35,0,0,0,0,0,0
FINSER.BSE_IDX,01/07/2025,12:12:21,12882.4,0,0,0,0,0,0
FINSER.BSE_IDX,01/07/2025,12:12:29,12882.25,0,0,0,0,0,0
FINSER.BSE_IDX,01/07/2025,12:12:37,12882.56,0,0,0,0,0,0
FINSER.BSE_IDX,01/07/2025,12:12:45,12882.43,0,0,0,0,0,0
FINSER.BSE_IDX,01/07/2025,12:12:53,12882.14,0,0,0,0,0,0
FINSER.BSE_IDX,01/07/2025,12:13:01,12882.84,0,0,0,0,0,0
FINSER.BSE_IDX,01/07/2025,12:13:09,12882.79,0,0,0,0,0,0
FINSER.BSE_IDX,01/07/2025,12:13:17,12882.91,0,0,0,0,0,0
FINSER.BSE_IDX,01/07/2025,12:13:25,12883.34,0,0,0,0,0,0
FINSER.BSE_IDX,01/07/2025,12:13:33,12882.98,0,0,0,0,0,0
FINSER.BSE_IDX,01/07/2025,12:13:41,12883.52,0,0,0,0,0,0
FINSER.BSE_IDX,01/07/2025,12:13:49,12883.89,0,0,0,0,0,0
FINSER.BSE_IDX,01/07/2025,12:13:57,12884.03,0,0,0,0,0,0
FINSER.BSE_IDX,01/07/2025,12:14:05,12883.75,0,0,0,0,0,0
FINSER.BSE_IDX,01/07/2025,12:14:13,12883.39,0,0,0,0,0,0
FINSER.BSE_IDX,01/07/2025,12:14:21,12883.69,0,0,0,0,0,0
FINSER.BSE_IDX,01/07/2025,12:14:29,12883.6,0,0,0,0,0,0
FINSER.BSE_IDX,01/07/2025,12:14:37,12882.95,0,0,0,0,0,0
FINSER.BSE_IDX,01/07/2025,12:14:46,12883.24,0,0,0,0,0,0
FINSER.BSE_IDX,01/07/2025,12:14:54,12883.66,0,0,0,0,0,0
FINSER.BSE_IDX,01/07/2025,12:15:01,12883.35,0,0,0,0,0,0
FINSER.BSE_IDX,01/07/2025,12:15:09,12883.56,0,0,0,0,0,0
FINSER.BSE_IDX,01/07/2025,12:15:17,12885.2,0,0,0,0,0,0
FINSER.BSE_IDX,01/07/2025,12:15:25,12885.37,0,0,0,0,0,0
FINSER.BSE_IDX,01/07/2025,12:15:33,12885.06,0,0,0,0,0,0
FINSER.BSE_IDX,01/07/2025,12:15:41,12883.99,0,0,0,0,0,0
FINSER.BSE_IDX,01/07/2025,12:15:49,12883.6,0,0,0,0,0,0
FINSER.BSE_IDX,01/07/2025,12:15:57,12884.3,0,0,0,0,0,0
FINSER.BSE_IDX,01/07/2025,12:16:05,12883.97,0,0,0,0,0,0
FINSER.BSE_IDX,01/07/2025,12:16:13,12883.42,0,0,0,0,0,0
FINSER.BSE_IDX,01/07/2025,12:16:21,12883.31,0,0,0,0,0,0
FINSER.BSE_IDX,01/07/2025,12:16:29,12883.77,0,0,0,0,0,0
FINSER.BSE_IDX,01/07/2025,12:16:37,12884.79,0,0,0,0,0,0
FINSER.BSE_IDX,01/07/2025,12:16:45,12884.76,0,0,0,0,0,0
FINSER.BSE_IDX,01/07/2025,12:16:53,12883.26,0,0,0,0,0,0
FINSER.BSE_IDX,01/07/2025,12:17:01,12882.52,0,0,0,0,0,0
FINSER.BSE_IDX,01/07/2025,12:17:09,12882.4,0,0,0,0,0,0
FINSER.BSE_IDX,01/07/2025,12:17:17,12882.97,0,0,0,0,0,0
FINSER.BSE_IDX,01/07/2025,12:17:25,12882.23,0,0,0,0,0,0
FINSER.BSE_IDX,01/07/2025,12:17:33,12882.23,0,0,0,0,0,0
FINSER.BSE_IDX,01/07/2025,12:17:41,12882.93,0,0,0,0,0,0
FINSER.BSE_IDX,01/07/2025,12:17:49,12883.59,0,0,0,0,0,0
FINSER.BSE_IDX,01/07/2025,12:17:57,12883.66,0,0,0,0,0,0
FINSER.BSE_IDX,01/07/2025,12:18:05,12884.21,0,0,0,0,0,0
FINSER.BSE_IDX,01/07/2025,12:18:13,12883.94,0,0,0,0,0,0
FINSER.BSE_IDX,01/07/2025,12:18:21,12883.68,0,0,0,0,0,0
FINSER.BSE_IDX,01/07/2025,12:18:29,12883.64,0,0,0,0,0,0
FINSER.BSE_IDX,01/07/2025,12:18:37,12883.82,0,0,0,0,0,0
FINSER.BSE_IDX,01/07/2025,12:18:45,12883.71,0,0,0,0,0,0
FINSER.BSE_IDX,01/07/2025,12:18:53,12884.02,0,0,0,0,0,0
FINSER.BSE_IDX,01/07/2025,12:19:01,12884.72,0,0,0,0,0,0
FINSER.BSE_IDX,01/07/2025,12:19:09,12886.42,0,0,0,0,0,0
FINSER.BSE_IDX,01/07/2025,12:19:17,12886.28,0,0,0,0,0,0
FINSER.BSE_IDX,01/07/2025,12:19:25,12886.52,0,0,0,0,0,0
FINSER.BSE_IDX,01/07/2025,12:19:33,12886.64,0,0,0,0,0,0
FINSER.BSE_IDX,01/07/2025,12:19:41,12887.62,0,0,0,0,0,0
FINSER.BSE_IDX,01/07/2025,12:19:49,12888.34,0,0,0,0,0,0
FINSER.BSE_IDX,01/07/2025,12:19:57,12887.98,0,0,0,0,0,0
FINSER.BSE_IDX,01/07/2025,12:20:05,12888.29,0,0,0,0,0,0
FINSER.BSE_IDX,01/07/2025,12:20:13,12888.07,0,0,0,0,0,0
FINSER.BSE_IDX,01/07/2025,12:20:21,12890.63,0,0,0,0,0,0
FINSER.BSE_IDX,01/07/2025,12:20:29,12893.35,0,0,0,0,0,0
FINSER.BSE_IDX,01/07/2025,12:20:37,12893.44,0,0,0,0,0,0
FINSER.BSE_IDX,01/07/2025,12:20:45,12891.47,0,0,0,0,0,0
FINSER.BSE_IDX,01/07/2025,12:20:53,12893.16,0,0,0,0,0,0
FINSER.BSE_IDX,01/07/2025,12:21:01,12893.56,0,0,0,0,0,0
FINSER.BSE_IDX,01/07/2025,12:21:09,12893.63,0,0,0,0,0,0
FINSER.BSE_IDX,01/07/2025,12:21:17,12892.01,0,0,0,0,0,0
FINSER.BSE_IDX,01/07/2025,12:21:25,12892.39,0,0,0,0,0,0
FINSER.BSE_IDX,01/07/2025,12:21:33,12892.18,0,0,0,0,0,0
FINSER.BSE_IDX,01/07/2025,12:21:41,12892.91,0,0,0,0,0,0
FINSER.BSE_IDX,01/07/2025,12:21:49,12893.37,0,0,0,0,0,0
FINSER.BSE_IDX,01/07/2025,12:21:57,12893.53,0,0,0,0,0,0
FINSER.BSE_IDX,01/07/2025,12:22:05,12894.92,0,0,0,0,0,0
FINSER.BSE_IDX,01/07/2025,12:22:13,12895.24,0,0,0,0,0,0
FINSER.BSE_IDX,01/07/2025,12:22:21,12895.12,0,0,0,0,0,0
FINSER.BSE_IDX,01/07/2025,12:22:29,12893.43,0,0,0,0,0,0
FINSER.BSE_IDX,01/07/2025,12:22:37,12893.19,0,0,0,0,0,0
FINSER.BSE_IDX,01/07/2025,12:22:45,12892.9,0,0,0,0,0,0
FINSER.BSE_IDX,01/07/2025,12:22:53,12893.1,0,0,0,0,0,0
FINSER.BSE_IDX,01/07/2025,12:23:02,12894.18,0,0,0,0,0,0
FINSER.BSE_IDX,01/07/2025,12:23:09,12894.49,0,0,0,0,0,0
FINSER.BSE_IDX,01/07/2025,12:23:17,12894.5,0,0,0,0,0,0
FINSER.BSE_IDX,01/07/2025,12:23:25,12893.78,0,0,0,0,0,0
FINSER.BSE_IDX,01/07/2025,12:23:33,12894,0,0,0,0,0,0
FINSER.BSE_IDX,01/07/2025,12:23:41,12893.89,0,0,0,0,0,0
FINSER.BSE_IDX,01/07/2025,12:23:49,12894.46,0,0,0,0,0,0
FINSER.BSE_IDX,01/07/2025,12:23:57,12894.46,0,0,0,0,0,0
FINSER.BSE_IDX,01/07/2025,12:24:05,12894.26,0,0,0,0,0,0
FINSER.BSE_IDX,01/07/2025,12:24:13,12894.31,0,0,0,0,0,0
FINSER.BSE_IDX,01/07/2025,12:24:21,12894.46,0,0,0,0,0,0
FINSER.BSE_IDX,01/07/2025,12:24:29,12893.99,0,0,0,0,0,0
FINSER.BSE_IDX,01/07/2025,12:24:37,12894.47,0,0,0,0,0,0
FINSER.BSE_IDX,01/07/2025,12:24:45,12894.53,0,0,0,0,0,0
FINSER.BSE_IDX,01/07/2025,12:24:53,12895.28,0,0,0,0,0,0
FINSER.BSE_IDX,01/07/2025,12:25:01,12894.84,0,0,0,0,0,0
FINSER.BSE_IDX,01/07/2025,12:25:09,12894.2,0,0,0,0,0,0
FINSER.BSE_IDX,01/07/2025,12:25:17,12894.28,0,0,0,0,0,0
FINSER.BSE_IDX,01/07/2025,12:25:25,12894.96,0,0,0,0,0,0
FINSER.BSE_IDX,01/07/2025,12:25:33,12895.17,0,0,0,0,0,0
FINSER.BSE_IDX,01/07/2025,12:25:41,12894.85,0,0,0,0,0,0
FINSER.BSE_IDX,01/07/2025,12:25:49,12894.88,0,0,0,0,0,0
FINSER.BSE_IDX,01/07/2025,12:25:57,12896.25,0,0,0,0,0,0
FINSER.BSE_IDX,01/07/2025,12:26:05,12895.92,0,0,0,0,0,0
FINSER.BSE_IDX,01/07/2025,12:26:13,12895.81,0,0,0,0,0,0
FINSER.BSE_IDX,01/07/2025,12:26:21,12895.84,0,0,0,0,0,0
FINSER.BSE_IDX,01/07/2025,12:26:31,12896.27,0,0,0,0,0,0
FINSER.BSE_IDX,01/07/2025,12:26:37,12898.28,0,0,0,0,0,0
FINSER.BSE_IDX,01/07/2025,12:26:45,12897.92,0,0,0,0,0,0
FINSER.BSE_IDX,01/07/2025,12:26:53,12896.47,0,0,0,0,0,0
FINSER.BSE_IDX,01/07/2025,12:27:01,12894.32,0,0,0,0,0,0
FINSER.BSE_IDX,01/07/2025,12:27:09,12895.26,0,0,0,0,0,0
FINSER.BSE_IDX,01/07/2025,12:27:17,12893.57,0,0,0,0,0,0
FINSER.BSE_IDX,01/07/2025,12:27:25,12894.01,0,0,0,0,0,0
FINSER.BSE_IDX,01/07/2025,12:27:33,12893.13,0,0,0,0,0,0
FINSER.BSE_IDX,01/07/2025,12:27:41,12893.33,0,0,0,0,0,0
FINSER.BSE_IDX,01/07/2025,12:27:49,12893.11,0,0,0,0,0,0
FINSER.BSE_IDX,01/07/2025,12:27:57,12893.19,0,0,0,0,0,0
FINSER.BSE_IDX,01/07/2025,12:28:05,12893.19,0,0,0,0,0,0
FINSER.BSE_IDX,01/07/2025,12:28:13,12893.57,0,0,0,0,0,0
FINSER.BSE_IDX,01/07/2025,12:28:21,12893.49,0,0,0,0,0,0
FINSER.BSE_IDX,01/07/2025,12:28:29,12893.25,0,0,0,0,0,0
FINSER.BSE_IDX,01/07/2025,12:28:37,12894.51,0,0,0,0,0,0
FINSER.BSE_IDX,01/07/2025,12:28:45,12893.86,0,0,0,0,0,0
FINSER.BSE_IDX,01/07/2025,12:28:53,12892.38,0,0,0,0,0,0
FINSER.BSE_IDX,01/07/2025,12:29:01,12891.88,0,0,0,0,0,0
FINSER.BSE_IDX,01/07/2025,12:29:10,12891.71,0,0,0,0,0,0
FINSER.BSE_IDX,01/07/2025,12:29:18,12891.23,0,0,0,0,0,0
FINSER.BSE_IDX,01/07/2025,12:29:25,12891.95,0,0,0,0,0,0
FINSER.BSE_IDX,01/07/2025,12:29:33,12892.46,0,0,0,0,0,0
FINSER.BSE_IDX,01/07/2025,12:29:41,12892.67,0,0,0,0,0,0
FINSER.BSE_IDX,01/07/2025,12:29:49,12892.86,0,0,0,0,0,0
FINSER.BSE_IDX,01/07/2025,12:29:57,12893.19,0,0,0,0,0,0
FINSER.BSE_IDX,01/07/2025,12:30:05,12896.3,0,0,0,0,0,0
FINSER.BSE_IDX,01/07/2025,12:30:13,12896.87,0,0,0,0,0,0
FINSER.BSE_IDX,01/07/2025,12:30:22,12896.9,0,0,0,0,0,0
FINSER.BSE_IDX,01/07/2025,12:30:29,12895.13,0,0,0,0,0,0
FINSER.BSE_IDX,01/07/2025,12:30:37,12894.85,0,0,0,0,0,0
FINSER.BSE_IDX,01/07/2025,12:30:45,12894.96,0,0,0,0,0,0
FINSER.BSE_IDX,01/07/2025,12:30:53,12895,0,0,0,0,0,0
FINSER.BSE_IDX,01/07/2025,12:31:01,12895.26,0,0,0,0,0,0
FINSER.BSE_IDX,01/07/2025,12:31:09,12893.78,0,0,0,0,0,0
FINSER.BSE_IDX,01/07/2025,12:31:17,12891.8,0,0,0,0,0,0
FINSER.BSE_IDX,01/07/2025,12:31:25,12892.99,0,0,0,0,0,0
FINSER.BSE_IDX,01/07/2025,12:31:34,12892.85,0,0,0,0,0,0
FINSER.BSE_IDX,01/07/2025,12:31:41,12893.46,0,0,0,0,0,0
FINSER.BSE_IDX,01/07/2025,12:31:49,12893.53,0,0,0,0,0,0
FINSER.BSE_IDX,01/07/2025,12:31:57,12892.64,0,0,0,0,0,0
FINSER.BSE_IDX,01/07/2025,12:32:05,12892.77,0,0,0,0,0,0
FINSER.BSE_IDX,01/07/2025,12:32:13,12892.9,0,0,0,0,0,0
FINSER.BSE_IDX,01/07/2025,12:32:21,12892.65,0,0,0,0,0,0
FINSER.BSE_IDX,01/07/2025,12:32:29,12893.18,0,0,0,0,0,0
FINSER.BSE_IDX,01/07/2025,12:32:37,12892.97,0,0,0,0,0,0
FINSER.BSE_IDX,01/07/2025,12:32:45,12892.92,0,0,0,0,0,0
FINSER.BSE_IDX,01/07/2025,12:32:53,12891.83,0,0,0,0,0,0
FINSER.BSE_IDX,01/07/2025,12:33:01,12892.87,0,0,0,0,0,0
FINSER.BSE_IDX,01/07/2025,12:33:09,12892.5,0,0,0,0,0,0
FINSER.BSE_IDX,01/07/2025,12:33:17,12890.76,0,0,0,0,0,0
FINSER.BSE_IDX,01/07/2025,12:33:26,12890.67,0,0,0,0,0,0
FINSER.BSE_IDX,01/07/2025,12:33:33,12891.46,0,0,0,0,0,0
FINSER.BSE_IDX,01/07/2025,12:33:41,12891.82,0,0,0,0,0,0
FINSER.BSE_IDX,01/07/2025,12:33:49,12891.71,0,0,0,0,0,0
FINSER.BSE_IDX,01/07/2025,12:33:57,12891.98,0,0,0,0,0,0
FINSER.BSE_IDX,01/07/2025,12:34:05,12891.94,0,0,0,0,0,0
FINSER.BSE_IDX,01/07/2025,12:34:13,12892.21,0,0,0,0,0,0
FINSER.BSE_IDX,01/07/2025,12:34:21,12892.05,0,0,0,0,0,0
FINSER.BSE_IDX,01/07/2025,12:34:29,12892.87,0,0,0,0,0,0
FINSER.BSE_IDX,01/07/2025,12:34:37,12892.86,0,0,0,0,0,0
FINSER.BSE_IDX,01/07/2025,12:34:45,12893.42,0,0,0,0,0,0
FINSER.BSE_IDX,01/07/2025,12:34:53,12894.04,0,0,0,0,0,0
FINSER.BSE_IDX,01/07/2025,12:35:01,12895.1,0,0,0,0,0,0
FINSER.BSE_IDX,01/07/2025,12:35:09,12896.33,0,0,0,0,0,0
FINSER.BSE_IDX,01/07/2025,12:35:17,12896.75,0,0,0,0,0,0
FINSER.BSE_IDX,01/07/2025,12:35:25,12897.04,0,0,0,0,0,0
FINSER.BSE_IDX,01/07/2025,12:35:33,12897.43,0,0,0,0,0,0
FINSER.BSE_IDX,01/07/2025,12:35:41,12897.24,0,0,0,0,0,0
FINSER.BSE_IDX,01/07/2025,12:35:49,12897.93,0,0,0,0,0,0
FINSER.BSE_IDX,01/07/2025,12:35:57,12897.45,0,0,0,0,0,0
FINSER.BSE_IDX,01/07/2025,12:36:05,12898.02,0,0,0,0,0,0
FINSER.BSE_IDX,01/07/2025,12:36:13,12897.98,0,0,0,0,0,0
FINSER.BSE_IDX,01/07/2025,12:36:21,12896.46,0,0,0,0,0,0
FINSER.BSE_IDX,01/07/2025,12:36:29,12896.46,0,0,0,0,0,0
FINSER.BSE_IDX,01/07/2025,12:36:37,12896.48,0,0,0,0,0,0
FINSER.BSE_IDX,01/07/2025,12:36:45,12897.25,0,0,0,0,0,0
FINSER.BSE_IDX,01/07/2025,12:36:53,12897.12,0,0,0,0,0,0
FINSER.BSE_IDX,01/07/2025,12:37:01,12898.12,0,0,0,0,0,0
FINSER.BSE_IDX,01/07/2025,12:37:09,12898.79,0,0,0,0,0,0
FINSER.BSE_IDX,01/07/2025,12:37:17,12897.7,0,0,0,0,0,0
FINSER.BSE_IDX,01/07/2025,12:37:25,12896.83,0,0,0,0,0,0
FINSER.BSE_IDX,01/07/2025,12:37:33,12895.03,0,0,0,0,0,0
FINSER.BSE_IDX,01/07/2025,12:37:41,12895.27,0,0,0,0,0,0
FINSER.BSE_IDX,01/07/2025,12:37:49,12895.47,0,0,0,0,0,0
FINSER.BSE_IDX,01/07/2025,12:37:57,12895.18,0,0,0,0,0,0
FINSER.BSE_IDX,01/07/2025,12:38:05,12895.82,0,0,0,0,0,0
FINSER.BSE_IDX,01/07/2025,12:38:13,12895.86,0,0,0,0,0,0
FINSER.BSE_IDX,01/07/2025,12:38:22,12897.87,0,0,0,0,0,0
FINSER.BSE_IDX,01/07/2025,12:38:29,12897.73,0,0,0,0,0,0
FINSER.BSE_IDX,01/07/2025,12:38:39,12897.48,0,0,0,0,0,0
FINSER.BSE_IDX,01/07/2025,12:38:45,12898.32,0,0,0,0,0,0
FINSER.BSE_IDX,01/07/2025,12:38:53,12898.24,0,0,0,0,0,0
FINSER.BSE_IDX,01/07/2025,12:39:01,12898.78,0,0,0,0,0,0
FINSER.BSE_IDX,01/07/2025,12:39:10,12898.28,0,0,0,0,0,0
FINSER.BSE_IDX,01/07/2025,12:39:17,12898.28,0,0,0,0,0,0
FINSER.BSE_IDX,01/07/2025,12:39:25,12898.1,0,0,0,0,0,0
FINSER.BSE_IDX,01/07/2025,12:39:34,12898.77,0,0,0,0,0,0
FINSER.BSE_IDX,01/07/2025,12:39:42,12899.48,0,0,0,0,0,0
FINSER.BSE_IDX,01/07/2025,12:39:49,12899.59,0,0,0,0,0,0
FINSER.BSE_IDX,01/07/2025,12:39:57,12899.31,0,0,0,0,0,0
FINSER.BSE_IDX,01/07/2025,12:40:05,12899.99,0,0,0,0,0,0
FINSER.BSE_IDX,01/07/2025,12:40:21,12899.74,0,0,0,0,0,0
FINSER.BSE_IDX,01/07/2025,12:40:29,12899.8,0,0,0,0,0,0
FINSER.BSE_IDX,01/07/2025,12:40:37,12899.71,0,0,0,0,0,0
FINSER.BSE_IDX,01/07/2025,12:40:45,12899.68,0,0,0,0,0,0
FINSER.BSE_IDX,01/07/2025,12:40:54,12899.75,0,0,0,0,0,0
FINSER.BSE_IDX,01/07/2025,12:41:01,12897.77,0,0,0,0,0,0
FINSER.BSE_IDX,01/07/2025,12:41:09,12896.46,0,0,0,0,0,0
FINSER.BSE_IDX,01/07/2025,12:41:17,12896.9,0,0,0,0,0,0
FINSER.BSE_IDX,01/07/2025,12:41:25,12896.7,0,0,0,0,0,0
FINSER.BSE_IDX,01/07/2025,12:41:33,12896.78,0,0,0,0,0,0
FINSER.BSE_IDX,01/07/2025,12:41:41,12896.79,0,0,0,0,0,0
FINSER.BSE_IDX,01/07/2025,12:41:49,12897.43,0,0,0,0,0,0
FINSER.BSE_IDX,01/07/2025,12:41:57,12897.56,0,0,0,0,0,0
FINSER.BSE_IDX,01/07/2025,12:42:05,12896.77,0,0,0,0,0,0
FINSER.BSE_IDX,01/07/2025,12:42:13,12896.73,0,0,0,0,0,0
FINSER.BSE_IDX,01/07/2025,12:42:21,12897.46,0,0,0,0,0,0
FINSER.BSE_IDX,01/07/2025,12:42:29,12898.94,0,0,0,0,0,0
FINSER.BSE_IDX,01/07/2025,12:42:37,12898.57,0,0,0,0,0,0
FINSER.BSE_IDX,01/07/2025,12:42:45,12898.3,0,0,0,0,0,0
FINSER.BSE_IDX,01/07/2025,12:42:53,12898.51,0,0,0,0,0,0
FINSER.BSE_IDX,01/07/2025,12:43:01,12899.23,0,0,0,0,0,0
FINSER.BSE_IDX,01/07/2025,12:43:10,12899.89,0,0,0,0,0,0
FINSER.BSE_IDX,01/07/2025,12:43:17,12899.85,0,0,0,0,0,0
FINSER.BSE_IDX,01/07/2025,12:43:26,12899.24,0,0,0,0,0,0
FINSER.BSE_IDX,01/07/2025,12:43:33,12899.09,0,0,0,0,0,0
FINSER.BSE_IDX,01/07/2025,12:43:41,12897.07,0,0,0,0,0,0
FINSER.BSE_IDX,01/07/2025,12:43:49,12897.33,0,0,0,0,0,0
FINSER.BSE_IDX,01/07/2025,12:43:58,12896.23,0,0,0,0,0,0
FINSER.BSE_IDX,01/07/2025,12:44:05,12895.93,0,0,0,0,0,0
FINSER.BSE_IDX,01/07/2025,12:44:14,12895.09,0,0,0,0,0,0
FINSER.BSE_IDX,01/07/2025,12:44:21,12894.66,0,0,0,0,0,0
FINSER.BSE_IDX,01/07/2025,12:44:29,12894.25,0,0,0,0,0,0
FINSER.BSE_IDX,01/07/2025,12:44:38,12893.58,0,0,0,0,0,0
FINSER.BSE_IDX,01/07/2025,12:44:45,12893.77,0,0,0,0,0,0
FINSER.BSE_IDX,01/07/2025,12:44:53,12894.47,0,0,0,0,0,0
FINSER.BSE_IDX,01/07/2025,12:45:01,12894.45,0,0,0,0,0,0
FINSER.BSE_IDX,01/07/2025,12:45:11,12894.13,0,0,0,0,0,0
FINSER.BSE_IDX,01/07/2025,12:45:17,12894.04,0,0,0,0,0,0
FINSER.BSE_IDX,01/07/2025,12:45:25,12893.48,0,0,0,0,0,0
FINSER.BSE_IDX,01/07/2025,12:45:34,12894.02,0,0,0,0,0,0
FINSER.BSE_IDX,01/07/2025,12:45:42,12893.26,0,0,0,0,0,0
FINSER.BSE_IDX,01/07/2025,12:45:50,12894.46,0,0,0,0,0,0
FINSER.BSE_IDX,01/07/2025,12:45:58,12893.92,0,0,0,0,0,0
FINSER.BSE_IDX,01/07/2025,12:46:06,12893.88,0,0,0,0,0,0
FINSER.BSE_IDX,01/07/2025,12:46:14,12894.29,0,0,0,0,0,0
FINSER.BSE_IDX,01/07/2025,12:46:22,12894.14,0,0,0,0,0,0
FINSER.BSE_IDX,01/07/2025,12:46:30,12893.67,0,0,0,0,0,0
FINSER.BSE_IDX,01/07/2025,12:46:38,12893.91,0,0,0,0,0,0
FINSER.BSE_IDX,01/07/2025,12:46:46,12893.84,0,0,0,0,0,0
FINSER.BSE_IDX,01/07/2025,12:46:54,12893.24,0,0,0,0,0,0
FINSER.BSE_IDX,01/07/2025,12:47:02,12893.31,0,0,0,0,0,0
FINSER.BSE_IDX,01/07/2025,12:47:10,12893.28,0,0,0,0,0,0
FINSER.BSE_IDX,01/07/2025,12:47:18,12893.06,0,0,0,0,0,0
FINSER.BSE_IDX,01/07/2025,12:47:26,12892.46,0,0,0,0,0,0
FINSER.BSE_IDX,01/07/2025,12:47:34,12892.85,0,0,0,0,0,0
FINSER.BSE_IDX,01/07/2025,12:47:42,12892.34,0,0,0,0,0,0
FINSER.BSE_IDX,01/07/2025,12:47:50,12893.85,0,0,0,0,0,0
FINSER.BSE_IDX,01/07/2025,12:47:58,12894.22,0,0,0,0,0,0
FINSER.BSE_IDX,01/07/2025,12:48:06,12895.44,0,0,0,0,0,0
FINSER.BSE_IDX,01/07/2025,12:48:14,12895.9,0,0,0,0,0,0
FINSER.BSE_IDX,01/07/2025,12:48:22,12895.78,0,0,0,0,0,0
FINSER.BSE_IDX,01/07/2025,12:48:30,12896.39,0,0,0,0,0,0
FINSER.BSE_IDX,01/07/2025,12:48:38,12896.76,0,0,0,0,0,0
FINSER.BSE_IDX,01/07/2025,12:48:46,12896.01,0,0,0,0,0,0
FINSER.BSE_IDX,01/07/2025,12:48:54,12895.69,0,0,0,0,0,0
FINSER.BSE_IDX,01/07/2025,12:49:02,12895.29,0,0,0,0,0,0
FINSER.BSE_IDX,01/07/2025,12:49:10,12895.68,0,0,0,0,0,0
FINSER.BSE_IDX,01/07/2025,12:49:18,12895.36,0,0,0,0,0,0
FINSER.BSE_IDX,01/07/2025,12:49:26,12895.22,0,0,0,0,0,0
FINSER.BSE_IDX,01/07/2025,12:49:34,12894.65,0,0,0,0,0,0
FINSER.BSE_IDX,01/07/2025,12:49:42,12895.26,0,0,0,0,0,0
FINSER.BSE_IDX,01/07/2025,12:49:50,12896.43,0,0,0,0,0,0
FINSER.BSE_IDX,01/07/2025,12:49:58,12898.24,0,0,0,0,0,0
FINSER.BSE_IDX,01/07/2025,12:50:06,12898.51,0,0,0,0,0,0
FINSER.BSE_IDX,01/07/2025,12:50:14,12897.67,0,0,0,0,0,0
FINSER.BSE_IDX,01/07/2025,12:50:22,12897.81,0,0,0,0,0,0
FINSER.BSE_IDX,01/07/2025,12:50:30,12898.4,0,0,0,0,0,0
FINSER.BSE_IDX,01/07/2025,12:50:38,12898.62,0,0,0,0,0,0
FINSER.BSE_IDX,01/07/2025,12:50:47,12898.41,0,0,0,0,0,0
FINSER.BSE_IDX,01/07/2025,12:50:54,12899.58,0,0,0,0,0,0
FINSER.BSE_IDX,01/07/2025,12:51:02,12899.17,0,0,0,0,0,0
FINSER.BSE_IDX,01/07/2025,12:51:10,12899.57,0,0,0,0,0,0
FINSER.BSE_IDX,01/07/2025,12:51:19,12901.16,0,0,0,0,0,0
FINSER.BSE_IDX,01/07/2025,12:51:26,12901.64,0,0,0,0,0,0
FINSER.BSE_IDX,01/07/2025,12:51:34,12902.29,0,0,0,0,0,0
FINSER.BSE_IDX,01/07/2025,12:51:42,12902.14,0,0,0,0,0,0
FINSER.BSE_IDX,01/07/2025,12:51:50,12902.26,0,0,0,0,0,0
FINSER.BSE_IDX,01/07/2025,12:51:58,12901.87,0,0,0,0,0,0
FINSER.BSE_IDX,01/07/2025,12:52:06,12902.09,0,0,0,0,0,0
FINSER.BSE_IDX,01/07/2025,12:52:14,12902.01,0,0,0,0,0,0
FINSER.BSE_IDX,01/07/2025,12:52:22,12902.42,0,0,0,0,0,0
FINSER.BSE_IDX,01/07/2025,12:52:30,12902.51,0,0,0,0,0,0
FINSER.BSE_IDX,01/07/2025,12:52:38,12902.17,0,0,0,0,0,0
FINSER.BSE_IDX,01/07/2025,12:52:46,12903.11,0,0,0,0,0,0
FINSER.BSE_IDX,01/07/2025,12:52:54,12903.85,0,0,0,0,0,0
FINSER.BSE_IDX,01/07/2025,12:53:02,12904.2,0,0,0,0,0,0
FINSER.BSE_IDX,01/07/2025,12:53:10,12904.4,0,0,0,0,0,0
FINSER.BSE_IDX,01/07/2025,12:53:18,12904.47,0,0,0,0,0,0
FINSER.BSE_IDX,01/07/2025,12:53:26,12904.36,0,0,0,0,0,0
FINSER.BSE_IDX,01/07/2025,12:53:34,12903.6,0,0,0,0,0,0
FINSER.BSE_IDX,01/07/2025,12:53:42,12902.12,0,0,0,0,0,0
FINSER.BSE_IDX,01/07/2025,12:53:50,12901.82,0,0,0,0,0,0
FINSER.BSE_IDX,01/07/2025,12:53:58,12902.18,0,0,0,0,0,0
FINSER.BSE_IDX,01/07/2025,12:54:06,12902.4,0,0,0,0,0,0
FINSER.BSE_IDX,01/07/2025,12:54:14,12901.67,0,0,0,0,0,0
FINSER.BSE_IDX,01/07/2025,12:54:22,12901.52,0,0,0,0,0,0
