Ticker,Date,Time,LTP,BuyPrice,BuyQty,SellPrice,SellQty,LTQ,OpenInterest
FOCIT.BSE_IDX,01/07/2025,09:00:00,45614.73,0,0,0,0,0,0
FOCIT.BSE_IDX,01/07/2025,09:00:07,46032.73,0,0,0,0,0,0
FOCIT.BSE_IDX,01/07/2025,09:00:15,45640.06,0,0,0,0,0,0
FOCIT.BSE_IDX,01/07/2025,09:00:23,45539.85,0,0,0,0,0,0
FOCIT.BSE_IDX,01/07/2025,09:00:31,45597.56,0,0,0,0,0,0
FOCIT.BSE_IDX,01/07/2025,09:00:39,45691.29,0,0,0,0,0,0
FOCIT.BSE_IDX,01/07/2025,09:00:47,45702.67,0,0,0,0,0,0
FOCIT.BSE_IDX,01/07/2025,09:00:55,45687.04,0,0,0,0,0,0
FOCIT.BSE_IDX,01/07/2025,09:01:03,45705.03,0,0,0,0,0,0
FOCIT.BSE_IDX,01/07/2025,09:01:11,45689.37,0,0,0,0,0,0
FOCIT.BSE_IDX,01/07/2025,09:01:19,45678.66,0,0,0,0,0,0
FOCIT.BSE_IDX,01/07/2025,09:01:27,45598.38,0,0,0,0,0,0
FOCIT.BSE_IDX,01/07/2025,09:01:35,45557.09,0,0,0,0,0,0
FOCIT.BSE_IDX,01/07/2025,09:01:43,45557.09,0,0,0,0,0,0
FOCIT.BSE_IDX,01/07/2025,09:01:51,45346.24,0,0,0,0,0,0
FOCIT.BSE_IDX,01/07/2025,09:01:59,45531.19,0,0,0,0,0,0
FOCIT.BSE_IDX,01/07/2025,09:02:07,45580.39,0,0,0,0,0,0
FOCIT.BSE_IDX,01/07/2025,09:02:15,45634.77,0,0,0,0,0,0
FOCIT.BSE_IDX,01/07/2025,09:02:23,45634.77,0,0,0,0,0,0
FOCIT.BSE_IDX,01/07/2025,09:02:31,45634.77,0,0,0,0,0,0
FOCIT.BSE_IDX,01/07/2025,09:02:39,45634.77,0,0,0,0,0,0
FOCIT.BSE_IDX,01/07/2025,09:02:47,45623.41,0,0,0,0,0,0
FOCIT.BSE_IDX,01/07/2025,09:02:55,45623.41,0,0,0,0,0,0
FOCIT.BSE_IDX,01/07/2025,09:03:03,45649.31,0,0,0,0,0,0
FOCIT.BSE_IDX,01/07/2025,09:03:11,45623.41,0,0,0,0,0,0
FOCIT.BSE_IDX,01/07/2025,09:03:19,45667.43,0,0,0,0,0,0
FOCIT.BSE_IDX,01/07/2025,09:03:27,45667.43,0,0,0,0,0,0
FOCIT.BSE_IDX,01/07/2025,09:03:35,45667.43,0,0,0,0,0,0
FOCIT.BSE_IDX,01/07/2025,09:03:43,45686.73,0,0,0,0,0,0
FOCIT.BSE_IDX,01/07/2025,09:03:51,45686.73,0,0,0,0,0,0
FOCIT.BSE_IDX,01/07/2025,09:03:59,45686.73,0,0,0,0,0,0
FOCIT.BSE_IDX,01/07/2025,09:04:07,45693.62,0,0,0,0,0,0
FOCIT.BSE_IDX,01/07/2025,09:04:15,45693.62,0,0,0,0,0,0
FOCIT.BSE_IDX,01/07/2025,09:04:23,45693.62,0,0,0,0,0,0
FOCIT.BSE_IDX,01/07/2025,09:04:31,45682.66,0,0,0,0,0,0
FOCIT.BSE_IDX,01/07/2025,09:04:39,45700.51,0,0,0,0,0,0
FOCIT.BSE_IDX,01/07/2025,09:04:47,45689.69,0,0,0,0,0,0
FOCIT.BSE_IDX,01/07/2025,09:04:55,45691.92,0,0,0,0,0,0
FOCIT.BSE_IDX,01/07/2025,09:05:03,45700.78,0,0,0,0,0,0
FOCIT.BSE_IDX,01/07/2025,09:05:11,45675.03,0,0,0,0,0,0
FOCIT.BSE_IDX,01/07/2025,09:05:19,45675.03,0,0,0,0,0,0
FOCIT.BSE_IDX,01/07/2025,09:05:27,45675.03,0,0,0,0,0,0
FOCIT.BSE_IDX,01/07/2025,09:05:35,45675.03,0,0,0,0,0,0
FOCIT.BSE_IDX,01/07/2025,09:05:43,45675.03,0,0,0,0,0,0
FOCIT.BSE_IDX,01/07/2025,09:05:51,45679.74,0,0,0,0,0,0
FOCIT.BSE_IDX,01/07/2025,09:05:59,45671.5,0,0,0,0,0,0
FOCIT.BSE_IDX,01/07/2025,09:06:07,45656.19,0,0,0,0,0,0
FOCIT.BSE_IDX,01/07/2025,09:06:15,45656.19,0,0,0,0,0,0
FOCIT.BSE_IDX,01/07/2025,09:06:23,45644.41,0,0,0,0,0,0
FOCIT.BSE_IDX,01/07/2025,09:06:31,45644.41,0,0,0,0,0,0
FOCIT.BSE_IDX,01/07/2025,09:06:39,45699.76,0,0,0,0,0,0
FOCIT.BSE_IDX,01/07/2025,09:06:47,45659.42,0,0,0,0,0,0
FOCIT.BSE_IDX,01/07/2025,09:06:55,45653.66,0,0,0,0,0,0
FOCIT.BSE_IDX,01/07/2025,09:07:04,45686.39,0,0,0,0,0,0
FOCIT.BSE_IDX,01/07/2025,09:07:11,45686.39,0,0,0,0,0,0
FOCIT.BSE_IDX,01/07/2025,09:07:19,45686.39,0,0,0,0,0,0
FOCIT.BSE_IDX,01/07/2025,09:07:27,45686.39,0,0,0,0,0,0
FOCIT.BSE_IDX,01/07/2025,09:07:35,45686.39,0,0,0,0,0,0
FOCIT.BSE_IDX,01/07/2025,09:07:43,45686.39,0,0,0,0,0,0
FOCIT.BSE_IDX,01/07/2025,09:07:51,45686.39,0,0,0,0,0,0
FOCIT.BSE_IDX,01/07/2025,09:07:59,45686.39,0,0,0,0,0,0
FOCIT.BSE_IDX,01/07/2025,09:08:07,45686.39,0,0,0,0,0,0
FOCIT.BSE_IDX,01/07/2025,09:08:15,45686.39,0,0,0,0,0,0
FOCIT.BSE_IDX,01/07/2025,09:08:23,45686.39,0,0,0,0,0,0
FOCIT.BSE_IDX,01/07/2025,09:08:31,45686.39,0,0,0,0,0,0
FOCIT.BSE_IDX,01/07/2025,09:08:39,45686.39,0,0,0,0,0,0
FOCIT.BSE_IDX,01/07/2025,09:08:47,45686.39,0,0,0,0,0,0
FOCIT.BSE_IDX,01/07/2025,09:08:55,45686.39,0,0,0,0,0,0
FOCIT.BSE_IDX,01/07/2025,09:09:03,45686.04,0,0,0,0,0,0
FOCIT.BSE_IDX,01/07/2025,09:09:11,45686.04,0,0,0,0,0,0
FOCIT.BSE_IDX,01/07/2025,09:09:20,45686.04,0,0,0,0,0,0
FOCIT.BSE_IDX,01/07/2025,09:09:27,45686.04,0,0,0,0,0,0
FOCIT.BSE_IDX,01/07/2025,09:09:36,45686.04,0,0,0,0,0,0
FOCIT.BSE_IDX,01/07/2025,09:09:43,45686.04,0,0,0,0,0,0
FOCIT.BSE_IDX,01/07/2025,09:09:51,45686.04,0,0,0,0,0,0
FOCIT.BSE_IDX,01/07/2025,09:09:59,45686.04,0,0,0,0,0,0
FOCIT.BSE_IDX,01/07/2025,09:10:07,45686.04,0,0,0,0,0,0
FOCIT.BSE_IDX,01/07/2025,09:10:16,45686.04,0,0,0,0,0,0
FOCIT.BSE_IDX,01/07/2025,09:10:24,45686.04,0,0,0,0,0,0
FOCIT.BSE_IDX,01/07/2025,09:10:32,45686.04,0,0,0,0,0,0
FOCIT.BSE_IDX,01/07/2025,09:10:39,45686.04,0,0,0,0,0,0
FOCIT.BSE_IDX,01/07/2025,09:10:47,45686.04,0,0,0,0,0,0
FOCIT.BSE_IDX,01/07/2025,09:10:55,45686.04,0,0,0,0,0,0
FOCIT.BSE_IDX,01/07/2025,09:11:03,45686.04,0,0,0,0,0,0
FOCIT.BSE_IDX,01/07/2025,09:11:11,45686.04,0,0,0,0,0,0
FOCIT.BSE_IDX,01/07/2025,09:11:19,45686.04,0,0,0,0,0,0
FOCIT.BSE_IDX,01/07/2025,09:11:27,45686.04,0,0,0,0,0,0
FOCIT.BSE_IDX,01/07/2025,09:11:35,45686.04,0,0,0,0,0,0
FOCIT.BSE_IDX,01/07/2025,09:11:43,45686.04,0,0,0,0,0,0
FOCIT.BSE_IDX,01/07/2025,09:11:51,45686.04,0,0,0,0,0,0
FOCIT.BSE_IDX,01/07/2025,09:11:59,45686.04,0,0,0,0,0,0
FOCIT.BSE_IDX,01/07/2025,09:12:07,45686.04,0,0,0,0,0,0
FOCIT.BSE_IDX,01/07/2025,09:12:16,45686.04,0,0,0,0,0,0
FOCIT.BSE_IDX,01/07/2025,09:12:23,45686.04,0,0,0,0,0,0
FOCIT.BSE_IDX,01/07/2025,09:12:31,45686.04,0,0,0,0,0,0
FOCIT.BSE_IDX,01/07/2025,09:12:39,45686.04,0,0,0,0,0,0
FOCIT.BSE_IDX,01/07/2025,09:12:47,45686.04,0,0,0,0,0,0
FOCIT.BSE_IDX,01/07/2025,09:12:55,45686.04,0,0,0,0,0,0
FOCIT.BSE_IDX,01/07/2025,09:13:03,45686.04,0,0,0,0,0,0
FOCIT.BSE_IDX,01/07/2025,09:13:11,45686.04,0,0,0,0,0,0
FOCIT.BSE_IDX,01/07/2025,09:13:19,45686.04,0,0,0,0,0,0
FOCIT.BSE_IDX,01/07/2025,09:13:27,45686.04,0,0,0,0,0,0
FOCIT.BSE_IDX,01/07/2025,09:13:35,45686.04,0,0,0,0,0,0
FOCIT.BSE_IDX,01/07/2025,09:13:43,45686.04,0,0,0,0,0,0
FOCIT.BSE_IDX,01/07/2025,09:13:51,45686.04,0,0,0,0,0,0
FOCIT.BSE_IDX,01/07/2025,09:13:59,45686.04,0,0,0,0,0,0
FOCIT.BSE_IDX,01/07/2025,09:14:07,45686.04,0,0,0,0,0,0
FOCIT.BSE_IDX,01/07/2025,09:14:15,45686.04,0,0,0,0,0,0
FOCIT.BSE_IDX,01/07/2025,09:14:23,45686.04,0,0,0,0,0,0
FOCIT.BSE_IDX,01/07/2025,09:14:31,45686.04,0,0,0,0,0,0
FOCIT.BSE_IDX,01/07/2025,09:14:39,45686.04,0,0,0,0,0,0
FOCIT.BSE_IDX,01/07/2025,09:14:47,45686.04,0,0,0,0,0,0
FOCIT.BSE_IDX,01/07/2025,09:14:55,45686.04,0,0,0,0,0,0
FOCIT.BSE_IDX,01/07/2025,09:15:04,45712.51,0,0,0,0,0,0
FOCIT.BSE_IDX,01/07/2025,09:15:11,45678.28,0,0,0,0,0,0
FOCIT.BSE_IDX,01/07/2025,09:15:19,45675.29,0,0,0,0,0,0
FOCIT.BSE_IDX,01/07/2025,09:15:27,45666.78,0,0,0,0,0,0
FOCIT.BSE_IDX,01/07/2025,09:15:35,45658.13,0,0,0,0,0,0
FOCIT.BSE_IDX,01/07/2025,09:15:43,45654.41,0,0,0,0,0,0
FOCIT.BSE_IDX,01/07/2025,09:15:51,45653.37,0,0,0,0,0,0
FOCIT.BSE_IDX,01/07/2025,09:15:59,45659.05,0,0,0,0,0,0
FOCIT.BSE_IDX,01/07/2025,09:16:07,45650.6,0,0,0,0,0,0
FOCIT.BSE_IDX,01/07/2025,09:16:15,45666.02,0,0,0,0,0,0
FOCIT.BSE_IDX,01/07/2025,09:16:24,45663.93,0,0,0,0,0,0
FOCIT.BSE_IDX,01/07/2025,09:16:31,45673.85,0,0,0,0,0,0
FOCIT.BSE_IDX,01/07/2025,09:16:39,45673.17,0,0,0,0,0,0
FOCIT.BSE_IDX,01/07/2025,09:16:48,45666.42,0,0,0,0,0,0
FOCIT.BSE_IDX,01/07/2025,09:16:55,45687.02,0,0,0,0,0,0
FOCIT.BSE_IDX,01/07/2025,09:17:03,45666.66,0,0,0,0,0,0
FOCIT.BSE_IDX,01/07/2025,09:17:12,45626.53,0,0,0,0,0,0
FOCIT.BSE_IDX,01/07/2025,09:17:19,45613.32,0,0,0,0,0,0
FOCIT.BSE_IDX,01/07/2025,09:17:27,45609.15,0,0,0,0,0,0
FOCIT.BSE_IDX,01/07/2025,09:17:35,45615.09,0,0,0,0,0,0
FOCIT.BSE_IDX,01/07/2025,09:17:44,45628.49,0,0,0,0,0,0
FOCIT.BSE_IDX,01/07/2025,09:17:51,45630.43,0,0,0,0,0,0
FOCIT.BSE_IDX,01/07/2025,09:17:59,45633.78,0,0,0,0,0,0
FOCIT.BSE_IDX,01/07/2025,09:18:07,45632.5,0,0,0,0,0,0
FOCIT.BSE_IDX,01/07/2025,09:18:15,45606.88,0,0,0,0,0,0
FOCIT.BSE_IDX,01/07/2025,09:18:23,45615.1,0,0,0,0,0,0
FOCIT.BSE_IDX,01/07/2025,09:18:31,45626.66,0,0,0,0,0,0
FOCIT.BSE_IDX,01/07/2025,09:18:39,45632.34,0,0,0,0,0,0
FOCIT.BSE_IDX,01/07/2025,09:18:47,45632.36,0,0,0,0,0,0
FOCIT.BSE_IDX,01/07/2025,09:18:56,45635.93,0,0,0,0,0,0
FOCIT.BSE_IDX,01/07/2025,09:19:03,45624.88,0,0,0,0,0,0
FOCIT.BSE_IDX,01/07/2025,09:19:11,45614.28,0,0,0,0,0,0
FOCIT.BSE_IDX,01/07/2025,09:19:19,45619.76,0,0,0,0,0,0
FOCIT.BSE_IDX,01/07/2025,09:19:28,45618.84,0,0,0,0,0,0
FOCIT.BSE_IDX,01/07/2025,09:19:35,45616.4,0,0,0,0,0,0
FOCIT.BSE_IDX,01/07/2025,09:19:43,45621.12,0,0,0,0,0,0
FOCIT.BSE_IDX,01/07/2025,09:19:52,45608.45,0,0,0,0,0,0
FOCIT.BSE_IDX,01/07/2025,09:19:59,45614.21,0,0,0,0,0,0
FOCIT.BSE_IDX,01/07/2025,09:20:07,45596.71,0,0,0,0,0,0
FOCIT.BSE_IDX,01/07/2025,09:20:15,45589.39,0,0,0,0,0,0
FOCIT.BSE_IDX,01/07/2025,09:20:24,45584.63,0,0,0,0,0,0
FOCIT.BSE_IDX,01/07/2025,09:20:31,45596.72,0,0,0,0,0,0
FOCIT.BSE_IDX,01/07/2025,09:20:39,45587.06,0,0,0,0,0,0
FOCIT.BSE_IDX,01/07/2025,09:20:47,45582.16,0,0,0,0,0,0
FOCIT.BSE_IDX,01/07/2025,09:20:55,45570.11,0,0,0,0,0,0
FOCIT.BSE_IDX,01/07/2025,09:21:03,45560.3,0,0,0,0,0,0
FOCIT.BSE_IDX,01/07/2025,09:21:11,45569.47,0,0,0,0,0,0
FOCIT.BSE_IDX,01/07/2025,09:21:19,45597.29,0,0,0,0,0,0
FOCIT.BSE_IDX,01/07/2025,09:21:27,45610.38,0,0,0,0,0,0
FOCIT.BSE_IDX,01/07/2025,09:21:36,45616.11,0,0,0,0,0,0
FOCIT.BSE_IDX,01/07/2025,09:21:43,45617.34,0,0,0,0,0,0
FOCIT.BSE_IDX,01/07/2025,09:21:51,45619.27,0,0,0,0,0,0
FOCIT.BSE_IDX,01/07/2025,09:22:00,45626.42,0,0,0,0,0,0
FOCIT.BSE_IDX,01/07/2025,09:22:07,45627.49,0,0,0,0,0,0
FOCIT.BSE_IDX,01/07/2025,09:22:15,45637.27,0,0,0,0,0,0
FOCIT.BSE_IDX,01/07/2025,09:22:23,45643.95,0,0,0,0,0,0
FOCIT.BSE_IDX,01/07/2025,09:22:31,45644.68,0,0,0,0,0,0
FOCIT.BSE_IDX,01/07/2025,09:22:39,45641.23,0,0,0,0,0,0
FOCIT.BSE_IDX,01/07/2025,09:22:47,45640.15,0,0,0,0,0,0
FOCIT.BSE_IDX,01/07/2025,09:22:55,45638.43,0,0,0,0,0,0
FOCIT.BSE_IDX,01/07/2025,09:23:03,45631.79,0,0,0,0,0,0
FOCIT.BSE_IDX,01/07/2025,09:23:11,45642.02,0,0,0,0,0,0
FOCIT.BSE_IDX,01/07/2025,09:23:20,45640.1,0,0,0,0,0,0
FOCIT.BSE_IDX,01/07/2025,09:23:27,45637.9,0,0,0,0,0,0
FOCIT.BSE_IDX,01/07/2025,09:23:35,45641.42,0,0,0,0,0,0
FOCIT.BSE_IDX,01/07/2025,09:23:44,45631.67,0,0,0,0,0,0
FOCIT.BSE_IDX,01/07/2025,09:23:51,45632.98,0,0,0,0,0,0
FOCIT.BSE_IDX,01/07/2025,09:23:59,45646.63,0,0,0,0,0,0
FOCIT.BSE_IDX,01/07/2025,09:24:08,45651,0,0,0,0,0,0
FOCIT.BSE_IDX,01/07/2025,09:24:16,45653.31,0,0,0,0,0,0
FOCIT.BSE_IDX,01/07/2025,09:24:23,45664.29,0,0,0,0,0,0
FOCIT.BSE_IDX,01/07/2025,09:24:32,45658.84,0,0,0,0,0,0
FOCIT.BSE_IDX,01/07/2025,09:24:39,45660.52,0,0,0,0,0,0
FOCIT.BSE_IDX,01/07/2025,09:24:48,45662.68,0,0,0,0,0,0
FOCIT.BSE_IDX,01/07/2025,09:24:57,45664.09,0,0,0,0,0,0
FOCIT.BSE_IDX,01/07/2025,09:25:03,45673.68,0,0,0,0,0,0
FOCIT.BSE_IDX,01/07/2025,09:25:12,45689.85,0,0,0,0,0,0
FOCIT.BSE_IDX,01/07/2025,09:25:20,45695.67,0,0,0,0,0,0
FOCIT.BSE_IDX,01/07/2025,09:25:29,45690.32,0,0,0,0,0,0
FOCIT.BSE_IDX,01/07/2025,09:25:35,45695.14,0,0,0,0,0,0
FOCIT.BSE_IDX,01/07/2025,09:25:43,45694.55,0,0,0,0,0,0
FOCIT.BSE_IDX,01/07/2025,09:25:51,45695.29,0,0,0,0,0,0
FOCIT.BSE_IDX,01/07/2025,09:25:59,45701.59,0,0,0,0,0,0
FOCIT.BSE_IDX,01/07/2025,09:26:08,45685.06,0,0,0,0,0,0
FOCIT.BSE_IDX,01/07/2025,09:26:15,45674.36,0,0,0,0,0,0
FOCIT.BSE_IDX,01/07/2025,09:26:24,45691.85,0,0,0,0,0,0
FOCIT.BSE_IDX,01/07/2025,09:26:31,45689.47,0,0,0,0,0,0
FOCIT.BSE_IDX,01/07/2025,09:26:40,45700.13,0,0,0,0,0,0
FOCIT.BSE_IDX,01/07/2025,09:26:48,45704.44,0,0,0,0,0,0
FOCIT.BSE_IDX,01/07/2025,09:26:55,45702.73,0,0,0,0,0,0
FOCIT.BSE_IDX,01/07/2025,09:27:04,45715.03,0,0,0,0,0,0
FOCIT.BSE_IDX,01/07/2025,09:27:12,45711.15,0,0,0,0,0,0
FOCIT.BSE_IDX,01/07/2025,09:27:19,45720.68,0,0,0,0,0,0
FOCIT.BSE_IDX,01/07/2025,09:27:28,45718.12,0,0,0,0,0,0
FOCIT.BSE_IDX,01/07/2025,09:27:36,45712.3,0,0,0,0,0,0
FOCIT.BSE_IDX,01/07/2025,09:27:44,45710.97,0,0,0,0,0,0
FOCIT.BSE_IDX,01/07/2025,09:27:52,45731.25,0,0,0,0,0,0
FOCIT.BSE_IDX,01/07/2025,09:28:00,45742.94,0,0,0,0,0,0
FOCIT.BSE_IDX,01/07/2025,09:28:08,45757.02,0,0,0,0,0,0
FOCIT.BSE_IDX,01/07/2025,09:28:16,45788.54,0,0,0,0,0,0
FOCIT.BSE_IDX,01/07/2025,09:28:24,45770.89,0,0,0,0,0,0
FOCIT.BSE_IDX,01/07/2025,09:28:32,45770.69,0,0,0,0,0,0
FOCIT.BSE_IDX,01/07/2025,09:28:40,45758.73,0,0,0,0,0,0
FOCIT.BSE_IDX,01/07/2025,09:28:48,45742.65,0,0,0,0,0,0
FOCIT.BSE_IDX,01/07/2025,09:28:56,45742.75,0,0,0,0,0,0
FOCIT.BSE_IDX,01/07/2025,09:29:04,45740.56,0,0,0,0,0,0
FOCIT.BSE_IDX,01/07/2025,09:29:12,45752.06,0,0,0,0,0,0
FOCIT.BSE_IDX,01/07/2025,09:29:20,45756.27,0,0,0,0,0,0
FOCIT.BSE_IDX,01/07/2025,09:29:28,45761.86,0,0,0,0,0,0
FOCIT.BSE_IDX,01/07/2025,09:29:36,45761.54,0,0,0,0,0,0
FOCIT.BSE_IDX,01/07/2025,09:29:44,45788.52,0,0,0,0,0,0
FOCIT.BSE_IDX,01/07/2025,09:29:52,45785.66,0,0,0,0,0,0
FOCIT.BSE_IDX,01/07/2025,09:30:00,45792.9,0,0,0,0,0,0
FOCIT.BSE_IDX,01/07/2025,09:30:08,45795.36,0,0,0,0,0,0
FOCIT.BSE_IDX,01/07/2025,09:30:16,45837.22,0,0,0,0,0,0
FOCIT.BSE_IDX,01/07/2025,09:30:24,45840.14,0,0,0,0,0,0
FOCIT.BSE_IDX,01/07/2025,09:30:32,45847.39,0,0,0,0,0,0
FOCIT.BSE_IDX,01/07/2025,09:30:40,45878.47,0,0,0,0,0,0
FOCIT.BSE_IDX,01/07/2025,09:30:48,45890.42,0,0,0,0,0,0
FOCIT.BSE_IDX,01/07/2025,09:30:56,45883.28,0,0,0,0,0,0
FOCIT.BSE_IDX,01/07/2025,09:31:04,45893.42,0,0,0,0,0,0
FOCIT.BSE_IDX,01/07/2025,09:31:12,45892.74,0,0,0,0,0,0
FOCIT.BSE_IDX,01/07/2025,09:31:20,45916.36,0,0,0,0,0,0
FOCIT.BSE_IDX,01/07/2025,09:31:28,45949.26,0,0,0,0,0,0
FOCIT.BSE_IDX,01/07/2025,09:31:36,45945.84,0,0,0,0,0,0
FOCIT.BSE_IDX,01/07/2025,09:31:44,45945.35,0,0,0,0,0,0
FOCIT.BSE_IDX,01/07/2025,09:31:52,45963.45,0,0,0,0,0,0
FOCIT.BSE_IDX,01/07/2025,09:32:00,45969.44,0,0,0,0,0,0
FOCIT.BSE_IDX,01/07/2025,09:32:08,45978.33,0,0,0,0,0,0
FOCIT.BSE_IDX,01/07/2025,09:32:16,45973.86,0,0,0,0,0,0
FOCIT.BSE_IDX,01/07/2025,09:32:24,45973.13,0,0,0,0,0,0
FOCIT.BSE_IDX,01/07/2025,09:32:32,45989.26,0,0,0,0,0,0
FOCIT.BSE_IDX,01/07/2025,09:32:40,45978.69,0,0,0,0,0,0
FOCIT.BSE_IDX,01/07/2025,09:32:48,45985.42,0,0,0,0,0,0
FOCIT.BSE_IDX,01/07/2025,09:32:56,45975.04,0,0,0,0,0,0
FOCIT.BSE_IDX,01/07/2025,09:33:04,45960.38,0,0,0,0,0,0
FOCIT.BSE_IDX,01/07/2025,09:33:12,45970.27,0,0,0,0,0,0
FOCIT.BSE_IDX,01/07/2025,09:33:20,45975.82,0,0,0,0,0,0
FOCIT.BSE_IDX,01/07/2025,09:33:28,45980.79,0,0,0,0,0,0
FOCIT.BSE_IDX,01/07/2025,09:33:36,45979.07,0,0,0,0,0,0
FOCIT.BSE_IDX,01/07/2025,09:33:44,45978.71,0,0,0,0,0,0
FOCIT.BSE_IDX,01/07/2025,09:33:52,45974.1,0,0,0,0,0,0
FOCIT.BSE_IDX,01/07/2025,09:34:00,45966.89,0,0,0,0,0,0
FOCIT.BSE_IDX,01/07/2025,09:34:08,45963.15,0,0,0,0,0,0
FOCIT.BSE_IDX,01/07/2025,09:34:16,45953.21,0,0,0,0,0,0
FOCIT.BSE_IDX,01/07/2025,09:34:24,45947.07,0,0,0,0,0,0
FOCIT.BSE_IDX,01/07/2025,09:34:32,45937.15,0,0,0,0,0,0
FOCIT.BSE_IDX,01/07/2025,09:34:40,45945.8,0,0,0,0,0,0
FOCIT.BSE_IDX,01/07/2025,09:34:48,45950.08,0,0,0,0,0,0
FOCIT.BSE_IDX,01/07/2025,09:34:56,45938.43,0,0,0,0,0,0
FOCIT.BSE_IDX,01/07/2025,09:35:05,45948.21,0,0,0,0,0,0
FOCIT.BSE_IDX,01/07/2025,09:35:12,45939,0,0,0,0,0,0
FOCIT.BSE_IDX,01/07/2025,09:35:20,45901.95,0,0,0,0,0,0
FOCIT.BSE_IDX,01/07/2025,09:35:28,45901.95,0,0,0,0,0,0
FOCIT.BSE_IDX,01/07/2025,09:35:36,45905.78,0,0,0,0,0,0
FOCIT.BSE_IDX,01/07/2025,09:35:44,45903.9,0,0,0,0,0,0
FOCIT.BSE_IDX,01/07/2025,09:35:52,45891.64,0,0,0,0,0,0
FOCIT.BSE_IDX,01/07/2025,09:36:00,45885.6,0,0,0,0,0,0
FOCIT.BSE_IDX,01/07/2025,09:36:08,45892.02,0,0,0,0,0,0
FOCIT.BSE_IDX,01/07/2025,09:36:16,45883.61,0,0,0,0,0,0
FOCIT.BSE_IDX,01/07/2025,09:36:24,45882.22,0,0,0,0,0,0
FOCIT.BSE_IDX,01/07/2025,09:36:33,45883.87,0,0,0,0,0,0
FOCIT.BSE_IDX,01/07/2025,09:36:40,45872.5,0,0,0,0,0,0
FOCIT.BSE_IDX,01/07/2025,09:36:48,45872.64,0,0,0,0,0,0
FOCIT.BSE_IDX,01/07/2025,09:36:56,45864.9,0,0,0,0,0,0
FOCIT.BSE_IDX,01/07/2025,09:37:04,45868.54,0,0,0,0,0,0
FOCIT.BSE_IDX,01/07/2025,09:37:12,45866.92,0,0,0,0,0,0
FOCIT.BSE_IDX,01/07/2025,09:37:20,45870.8,0,0,0,0,0,0
FOCIT.BSE_IDX,01/07/2025,09:37:28,45877.17,0,0,0,0,0,0
FOCIT.BSE_IDX,01/07/2025,09:37:36,45869.57,0,0,0,0,0,0
FOCIT.BSE_IDX,01/07/2025,09:37:44,45864.34,0,0,0,0,0,0
FOCIT.BSE_IDX,01/07/2025,09:37:52,45875.16,0,0,0,0,0,0
FOCIT.BSE_IDX,01/07/2025,09:38:00,45887.08,0,0,0,0,0,0
FOCIT.BSE_IDX,01/07/2025,09:38:08,45878.51,0,0,0,0,0,0
FOCIT.BSE_IDX,01/07/2025,09:38:16,45860.76,0,0,0,0,0,0
FOCIT.BSE_IDX,01/07/2025,09:38:24,45849.3,0,0,0,0,0,0
FOCIT.BSE_IDX,01/07/2025,09:38:32,45846.65,0,0,0,0,0,0
FOCIT.BSE_IDX,01/07/2025,09:38:40,45848.27,0,0,0,0,0,0
FOCIT.BSE_IDX,01/07/2025,09:38:48,45850.26,0,0,0,0,0,0
FOCIT.BSE_IDX,01/07/2025,09:38:56,45845.87,0,0,0,0,0,0
FOCIT.BSE_IDX,01/07/2025,09:39:04,45846.42,0,0,0,0,0,0
FOCIT.BSE_IDX,01/07/2025,09:39:12,45843.95,0,0,0,0,0,0
FOCIT.BSE_IDX,01/07/2025,09:39:20,45846.34,0,0,0,0,0,0
FOCIT.BSE_IDX,01/07/2025,09:39:28,45848.1,0,0,0,0,0,0
FOCIT.BSE_IDX,01/07/2025,09:39:36,45847.38,0,0,0,0,0,0
FOCIT.BSE_IDX,01/07/2025,09:39:44,45852.5,0,0,0,0,0,0
FOCIT.BSE_IDX,01/07/2025,09:39:52,45854.08,0,0,0,0,0,0
FOCIT.BSE_IDX,01/07/2025,09:40:00,45861.94,0,0,0,0,0,0
FOCIT.BSE_IDX,01/07/2025,09:40:08,45871.06,0,0,0,0,0,0
FOCIT.BSE_IDX,01/07/2025,09:40:16,45861.06,0,0,0,0,0,0
FOCIT.BSE_IDX,01/07/2025,09:40:24,45847.41,0,0,0,0,0,0
FOCIT.BSE_IDX,01/07/2025,09:40:32,45832.52,0,0,0,0,0,0
FOCIT.BSE_IDX,01/07/2025,09:40:40,45824.26,0,0,0,0,0,0
FOCIT.BSE_IDX,01/07/2025,09:40:48,45835.08,0,0,0,0,0,0
FOCIT.BSE_IDX,01/07/2025,09:40:56,45831.92,0,0,0,0,0,0
FOCIT.BSE_IDX,01/07/2025,09:41:04,45832.37,0,0,0,0,0,0
FOCIT.BSE_IDX,01/07/2025,09:41:12,45830.45,0,0,0,0,0,0
FOCIT.BSE_IDX,01/07/2025,09:41:20,45834.23,0,0,0,0,0,0
FOCIT.BSE_IDX,01/07/2025,09:41:28,45827.1,0,0,0,0,0,0
FOCIT.BSE_IDX,01/07/2025,09:41:36,45822.88,0,0,0,0,0,0
FOCIT.BSE_IDX,01/07/2025,09:41:44,45819.25,0,0,0,0,0,0
FOCIT.BSE_IDX,01/07/2025,09:41:52,45823.53,0,0,0,0,0,0
FOCIT.BSE_IDX,01/07/2025,09:42:00,45831.98,0,0,0,0,0,0
FOCIT.BSE_IDX,01/07/2025,09:42:08,45837.67,0,0,0,0,0,0
FOCIT.BSE_IDX,01/07/2025,09:42:16,45840.48,0,0,0,0,0,0
FOCIT.BSE_IDX,01/07/2025,09:42:24,45838.93,0,0,0,0,0,0
FOCIT.BSE_IDX,01/07/2025,09:42:32,45830.51,0,0,0,0,0,0
FOCIT.BSE_IDX,01/07/2025,09:42:40,45820.7,0,0,0,0,0,0
FOCIT.BSE_IDX,01/07/2025,09:42:48,45819.03,0,0,0,0,0,0
FOCIT.BSE_IDX,01/07/2025,09:42:56,45818.54,0,0,0,0,0,0
FOCIT.BSE_IDX,01/07/2025,09:43:04,45815.37,0,0,0,0,0,0
FOCIT.BSE_IDX,01/07/2025,09:43:12,45816.77,0,0,0,0,0,0
FOCIT.BSE_IDX,01/07/2025,09:43:20,45813.83,0,0,0,0,0,0
FOCIT.BSE_IDX,01/07/2025,09:43:28,45813.94,0,0,0,0,0,0
FOCIT.BSE_IDX,01/07/2025,09:43:36,45811.35,0,0,0,0,0,0
FOCIT.BSE_IDX,01/07/2025,09:43:44,45799.22,0,0,0,0,0,0
FOCIT.BSE_IDX,01/07/2025,09:43:53,45805.67,0,0,0,0,0,0
FOCIT.BSE_IDX,01/07/2025,09:44:00,45805.69,0,0,0,0,0,0
FOCIT.BSE_IDX,01/07/2025,09:44:08,45803.85,0,0,0,0,0,0
FOCIT.BSE_IDX,01/07/2025,09:44:16,45805.54,0,0,0,0,0,0
FOCIT.BSE_IDX,01/07/2025,09:44:24,45807.84,0,0,0,0,0,0
FOCIT.BSE_IDX,01/07/2025,09:44:32,45814.48,0,0,0,0,0,0
FOCIT.BSE_IDX,01/07/2025,09:44:40,45814,0,0,0,0,0,0
FOCIT.BSE_IDX,01/07/2025,09:44:48,45810.76,0,0,0,0,0,0
FOCIT.BSE_IDX,01/07/2025,09:44:56,45808.84,0,0,0,0,0,0
FOCIT.BSE_IDX,01/07/2025,09:45:05,45811.03,0,0,0,0,0,0
FOCIT.BSE_IDX,01/07/2025,09:45:12,45801.13,0,0,0,0,0,0
FOCIT.BSE_IDX,01/07/2025,09:45:20,45781.08,0,0,0,0,0,0
FOCIT.BSE_IDX,01/07/2025,09:45:28,45774.09,0,0,0,0,0,0
FOCIT.BSE_IDX,01/07/2025,09:45:36,45775.63,0,0,0,0,0,0
FOCIT.BSE_IDX,01/07/2025,09:45:44,45759.35,0,0,0,0,0,0
FOCIT.BSE_IDX,01/07/2025,09:45:52,45761.89,0,0,0,0,0,0
FOCIT.BSE_IDX,01/07/2025,09:46:01,45747.39,0,0,0,0,0,0
FOCIT.BSE_IDX,01/07/2025,09:46:08,45740.38,0,0,0,0,0,0
FOCIT.BSE_IDX,01/07/2025,09:46:16,45731.54,0,0,0,0,0,0
FOCIT.BSE_IDX,01/07/2025,09:46:24,45724.7,0,0,0,0,0,0
FOCIT.BSE_IDX,01/07/2025,09:46:32,45736.51,0,0,0,0,0,0
FOCIT.BSE_IDX,01/07/2025,09:46:40,45740.77,0,0,0,0,0,0
FOCIT.BSE_IDX,01/07/2025,09:46:48,45735.24,0,0,0,0,0,0
FOCIT.BSE_IDX,01/07/2025,09:46:56,45731.92,0,0,0,0,0,0
FOCIT.BSE_IDX,01/07/2025,09:47:04,45723.35,0,0,0,0,0,0
FOCIT.BSE_IDX,01/07/2025,09:47:12,45725.37,0,0,0,0,0,0
FOCIT.BSE_IDX,01/07/2025,09:47:20,45715.68,0,0,0,0,0,0
FOCIT.BSE_IDX,01/07/2025,09:47:28,45715.56,0,0,0,0,0,0
FOCIT.BSE_IDX,01/07/2025,09:47:36,45716.24,0,0,0,0,0,0
FOCIT.BSE_IDX,01/07/2025,09:47:44,45718.04,0,0,0,0,0,0
FOCIT.BSE_IDX,01/07/2025,09:47:52,45718.44,0,0,0,0,0,0
FOCIT.BSE_IDX,01/07/2025,09:48:00,45723.23,0,0,0,0,0,0
FOCIT.BSE_IDX,01/07/2025,09:48:08,45721.46,0,0,0,0,0,0
FOCIT.BSE_IDX,01/07/2025,09:48:16,45727,0,0,0,0,0,0
FOCIT.BSE_IDX,01/07/2025,09:48:24,45729.67,0,0,0,0,0,0
FOCIT.BSE_IDX,01/07/2025,09:48:32,45739.21,0,0,0,0,0,0
FOCIT.BSE_IDX,01/07/2025,09:48:40,45734.12,0,0,0,0,0,0
FOCIT.BSE_IDX,01/07/2025,09:48:48,45730.05,0,0,0,0,0,0
FOCIT.BSE_IDX,01/07/2025,09:48:56,45731.67,0,0,0,0,0,0
FOCIT.BSE_IDX,01/07/2025,09:49:04,45732.56,0,0,0,0,0,0
FOCIT.BSE_IDX,01/07/2025,09:49:12,45713.26,0,0,0,0,0,0
FOCIT.BSE_IDX,01/07/2025,09:49:20,45708.21,0,0,0,0,0,0
FOCIT.BSE_IDX,01/07/2025,09:49:28,45718.27,0,0,0,0,0,0
FOCIT.BSE_IDX,01/07/2025,09:49:36,45718.27,0,0,0,0,0,0
FOCIT.BSE_IDX,01/07/2025,09:49:44,45718.4,0,0,0,0,0,0
FOCIT.BSE_IDX,01/07/2025,09:49:52,45718.2,0,0,0,0,0,0
FOCIT.BSE_IDX,01/07/2025,09:50:00,45711.89,0,0,0,0,0,0
FOCIT.BSE_IDX,01/07/2025,09:50:08,45705.88,0,0,0,0,0,0
FOCIT.BSE_IDX,01/07/2025,09:50:16,45706.02,0,0,0,0,0,0
FOCIT.BSE_IDX,01/07/2025,09:50:24,45705.52,0,0,0,0,0,0
FOCIT.BSE_IDX,01/07/2025,09:50:32,45702.72,0,0,0,0,0,0
FOCIT.BSE_IDX,01/07/2025,09:50:40,45693.57,0,0,0,0,0,0
FOCIT.BSE_IDX,01/07/2025,09:50:48,45695.62,0,0,0,0,0,0
FOCIT.BSE_IDX,01/07/2025,09:50:57,45697.7,0,0,0,0,0,0
FOCIT.BSE_IDX,01/07/2025,09:51:04,45691.33,0,0,0,0,0,0
FOCIT.BSE_IDX,01/07/2025,09:51:12,45702.06,0,0,0,0,0,0
FOCIT.BSE_IDX,01/07/2025,09:51:20,45699.05,0,0,0,0,0,0
FOCIT.BSE_IDX,01/07/2025,09:51:28,45682.81,0,0,0,0,0,0
FOCIT.BSE_IDX,01/07/2025,09:51:37,45682.68,0,0,0,0,0,0
FOCIT.BSE_IDX,01/07/2025,09:51:44,45682.68,0,0,0,0,0,0
FOCIT.BSE_IDX,01/07/2025,09:51:52,45690.52,0,0,0,0,0,0
FOCIT.BSE_IDX,01/07/2025,09:52:01,45687.17,0,0,0,0,0,0
FOCIT.BSE_IDX,01/07/2025,09:52:08,45688.04,0,0,0,0,0,0
FOCIT.BSE_IDX,01/07/2025,09:52:17,45675.71,0,0,0,0,0,0
FOCIT.BSE_IDX,01/07/2025,09:52:24,45672.55,0,0,0,0,0,0
FOCIT.BSE_IDX,01/07/2025,09:52:32,45696.02,0,0,0,0,0,0
FOCIT.BSE_IDX,01/07/2025,09:52:40,45694.25,0,0,0,0,0,0
FOCIT.BSE_IDX,01/07/2025,09:52:48,45695.71,0,0,0,0,0,0
FOCIT.BSE_IDX,01/07/2025,09:52:57,45693.15,0,0,0,0,0,0
FOCIT.BSE_IDX,01/07/2025,09:53:04,45695.51,0,0,0,0,0,0
FOCIT.BSE_IDX,01/07/2025,09:53:13,45694.13,0,0,0,0,0,0
FOCIT.BSE_IDX,01/07/2025,09:53:20,45687.95,0,0,0,0,0,0
FOCIT.BSE_IDX,01/07/2025,09:53:28,45689.63,0,0,0,0,0,0
FOCIT.BSE_IDX,01/07/2025,09:53:36,45693.66,0,0,0,0,0,0
FOCIT.BSE_IDX,01/07/2025,09:53:44,45693.81,0,0,0,0,0,0
FOCIT.BSE_IDX,01/07/2025,09:53:52,45694.89,0,0,0,0,0,0
FOCIT.BSE_IDX,01/07/2025,09:54:00,45681.33,0,0,0,0,0,0
FOCIT.BSE_IDX,01/07/2025,09:54:08,45675.2,0,0,0,0,0,0
FOCIT.BSE_IDX,01/07/2025,09:54:16,45667.03,0,0,0,0,0,0
FOCIT.BSE_IDX,01/07/2025,09:54:24,45663.78,0,0,0,0,0,0
FOCIT.BSE_IDX,01/07/2025,09:54:32,45666.98,0,0,0,0,0,0
FOCIT.BSE_IDX,01/07/2025,09:54:40,45664.53,0,0,0,0,0,0
FOCIT.BSE_IDX,01/07/2025,09:54:48,45671.58,0,0,0,0,0,0
FOCIT.BSE_IDX,01/07/2025,09:54:56,45672.34,0,0,0,0,0,0
FOCIT.BSE_IDX,01/07/2025,09:55:04,45669.11,0,0,0,0,0,0
FOCIT.BSE_IDX,01/07/2025,09:55:12,45670.95,0,0,0,0,0,0
FOCIT.BSE_IDX,01/07/2025,09:55:20,45675.7,0,0,0,0,0,0
FOCIT.BSE_IDX,01/07/2025,09:55:28,45672.84,0,0,0,0,0,0
FOCIT.BSE_IDX,01/07/2025,09:55:36,45671.49,0,0,0,0,0,0
FOCIT.BSE_IDX,01/07/2025,09:55:44,45669.69,0,0,0,0,0,0
FOCIT.BSE_IDX,01/07/2025,09:55:52,45655.96,0,0,0,0,0,0
FOCIT.BSE_IDX,01/07/2025,09:56:00,45653.72,0,0,0,0,0,0
FOCIT.BSE_IDX,01/07/2025,09:56:08,45652.94,0,0,0,0,0,0
FOCIT.BSE_IDX,01/07/2025,09:56:16,45658.57,0,0,0,0,0,0
FOCIT.BSE_IDX,01/07/2025,09:56:25,45658.57,0,0,0,0,0,0
FOCIT.BSE_IDX,01/07/2025,09:56:33,45652.02,0,0,0,0,0,0
FOCIT.BSE_IDX,01/07/2025,09:56:41,45648.64,0,0,0,0,0,0
FOCIT.BSE_IDX,01/07/2025,09:56:48,45647.3,0,0,0,0,0,0
FOCIT.BSE_IDX,01/07/2025,09:56:57,45636.96,0,0,0,0,0,0
FOCIT.BSE_IDX,01/07/2025,09:57:04,45628.79,0,0,0,0,0,0
FOCIT.BSE_IDX,01/07/2025,09:57:12,45630.24,0,0,0,0,0,0
FOCIT.BSE_IDX,01/07/2025,09:57:20,45627.59,0,0,0,0,0,0
FOCIT.BSE_IDX,01/07/2025,09:57:28,45621.63,0,0,0,0,0,0
FOCIT.BSE_IDX,01/07/2025,09:57:36,45616.68,0,0,0,0,0,0
FOCIT.BSE_IDX,01/07/2025,09:57:44,45621.67,0,0,0,0,0,0
FOCIT.BSE_IDX,01/07/2025,09:57:52,45623.82,0,0,0,0,0,0
FOCIT.BSE_IDX,01/07/2025,09:58:00,45618.66,0,0,0,0,0,0
FOCIT.BSE_IDX,01/07/2025,09:58:08,45618.3,0,0,0,0,0,0
FOCIT.BSE_IDX,01/07/2025,09:58:16,45615.29,0,0,0,0,0,0
FOCIT.BSE_IDX,01/07/2025,09:58:24,45604.09,0,0,0,0,0,0
FOCIT.BSE_IDX,01/07/2025,09:58:32,45601.81,0,0,0,0,0,0
FOCIT.BSE_IDX,01/07/2025,09:58:40,45608.26,0,0,0,0,0,0
FOCIT.BSE_IDX,01/07/2025,09:58:48,45616.61,0,0,0,0,0,0
FOCIT.BSE_IDX,01/07/2025,09:58:56,45622.57,0,0,0,0,0,0
FOCIT.BSE_IDX,01/07/2025,09:59:05,45641.59,0,0,0,0,0,0
FOCIT.BSE_IDX,01/07/2025,09:59:12,45644.7,0,0,0,0,0,0
FOCIT.BSE_IDX,01/07/2025,09:59:20,45651.33,0,0,0,0,0,0
FOCIT.BSE_IDX,01/07/2025,09:59:28,45652.11,0,0,0,0,0,0
FOCIT.BSE_IDX,01/07/2025,09:59:36,45647.97,0,0,0,0,0,0
FOCIT.BSE_IDX,01/07/2025,09:59:45,45657.89,0,0,0,0,0,0
FOCIT.BSE_IDX,01/07/2025,09:59:52,45654.52,0,0,0,0,0,0
FOCIT.BSE_IDX,01/07/2025,10:00:01,45662.41,0,0,0,0,0,0
FOCIT.BSE_IDX,01/07/2025,10:00:08,45666.68,0,0,0,0,0,0
FOCIT.BSE_IDX,01/07/2025,10:00:16,45668.32,0,0,0,0,0,0
FOCIT.BSE_IDX,01/07/2025,10:00:25,45667.73,0,0,0,0,0,0
FOCIT.BSE_IDX,01/07/2025,10:00:32,45669.39,0,0,0,0,0,0
FOCIT.BSE_IDX,01/07/2025,10:00:40,45667.55,0,0,0,0,0,0
FOCIT.BSE_IDX,01/07/2025,10:00:49,45664.32,0,0,0,0,0,0
FOCIT.BSE_IDX,01/07/2025,10:00:57,45663.77,0,0,0,0,0,0
FOCIT.BSE_IDX,01/07/2025,10:01:04,45656.27,0,0,0,0,0,0
FOCIT.BSE_IDX,01/07/2025,10:01:12,45647.94,0,0,0,0,0,0
FOCIT.BSE_IDX,01/07/2025,10:01:21,45651.27,0,0,0,0,0,0
FOCIT.BSE_IDX,01/07/2025,10:01:29,45646.07,0,0,0,0,0,0
FOCIT.BSE_IDX,01/07/2025,10:01:37,45646.8,0,0,0,0,0,0
FOCIT.BSE_IDX,01/07/2025,10:01:44,45644.65,0,0,0,0,0,0
FOCIT.BSE_IDX,01/07/2025,10:01:52,45640.58,0,0,0,0,0,0
FOCIT.BSE_IDX,01/07/2025,10:02:00,45634.71,0,0,0,0,0,0
FOCIT.BSE_IDX,01/07/2025,10:02:09,45625.1,0,0,0,0,0,0
FOCIT.BSE_IDX,01/07/2025,10:02:17,45614.92,0,0,0,0,0,0
FOCIT.BSE_IDX,01/07/2025,10:02:24,45615.4,0,0,0,0,0,0
FOCIT.BSE_IDX,01/07/2025,10:02:32,45611.42,0,0,0,0,0,0
FOCIT.BSE_IDX,01/07/2025,10:02:41,45614.62,0,0,0,0,0,0
FOCIT.BSE_IDX,01/07/2025,10:02:49,45608.75,0,0,0,0,0,0
FOCIT.BSE_IDX,01/07/2025,10:02:57,45602.34,0,0,0,0,0,0
FOCIT.BSE_IDX,01/07/2025,10:03:04,45605.39,0,0,0,0,0,0
FOCIT.BSE_IDX,01/07/2025,10:03:13,45594.02,0,0,0,0,0,0
FOCIT.BSE_IDX,01/07/2025,10:03:20,45584.48,0,0,0,0,0,0
FOCIT.BSE_IDX,01/07/2025,10:03:29,45568.54,0,0,0,0,0,0
FOCIT.BSE_IDX,01/07/2025,10:03:37,45567.34,0,0,0,0,0,0
FOCIT.BSE_IDX,01/07/2025,10:03:45,45565.7,0,0,0,0,0,0
FOCIT.BSE_IDX,01/07/2025,10:03:53,45569.39,0,0,0,0,0,0
FOCIT.BSE_IDX,01/07/2025,10:04:01,45569.79,0,0,0,0,0,0
FOCIT.BSE_IDX,01/07/2025,10:04:09,45573.8,0,0,0,0,0,0
FOCIT.BSE_IDX,01/07/2025,10:04:17,45580.22,0,0,0,0,0,0
FOCIT.BSE_IDX,01/07/2025,10:04:25,45572.74,0,0,0,0,0,0
FOCIT.BSE_IDX,01/07/2025,10:04:33,45578.54,0,0,0,0,0,0
FOCIT.BSE_IDX,01/07/2025,10:04:41,45594.05,0,0,0,0,0,0
FOCIT.BSE_IDX,01/07/2025,10:04:50,45604.4,0,0,0,0,0,0
FOCIT.BSE_IDX,01/07/2025,10:04:57,45600.2,0,0,0,0,0,0
FOCIT.BSE_IDX,01/07/2025,10:05:05,45591.67,0,0,0,0,0,0
FOCIT.BSE_IDX,01/07/2025,10:05:14,45590.57,0,0,0,0,0,0
FOCIT.BSE_IDX,01/07/2025,10:05:21,45586.3,0,0,0,0,0,0
FOCIT.BSE_IDX,01/07/2025,10:05:29,45569.55,0,0,0,0,0,0
FOCIT.BSE_IDX,01/07/2025,10:05:37,45570.9,0,0,0,0,0,0
FOCIT.BSE_IDX,01/07/2025,10:05:45,45584.5,0,0,0,0,0,0
FOCIT.BSE_IDX,01/07/2025,10:05:53,45585.54,0,0,0,0,0,0
FOCIT.BSE_IDX,01/07/2025,10:06:01,45589.32,0,0,0,0,0,0
FOCIT.BSE_IDX,01/07/2025,10:06:09,45597.94,0,0,0,0,0,0
FOCIT.BSE_IDX,01/07/2025,10:06:17,45598.76,0,0,0,0,0,0
FOCIT.BSE_IDX,01/07/2025,10:06:25,45599.48,0,0,0,0,0,0
FOCIT.BSE_IDX,01/07/2025,10:06:33,45599.48,0,0,0,0,0,0
FOCIT.BSE_IDX,01/07/2025,10:06:41,45606.12,0,0,0,0,0,0
FOCIT.BSE_IDX,01/07/2025,10:06:49,45605.03,0,0,0,0,0,0
FOCIT.BSE_IDX,01/07/2025,10:06:57,45601.46,0,0,0,0,0,0
FOCIT.BSE_IDX,01/07/2025,10:07:05,45603.23,0,0,0,0,0,0
FOCIT.BSE_IDX,01/07/2025,10:07:13,45599.75,0,0,0,0,0,0
FOCIT.BSE_IDX,01/07/2025,10:07:21,45598.23,0,0,0,0,0,0
FOCIT.BSE_IDX,01/07/2025,10:07:29,45598.95,0,0,0,0,0,0
FOCIT.BSE_IDX,01/07/2025,10:07:37,45592.61,0,0,0,0,0,0
FOCIT.BSE_IDX,01/07/2025,10:07:45,45593.64,0,0,0,0,0,0
FOCIT.BSE_IDX,01/07/2025,10:07:53,45601.46,0,0,0,0,0,0
FOCIT.BSE_IDX,01/07/2025,10:08:01,45599.16,0,0,0,0,0,0
FOCIT.BSE_IDX,01/07/2025,10:08:09,45598.42,0,0,0,0,0,0
FOCIT.BSE_IDX,01/07/2025,10:08:17,45598.63,0,0,0,0,0,0
FOCIT.BSE_IDX,01/07/2025,10:08:25,45598.81,0,0,0,0,0,0
FOCIT.BSE_IDX,01/07/2025,10:08:33,45601.73,0,0,0,0,0,0
FOCIT.BSE_IDX,01/07/2025,10:08:41,45601.9,0,0,0,0,0,0
FOCIT.BSE_IDX,01/07/2025,10:08:49,45601.51,0,0,0,0,0,0
FOCIT.BSE_IDX,01/07/2025,10:08:57,45600.92,0,0,0,0,0,0
FOCIT.BSE_IDX,01/07/2025,10:09:05,45582.45,0,0,0,0,0,0
FOCIT.BSE_IDX,01/07/2025,10:09:13,45575.55,0,0,0,0,0,0
FOCIT.BSE_IDX,01/07/2025,10:09:21,45574.05,0,0,0,0,0,0
FOCIT.BSE_IDX,01/07/2025,10:09:29,45569.28,0,0,0,0,0,0
FOCIT.BSE_IDX,01/07/2025,10:09:37,45565.92,0,0,0,0,0,0
FOCIT.BSE_IDX,01/07/2025,10:09:45,45573.35,0,0,0,0,0,0
FOCIT.BSE_IDX,01/07/2025,10:09:53,45571.47,0,0,0,0,0,0
FOCIT.BSE_IDX,01/07/2025,10:10:01,45567.97,0,0,0,0,0,0
FOCIT.BSE_IDX,01/07/2025,10:10:09,45566.5,0,0,0,0,0,0
FOCIT.BSE_IDX,01/07/2025,10:10:17,45567.11,0,0,0,0,0,0
FOCIT.BSE_IDX,01/07/2025,10:10:25,45572.67,0,0,0,0,0,0
FOCIT.BSE_IDX,01/07/2025,10:10:33,45574.13,0,0,0,0,0,0
FOCIT.BSE_IDX,01/07/2025,10:10:41,45574.98,0,0,0,0,0,0
FOCIT.BSE_IDX,01/07/2025,10:10:49,45578.26,0,0,0,0,0,0
FOCIT.BSE_IDX,01/07/2025,10:10:57,45577.67,0,0,0,0,0,0
FOCIT.BSE_IDX,01/07/2025,10:11:05,45577.67,0,0,0,0,0,0
FOCIT.BSE_IDX,01/07/2025,10:11:13,45579.39,0,0,0,0,0,0
FOCIT.BSE_IDX,01/07/2025,10:11:22,45579.85,0,0,0,0,0,0
FOCIT.BSE_IDX,01/07/2025,10:11:29,45577.21,0,0,0,0,0,0
FOCIT.BSE_IDX,01/07/2025,10:11:37,45577.55,0,0,0,0,0,0
FOCIT.BSE_IDX,01/07/2025,10:11:45,45580.2,0,0,0,0,0,0
FOCIT.BSE_IDX,01/07/2025,10:11:53,45569.94,0,0,0,0,0,0
FOCIT.BSE_IDX,01/07/2025,10:12:01,45582.01,0,0,0,0,0,0
FOCIT.BSE_IDX,01/07/2025,10:12:09,45580.7,0,0,0,0,0,0
FOCIT.BSE_IDX,01/07/2025,10:12:17,45582.77,0,0,0,0,0,0
FOCIT.BSE_IDX,01/07/2025,10:12:25,45572.11,0,0,0,0,0,0
FOCIT.BSE_IDX,01/07/2025,10:12:33,45576.76,0,0,0,0,0,0
FOCIT.BSE_IDX,01/07/2025,10:12:41,45575.11,0,0,0,0,0,0
FOCIT.BSE_IDX,01/07/2025,10:12:49,45572.29,0,0,0,0,0,0
FOCIT.BSE_IDX,01/07/2025,10:12:57,45555.91,0,0,0,0,0,0
FOCIT.BSE_IDX,01/07/2025,10:13:05,45553.26,0,0,0,0,0,0
FOCIT.BSE_IDX,01/07/2025,10:13:13,45571.78,0,0,0,0,0,0
FOCIT.BSE_IDX,01/07/2025,10:13:21,45574.08,0,0,0,0,0,0
FOCIT.BSE_IDX,01/07/2025,10:13:29,45572.45,0,0,0,0,0,0
FOCIT.BSE_IDX,01/07/2025,10:13:37,45569.35,0,0,0,0,0,0
FOCIT.BSE_IDX,01/07/2025,10:13:45,45572.29,0,0,0,0,0,0
FOCIT.BSE_IDX,01/07/2025,10:13:53,45569.89,0,0,0,0,0,0
FOCIT.BSE_IDX,01/07/2025,10:14:01,45574.47,0,0,0,0,0,0
FOCIT.BSE_IDX,01/07/2025,10:14:09,45574.18,0,0,0,0,0,0
FOCIT.BSE_IDX,01/07/2025,10:14:17,45568.16,0,0,0,0,0,0
FOCIT.BSE_IDX,01/07/2025,10:14:25,45568.16,0,0,0,0,0,0
FOCIT.BSE_IDX,01/07/2025,10:14:33,45568.75,0,0,0,0,0,0
FOCIT.BSE_IDX,01/07/2025,10:14:41,45570.71,0,0,0,0,0,0
FOCIT.BSE_IDX,01/07/2025,10:14:49,45571.65,0,0,0,0,0,0
FOCIT.BSE_IDX,01/07/2025,10:14:57,45569.66,0,0,0,0,0,0
FOCIT.BSE_IDX,01/07/2025,10:15:05,45569.2,0,0,0,0,0,0
FOCIT.BSE_IDX,01/07/2025,10:15:13,45569.48,0,0,0,0,0,0
FOCIT.BSE_IDX,01/07/2025,10:15:21,45575.09,0,0,0,0,0,0
FOCIT.BSE_IDX,01/07/2025,10:15:29,45572.74,0,0,0,0,0,0
FOCIT.BSE_IDX,01/07/2025,10:15:37,45591.94,0,0,0,0,0,0
FOCIT.BSE_IDX,01/07/2025,10:15:45,45601.44,0,0,0,0,0,0
FOCIT.BSE_IDX,01/07/2025,10:15:53,45611.02,0,0,0,0,0,0
FOCIT.BSE_IDX,01/07/2025,10:16:01,45618.08,0,0,0,0,0,0
FOCIT.BSE_IDX,01/07/2025,10:16:09,45620.22,0,0,0,0,0,0
FOCIT.BSE_IDX,01/07/2025,10:16:17,45618.28,0,0,0,0,0,0
FOCIT.BSE_IDX,01/07/2025,10:16:25,45622.27,0,0,0,0,0,0
FOCIT.BSE_IDX,01/07/2025,10:16:33,45626.58,0,0,0,0,0,0
FOCIT.BSE_IDX,01/07/2025,10:16:41,45633.64,0,0,0,0,0,0
FOCIT.BSE_IDX,01/07/2025,10:16:49,45630.21,0,0,0,0,0,0
FOCIT.BSE_IDX,01/07/2025,10:16:57,45638.7,0,0,0,0,0,0
FOCIT.BSE_IDX,01/07/2025,10:17:05,45643.45,0,0,0,0,0,0
FOCIT.BSE_IDX,01/07/2025,10:17:13,45648.44,0,0,0,0,0,0
FOCIT.BSE_IDX,01/07/2025,10:17:21,45674.61,0,0,0,0,0,0
FOCIT.BSE_IDX,01/07/2025,10:17:29,45679.66,0,0,0,0,0,0
FOCIT.BSE_IDX,01/07/2025,10:17:37,45676.34,0,0,0,0,0,0
FOCIT.BSE_IDX,01/07/2025,10:17:45,45678.06,0,0,0,0,0,0
FOCIT.BSE_IDX,01/07/2025,10:17:53,45678.18,0,0,0,0,0,0
FOCIT.BSE_IDX,01/07/2025,10:18:01,45684.87,0,0,0,0,0,0
FOCIT.BSE_IDX,01/07/2025,10:18:09,45684.89,0,0,0,0,0,0
FOCIT.BSE_IDX,01/07/2025,10:18:17,45683.61,0,0,0,0,0,0
FOCIT.BSE_IDX,01/07/2025,10:18:25,45684.82,0,0,0,0,0,0
FOCIT.BSE_IDX,01/07/2025,10:18:33,45683.56,0,0,0,0,0,0
FOCIT.BSE_IDX,01/07/2025,10:18:41,45676.59,0,0,0,0,0,0
FOCIT.BSE_IDX,01/07/2025,10:18:49,45675.34,0,0,0,0,0,0
FOCIT.BSE_IDX,01/07/2025,10:18:57,45678.62,0,0,0,0,0,0
FOCIT.BSE_IDX,01/07/2025,10:19:05,45676.57,0,0,0,0,0,0
FOCIT.BSE_IDX,01/07/2025,10:19:13,45673.77,0,0,0,0,0,0
FOCIT.BSE_IDX,01/07/2025,10:19:21,45671.12,0,0,0,0,0,0
FOCIT.BSE_IDX,01/07/2025,10:19:29,45678.65,0,0,0,0,0,0
FOCIT.BSE_IDX,01/07/2025,10:19:37,45678.65,0,0,0,0,0,0
FOCIT.BSE_IDX,01/07/2025,10:19:45,45678.65,0,0,0,0,0,0
FOCIT.BSE_IDX,01/07/2025,10:19:53,45677.14,0,0,0,0,0,0
FOCIT.BSE_IDX,01/07/2025,10:20:01,45678.65,0,0,0,0,0,0
FOCIT.BSE_IDX,01/07/2025,10:20:09,45673.68,0,0,0,0,0,0
FOCIT.BSE_IDX,01/07/2025,10:20:17,45674.15,0,0,0,0,0,0
FOCIT.BSE_IDX,01/07/2025,10:20:25,45668.97,0,0,0,0,0,0
FOCIT.BSE_IDX,01/07/2025,10:20:33,45673.21,0,0,0,0,0,0
FOCIT.BSE_IDX,01/07/2025,10:20:41,45679.94,0,0,0,0,0,0
FOCIT.BSE_IDX,01/07/2025,10:20:49,45680.87,0,0,0,0,0,0
FOCIT.BSE_IDX,01/07/2025,10:20:57,45673.28,0,0,0,0,0,0
FOCIT.BSE_IDX,01/07/2025,10:21:05,45671.35,0,0,0,0,0,0
FOCIT.BSE_IDX,01/07/2025,10:21:13,45676.88,0,0,0,0,0,0
FOCIT.BSE_IDX,01/07/2025,10:21:21,45676.88,0,0,0,0,0,0
FOCIT.BSE_IDX,01/07/2025,10:21:29,45682.61,0,0,0,0,0,0
FOCIT.BSE_IDX,01/07/2025,10:21:37,45680.25,0,0,0,0,0,0
FOCIT.BSE_IDX,01/07/2025,10:21:45,45679.19,0,0,0,0,0,0
FOCIT.BSE_IDX,01/07/2025,10:21:53,45680.17,0,0,0,0,0,0
FOCIT.BSE_IDX,01/07/2025,10:22:01,45684.81,0,0,0,0,0,0
FOCIT.BSE_IDX,01/07/2025,10:22:09,45685.3,0,0,0,0,0,0
FOCIT.BSE_IDX,01/07/2025,10:22:17,45681.94,0,0,0,0,0,0
FOCIT.BSE_IDX,01/07/2025,10:22:25,45690.68,0,0,0,0,0,0
FOCIT.BSE_IDX,01/07/2025,10:22:33,45690.63,0,0,0,0,0,0
FOCIT.BSE_IDX,01/07/2025,10:22:41,45703.22,0,0,0,0,0,0
FOCIT.BSE_IDX,01/07/2025,10:22:49,45704.83,0,0,0,0,0,0
FOCIT.BSE_IDX,01/07/2025,10:22:57,45714.62,0,0,0,0,0,0
FOCIT.BSE_IDX,01/07/2025,10:23:05,45714.62,0,0,0,0,0,0
FOCIT.BSE_IDX,01/07/2025,10:23:13,45717.73,0,0,0,0,0,0
FOCIT.BSE_IDX,01/07/2025,10:23:21,45717.46,0,0,0,0,0,0
FOCIT.BSE_IDX,01/07/2025,10:23:29,45724.12,0,0,0,0,0,0
FOCIT.BSE_IDX,01/07/2025,10:23:37,45726.54,0,0,0,0,0,0
FOCIT.BSE_IDX,01/07/2025,10:23:45,45723.95,0,0,0,0,0,0
FOCIT.BSE_IDX,01/07/2025,10:23:53,45718.4,0,0,0,0,0,0
FOCIT.BSE_IDX,01/07/2025,10:24:01,45714.76,0,0,0,0,0,0
FOCIT.BSE_IDX,01/07/2025,10:24:09,45712,0,0,0,0,0,0
FOCIT.BSE_IDX,01/07/2025,10:24:17,45700.09,0,0,0,0,0,0
FOCIT.BSE_IDX,01/07/2025,10:24:25,45697.76,0,0,0,0,0,0
FOCIT.BSE_IDX,01/07/2025,10:24:33,45686.26,0,0,0,0,0,0
FOCIT.BSE_IDX,01/07/2025,10:24:41,45685.8,0,0,0,0,0,0
FOCIT.BSE_IDX,01/07/2025,10:24:49,45683.37,0,0,0,0,0,0
FOCIT.BSE_IDX,01/07/2025,10:24:57,45693.8,0,0,0,0,0,0
FOCIT.BSE_IDX,01/07/2025,10:25:05,45691.45,0,0,0,0,0,0
FOCIT.BSE_IDX,01/07/2025,10:25:13,45690.62,0,0,0,0,0,0
FOCIT.BSE_IDX,01/07/2025,10:25:21,45684.64,0,0,0,0,0,0
FOCIT.BSE_IDX,01/07/2025,10:25:29,45684.67,0,0,0,0,0,0
FOCIT.BSE_IDX,01/07/2025,10:25:37,45688.95,0,0,0,0,0,0
FOCIT.BSE_IDX,01/07/2025,10:25:45,45683.12,0,0,0,0,0,0
FOCIT.BSE_IDX,01/07/2025,10:25:53,45682.32,0,0,0,0,0,0
FOCIT.BSE_IDX,01/07/2025,10:26:01,45688.25,0,0,0,0,0,0
FOCIT.BSE_IDX,01/07/2025,10:26:09,45687.66,0,0,0,0,0,0
FOCIT.BSE_IDX,01/07/2025,10:26:17,45692.34,0,0,0,0,0,0
FOCIT.BSE_IDX,01/07/2025,10:26:25,45691.61,0,0,0,0,0,0
FOCIT.BSE_IDX,01/07/2025,10:26:33,45689.15,0,0,0,0,0,0
FOCIT.BSE_IDX,01/07/2025,10:26:41,45689.8,0,0,0,0,0,0
FOCIT.BSE_IDX,01/07/2025,10:26:49,45692.07,0,0,0,0,0,0
FOCIT.BSE_IDX,01/07/2025,10:26:57,45689.31,0,0,0,0,0,0
FOCIT.BSE_IDX,01/07/2025,10:27:05,45684.91,0,0,0,0,0,0
FOCIT.BSE_IDX,01/07/2025,10:27:13,45680.02,0,0,0,0,0,0
FOCIT.BSE_IDX,01/07/2025,10:27:21,45678.84,0,0,0,0,0,0
FOCIT.BSE_IDX,01/07/2025,10:27:29,45687.64,0,0,0,0,0,0
FOCIT.BSE_IDX,01/07/2025,10:27:37,45687.02,0,0,0,0,0,0
FOCIT.BSE_IDX,01/07/2025,10:27:45,45689.78,0,0,0,0,0,0
FOCIT.BSE_IDX,01/07/2025,10:27:53,45689.78,0,0,0,0,0,0
FOCIT.BSE_IDX,01/07/2025,10:28:01,45693.11,0,0,0,0,0,0
FOCIT.BSE_IDX,01/07/2025,10:28:09,45692.36,0,0,0,0,0,0
FOCIT.BSE_IDX,01/07/2025,10:28:17,45703.03,0,0,0,0,0,0
FOCIT.BSE_IDX,01/07/2025,10:28:25,45695.62,0,0,0,0,0,0
FOCIT.BSE_IDX,01/07/2025,10:28:33,45697.51,0,0,0,0,0,0
FOCIT.BSE_IDX,01/07/2025,10:28:41,45695.01,0,0,0,0,0,0
FOCIT.BSE_IDX,01/07/2025,10:28:49,45695.7,0,0,0,0,0,0
FOCIT.BSE_IDX,01/07/2025,10:28:57,45699.43,0,0,0,0,0,0
FOCIT.BSE_IDX,01/07/2025,10:29:05,45706.19,0,0,0,0,0,0
FOCIT.BSE_IDX,01/07/2025,10:29:13,45706.78,0,0,0,0,0,0
FOCIT.BSE_IDX,01/07/2025,10:29:21,45706.78,0,0,0,0,0,0
FOCIT.BSE_IDX,01/07/2025,10:29:29,45706.78,0,0,0,0,0,0
FOCIT.BSE_IDX,01/07/2025,10:29:37,45698.18,0,0,0,0,0,0
FOCIT.BSE_IDX,01/07/2025,10:29:46,45698.18,0,0,0,0,0,0
FOCIT.BSE_IDX,01/07/2025,10:29:54,45696.6,0,0,0,0,0,0
FOCIT.BSE_IDX,01/07/2025,10:30:01,45696.6,0,0,0,0,0,0
FOCIT.BSE_IDX,01/07/2025,10:30:09,45703.5,0,0,0,0,0,0
FOCIT.BSE_IDX,01/07/2025,10:30:17,45709.93,0,0,0,0,0,0
FOCIT.BSE_IDX,01/07/2025,10:30:25,45714.71,0,0,0,0,0,0
FOCIT.BSE_IDX,01/07/2025,10:30:33,45714.71,0,0,0,0,0,0
FOCIT.BSE_IDX,01/07/2025,10:30:41,45715.67,0,0,0,0,0,0
FOCIT.BSE_IDX,01/07/2025,10:30:49,45711.8,0,0,0,0,0,0
FOCIT.BSE_IDX,01/07/2025,10:30:57,45712.87,0,0,0,0,0,0
FOCIT.BSE_IDX,01/07/2025,10:31:05,45717.31,0,0,0,0,0,0
FOCIT.BSE_IDX,01/07/2025,10:31:13,45717.31,0,0,0,0,0,0
FOCIT.BSE_IDX,01/07/2025,10:31:22,45717.31,0,0,0,0,0,0
FOCIT.BSE_IDX,01/07/2025,10:31:29,45716.52,0,0,0,0,0,0
FOCIT.BSE_IDX,01/07/2025,10:31:37,45715.54,0,0,0,0,0,0
FOCIT.BSE_IDX,01/07/2025,10:31:46,45707.08,0,0,0,0,0,0
FOCIT.BSE_IDX,01/07/2025,10:31:53,45705.87,0,0,0,0,0,0
FOCIT.BSE_IDX,01/07/2025,10:32:01,45706.28,0,0,0,0,0,0
FOCIT.BSE_IDX,01/07/2025,10:32:10,45698.94,0,0,0,0,0,0
FOCIT.BSE_IDX,01/07/2025,10:32:17,45698.94,0,0,0,0,0,0
FOCIT.BSE_IDX,01/07/2025,10:32:25,45698.94,0,0,0,0,0,0
FOCIT.BSE_IDX,01/07/2025,10:32:33,45700.37,0,0,0,0,0,0
FOCIT.BSE_IDX,01/07/2025,10:32:41,45699.38,0,0,0,0,0,0
FOCIT.BSE_IDX,01/07/2025,10:32:49,45700.61,0,0,0,0,0,0
FOCIT.BSE_IDX,01/07/2025,10:32:57,45709.48,0,0,0,0,0,0
FOCIT.BSE_IDX,01/07/2025,10:33:06,45713.12,0,0,0,0,0,0
FOCIT.BSE_IDX,01/07/2025,10:33:13,45712.9,0,0,0,0,0,0
FOCIT.BSE_IDX,01/07/2025,10:33:22,45709.71,0,0,0,0,0,0
FOCIT.BSE_IDX,01/07/2025,10:33:29,45707.94,0,0,0,0,0,0
FOCIT.BSE_IDX,01/07/2025,10:33:37,45710.8,0,0,0,0,0,0
FOCIT.BSE_IDX,01/07/2025,10:33:45,45712.39,0,0,0,0,0,0
FOCIT.BSE_IDX,01/07/2025,10:33:53,45712.85,0,0,0,0,0,0
FOCIT.BSE_IDX,01/07/2025,10:34:01,45704.16,0,0,0,0,0,0
FOCIT.BSE_IDX,01/07/2025,10:34:09,45704.65,0,0,0,0,0,0
FOCIT.BSE_IDX,01/07/2025,10:34:17,45702.81,0,0,0,0,0,0
FOCIT.BSE_IDX,01/07/2025,10:34:25,45705.76,0,0,0,0,0,0
FOCIT.BSE_IDX,01/07/2025,10:34:33,45705.34,0,0,0,0,0,0
FOCIT.BSE_IDX,01/07/2025,10:34:41,45708.32,0,0,0,0,0,0
FOCIT.BSE_IDX,01/07/2025,10:34:49,45708.32,0,0,0,0,0,0
FOCIT.BSE_IDX,01/07/2025,10:34:58,45707.15,0,0,0,0,0,0
FOCIT.BSE_IDX,01/07/2025,10:35:06,45707.15,0,0,0,0,0,0
FOCIT.BSE_IDX,01/07/2025,10:35:14,45711.69,0,0,0,0,0,0
FOCIT.BSE_IDX,01/07/2025,10:35:21,45713.5,0,0,0,0,0,0
FOCIT.BSE_IDX,01/07/2025,10:35:29,45709.33,0,0,0,0,0,0
FOCIT.BSE_IDX,01/07/2025,10:35:37,45704.56,0,0,0,0,0,0
FOCIT.BSE_IDX,01/07/2025,10:35:45,45707.25,0,0,0,0,0,0
FOCIT.BSE_IDX,01/07/2025,10:35:54,45716.45,0,0,0,0,0,0
FOCIT.BSE_IDX,01/07/2025,10:36:02,45722.44,0,0,0,0,0,0
FOCIT.BSE_IDX,01/07/2025,10:36:10,45722.44,0,0,0,0,0,0
FOCIT.BSE_IDX,01/07/2025,10:36:18,45725.81,0,0,0,0,0,0
FOCIT.BSE_IDX,01/07/2025,10:36:25,45723.65,0,0,0,0,0,0
FOCIT.BSE_IDX,01/07/2025,10:36:34,45724.88,0,0,0,0,0,0
FOCIT.BSE_IDX,01/07/2025,10:36:42,45724.88,0,0,0,0,0,0
FOCIT.BSE_IDX,01/07/2025,10:36:49,45730.85,0,0,0,0,0,0
FOCIT.BSE_IDX,01/07/2025,10:36:58,45735.07,0,0,0,0,0,0
FOCIT.BSE_IDX,01/07/2025,10:37:06,45736.81,0,0,0,0,0,0
FOCIT.BSE_IDX,01/07/2025,10:37:14,45739.91,0,0,0,0,0,0
FOCIT.BSE_IDX,01/07/2025,10:37:22,45737.36,0,0,0,0,0,0
FOCIT.BSE_IDX,01/07/2025,10:37:30,45731.55,0,0,0,0,0,0
FOCIT.BSE_IDX,01/07/2025,10:37:38,45733.55,0,0,0,0,0,0
FOCIT.BSE_IDX,01/07/2025,10:37:46,45733.55,0,0,0,0,0,0
FOCIT.BSE_IDX,01/07/2025,10:37:54,45735.41,0,0,0,0,0,0
FOCIT.BSE_IDX,01/07/2025,10:38:02,45725.75,0,0,0,0,0,0
FOCIT.BSE_IDX,01/07/2025,10:38:10,45728.85,0,0,0,0,0,0
FOCIT.BSE_IDX,01/07/2025,10:38:18,45721.83,0,0,0,0,0,0
FOCIT.BSE_IDX,01/07/2025,10:38:26,45725.6,0,0,0,0,0,0
FOCIT.BSE_IDX,01/07/2025,10:38:34,45728.1,0,0,0,0,0,0
FOCIT.BSE_IDX,01/07/2025,10:38:42,45729.18,0,0,0,0,0,0
FOCIT.BSE_IDX,01/07/2025,10:38:50,45729.18,0,0,0,0,0,0
FOCIT.BSE_IDX,01/07/2025,10:38:58,45729.92,0,0,0,0,0,0
FOCIT.BSE_IDX,01/07/2025,10:39:06,45739.63,0,0,0,0,0,0
FOCIT.BSE_IDX,01/07/2025,10:39:14,45743.44,0,0,0,0,0,0
FOCIT.BSE_IDX,01/07/2025,10:39:22,45737.62,0,0,0,0,0,0
FOCIT.BSE_IDX,01/07/2025,10:39:30,45732.69,0,0,0,0,0,0
FOCIT.BSE_IDX,01/07/2025,10:39:38,45738.8,0,0,0,0,0,0
FOCIT.BSE_IDX,01/07/2025,10:39:46,45749.42,0,0,0,0,0,0
FOCIT.BSE_IDX,01/07/2025,10:39:54,45747.57,0,0,0,0,0,0
FOCIT.BSE_IDX,01/07/2025,10:40:02,45747.35,0,0,0,0,0,0
FOCIT.BSE_IDX,01/07/2025,10:40:10,45729.51,0,0,0,0,0,0
FOCIT.BSE_IDX,01/07/2025,10:40:18,45727.81,0,0,0,0,0,0
FOCIT.BSE_IDX,01/07/2025,10:40:26,45731.01,0,0,0,0,0,0
FOCIT.BSE_IDX,01/07/2025,10:40:34,45729.01,0,0,0,0,0,0
FOCIT.BSE_IDX,01/07/2025,10:40:42,45728.68,0,0,0,0,0,0
FOCIT.BSE_IDX,01/07/2025,10:40:50,45729.54,0,0,0,0,0,0
FOCIT.BSE_IDX,01/07/2025,10:40:58,45733.31,0,0,0,0,0,0
FOCIT.BSE_IDX,01/07/2025,10:41:06,45729.29,0,0,0,0,0,0
FOCIT.BSE_IDX,01/07/2025,10:41:14,45718.82,0,0,0,0,0,0
FOCIT.BSE_IDX,01/07/2025,10:41:22,45714.58,0,0,0,0,0,0
FOCIT.BSE_IDX,01/07/2025,10:41:30,45706.36,0,0,0,0,0,0
FOCIT.BSE_IDX,01/07/2025,10:41:38,45725.06,0,0,0,0,0,0
FOCIT.BSE_IDX,01/07/2025,10:41:46,45723.87,0,0,0,0,0,0
FOCIT.BSE_IDX,01/07/2025,10:41:54,45723.57,0,0,0,0,0,0
FOCIT.BSE_IDX,01/07/2025,10:42:02,45726.84,0,0,0,0,0,0
FOCIT.BSE_IDX,01/07/2025,10:42:10,45728.2,0,0,0,0,0,0
FOCIT.BSE_IDX,01/07/2025,10:42:18,45726.58,0,0,0,0,0,0
FOCIT.BSE_IDX,01/07/2025,10:42:26,45726.58,0,0,0,0,0,0
FOCIT.BSE_IDX,01/07/2025,10:42:34,45730.47,0,0,0,0,0,0
FOCIT.BSE_IDX,01/07/2025,10:42:42,45727.41,0,0,0,0,0,0
FOCIT.BSE_IDX,01/07/2025,10:42:50,45729.28,0,0,0,0,0,0
FOCIT.BSE_IDX,01/07/2025,10:42:58,45724.61,0,0,0,0,0,0
FOCIT.BSE_IDX,01/07/2025,10:43:06,45724.2,0,0,0,0,0,0
FOCIT.BSE_IDX,01/07/2025,10:43:14,45716.54,0,0,0,0,0,0
FOCIT.BSE_IDX,01/07/2025,10:43:22,45715.72,0,0,0,0,0,0
FOCIT.BSE_IDX,01/07/2025,10:43:30,45715.72,0,0,0,0,0,0
FOCIT.BSE_IDX,01/07/2025,10:43:38,45710.16,0,0,0,0,0,0
FOCIT.BSE_IDX,01/07/2025,10:43:46,45709.37,0,0,0,0,0,0
FOCIT.BSE_IDX,01/07/2025,10:43:54,45715.78,0,0,0,0,0,0
FOCIT.BSE_IDX,01/07/2025,10:44:02,45714.1,0,0,0,0,0,0
FOCIT.BSE_IDX,01/07/2025,10:44:10,45717.67,0,0,0,0,0,0
FOCIT.BSE_IDX,01/07/2025,10:44:18,45713.99,0,0,0,0,0,0
FOCIT.BSE_IDX,01/07/2025,10:44:26,45719.69,0,0,0,0,0,0
FOCIT.BSE_IDX,01/07/2025,10:44:34,45715.76,0,0,0,0,0,0
FOCIT.BSE_IDX,01/07/2025,10:44:42,45717.41,0,0,0,0,0,0
FOCIT.BSE_IDX,01/07/2025,10:44:50,45725.04,0,0,0,0,0,0
FOCIT.BSE_IDX,01/07/2025,10:44:58,45721.4,0,0,0,0,0,0
FOCIT.BSE_IDX,01/07/2025,10:45:07,45711.32,0,0,0,0,0,0
FOCIT.BSE_IDX,01/07/2025,10:45:14,45715.59,0,0,0,0,0,0
FOCIT.BSE_IDX,01/07/2025,10:45:22,45710.88,0,0,0,0,0,0
FOCIT.BSE_IDX,01/07/2025,10:45:30,45709.4,0,0,0,0,0,0
FOCIT.BSE_IDX,01/07/2025,10:45:38,45701.65,0,0,0,0,0,0
FOCIT.BSE_IDX,01/07/2025,10:45:46,45706.79,0,0,0,0,0,0
FOCIT.BSE_IDX,01/07/2025,10:45:54,45707.44,0,0,0,0,0,0
FOCIT.BSE_IDX,01/07/2025,10:46:02,45707.53,0,0,0,0,0,0
FOCIT.BSE_IDX,01/07/2025,10:46:10,45705.62,0,0,0,0,0,0
FOCIT.BSE_IDX,01/07/2025,10:46:18,45707.92,0,0,0,0,0,0
FOCIT.BSE_IDX,01/07/2025,10:46:26,45718.42,0,0,0,0,0,0
FOCIT.BSE_IDX,01/07/2025,10:46:34,45725.15,0,0,0,0,0,0
FOCIT.BSE_IDX,01/07/2025,10:46:42,45731.11,0,0,0,0,0,0
FOCIT.BSE_IDX,01/07/2025,10:46:50,45737.8,0,0,0,0,0,0
FOCIT.BSE_IDX,01/07/2025,10:46:58,45735.29,0,0,0,0,0,0
FOCIT.BSE_IDX,01/07/2025,10:47:06,45737.06,0,0,0,0,0,0
FOCIT.BSE_IDX,01/07/2025,10:47:14,45733.36,0,0,0,0,0,0
FOCIT.BSE_IDX,01/07/2025,10:47:22,45722.09,0,0,0,0,0,0
FOCIT.BSE_IDX,01/07/2025,10:47:30,45722.61,0,0,0,0,0,0
FOCIT.BSE_IDX,01/07/2025,10:47:38,45731.62,0,0,0,0,0,0
FOCIT.BSE_IDX,01/07/2025,10:47:46,45723.89,0,0,0,0,0,0
FOCIT.BSE_IDX,01/07/2025,10:47:54,45729.27,0,0,0,0,0,0
FOCIT.BSE_IDX,01/07/2025,10:48:02,45730.19,0,0,0,0,0,0
FOCIT.BSE_IDX,01/07/2025,10:48:10,45723.34,0,0,0,0,0,0
FOCIT.BSE_IDX,01/07/2025,10:48:18,45722.06,0,0,0,0,0,0
FOCIT.BSE_IDX,01/07/2025,10:48:26,45728.88,0,0,0,0,0,0
FOCIT.BSE_IDX,01/07/2025,10:48:34,45723.36,0,0,0,0,0,0
FOCIT.BSE_IDX,01/07/2025,10:48:42,45721.12,0,0,0,0,0,0
FOCIT.BSE_IDX,01/07/2025,10:48:50,45721.65,0,0,0,0,0,0
FOCIT.BSE_IDX,01/07/2025,10:48:58,45725.83,0,0,0,0,0,0
FOCIT.BSE_IDX,01/07/2025,10:49:06,45715.86,0,0,0,0,0,0
FOCIT.BSE_IDX,01/07/2025,10:49:14,45708.26,0,0,0,0,0,0
FOCIT.BSE_IDX,01/07/2025,10:49:22,45709.23,0,0,0,0,0,0
FOCIT.BSE_IDX,01/07/2025,10:49:30,45701.3,0,0,0,0,0,0
FOCIT.BSE_IDX,01/07/2025,10:49:38,45700.73,0,0,0,0,0,0
FOCIT.BSE_IDX,01/07/2025,10:49:46,45692.64,0,0,0,0,0,0
FOCIT.BSE_IDX,01/07/2025,10:49:54,45692.64,0,0,0,0,0,0
FOCIT.BSE_IDX,01/07/2025,10:50:02,45692.64,0,0,0,0,0,0
FOCIT.BSE_IDX,01/07/2025,10:50:10,45691.93,0,0,0,0,0,0
FOCIT.BSE_IDX,01/07/2025,10:50:18,45691.22,0,0,0,0,0,0
FOCIT.BSE_IDX,01/07/2025,10:50:26,45693.97,0,0,0,0,0,0
FOCIT.BSE_IDX,01/07/2025,10:50:34,45692.16,0,0,0,0,0,0
FOCIT.BSE_IDX,01/07/2025,10:50:42,45691.33,0,0,0,0,0,0
FOCIT.BSE_IDX,01/07/2025,10:50:50,45693.79,0,0,0,0,0,0
FOCIT.BSE_IDX,01/07/2025,10:50:58,45696.83,0,0,0,0,0,0
FOCIT.BSE_IDX,01/07/2025,10:51:06,45693.34,0,0,0,0,0,0
FOCIT.BSE_IDX,01/07/2025,10:51:14,45690.15,0,0,0,0,0,0
FOCIT.BSE_IDX,01/07/2025,10:51:22,45689.75,0,0,0,0,0,0
FOCIT.BSE_IDX,01/07/2025,10:51:30,45689.62,0,0,0,0,0,0
FOCIT.BSE_IDX,01/07/2025,10:51:38,45689.9,0,0,0,0,0,0
FOCIT.BSE_IDX,01/07/2025,10:51:46,45688.28,0,0,0,0,0,0
FOCIT.BSE_IDX,01/07/2025,10:51:54,45671.06,0,0,0,0,0,0
FOCIT.BSE_IDX,01/07/2025,10:52:02,45668.35,0,0,0,0,0,0
FOCIT.BSE_IDX,01/07/2025,10:52:10,45668.35,0,0,0,0,0,0
FOCIT.BSE_IDX,01/07/2025,10:52:18,45665.33,0,0,0,0,0,0
FOCIT.BSE_IDX,01/07/2025,10:52:26,45653.92,0,0,0,0,0,0
FOCIT.BSE_IDX,01/07/2025,10:52:34,45652.13,0,0,0,0,0,0
FOCIT.BSE_IDX,01/07/2025,10:52:43,45651.23,0,0,0,0,0,0
FOCIT.BSE_IDX,01/07/2025,10:52:50,45651.34,0,0,0,0,0,0
FOCIT.BSE_IDX,01/07/2025,10:52:58,45648.99,0,0,0,0,0,0
FOCIT.BSE_IDX,01/07/2025,10:53:06,45643.67,0,0,0,0,0,0
FOCIT.BSE_IDX,01/07/2025,10:53:14,45642,0,0,0,0,0,0
FOCIT.BSE_IDX,01/07/2025,10:53:22,45642.88,0,0,0,0,0,0
FOCIT.BSE_IDX,01/07/2025,10:53:30,45640.26,0,0,0,0,0,0
FOCIT.BSE_IDX,01/07/2025,10:53:38,45646.12,0,0,0,0,0,0
FOCIT.BSE_IDX,01/07/2025,10:53:46,45644.9,0,0,0,0,0,0
FOCIT.BSE_IDX,01/07/2025,10:53:54,45645.13,0,0,0,0,0,0
FOCIT.BSE_IDX,01/07/2025,10:54:02,45645.65,0,0,0,0,0,0
FOCIT.BSE_IDX,01/07/2025,10:54:10,45645.65,0,0,0,0,0,0
FOCIT.BSE_IDX,01/07/2025,10:54:18,45639.3,0,0,0,0,0,0
FOCIT.BSE_IDX,01/07/2025,10:54:26,45641.05,0,0,0,0,0,0
FOCIT.BSE_IDX,01/07/2025,10:54:34,45649.26,0,0,0,0,0,0
FOCIT.BSE_IDX,01/07/2025,10:54:42,45647.13,0,0,0,0,0,0
FOCIT.BSE_IDX,01/07/2025,10:54:51,45642.23,0,0,0,0,0,0
FOCIT.BSE_IDX,01/07/2025,10:54:58,45641.96,0,0,0,0,0,0
FOCIT.BSE_IDX,01/07/2025,10:55:06,45641.96,0,0,0,0,0,0
FOCIT.BSE_IDX,01/07/2025,10:55:14,45633.82,0,0,0,0,0,0
FOCIT.BSE_IDX,01/07/2025,10:55:22,45641.68,0,0,0,0,0,0
FOCIT.BSE_IDX,01/07/2025,10:55:30,45642.76,0,0,0,0,0,0
FOCIT.BSE_IDX,01/07/2025,10:55:38,45642.3,0,0,0,0,0,0
FOCIT.BSE_IDX,01/07/2025,10:55:46,45642.38,0,0,0,0,0,0
FOCIT.BSE_IDX,01/07/2025,10:55:54,45639.54,0,0,0,0,0,0
FOCIT.BSE_IDX,01/07/2025,10:56:02,45637.05,0,0,0,0,0,0
FOCIT.BSE_IDX,01/07/2025,10:56:10,45640.42,0,0,0,0,0,0
FOCIT.BSE_IDX,01/07/2025,10:56:18,45641.6,0,0,0,0,0,0
FOCIT.BSE_IDX,01/07/2025,10:56:26,45636.13,0,0,0,0,0,0
FOCIT.BSE_IDX,01/07/2025,10:56:34,45636.13,0,0,0,0,0,0
FOCIT.BSE_IDX,01/07/2025,10:56:42,45636.59,0,0,0,0,0,0
FOCIT.BSE_IDX,01/07/2025,10:56:50,45634.27,0,0,0,0,0,0
FOCIT.BSE_IDX,01/07/2025,10:56:58,45633.43,0,0,0,0,0,0
FOCIT.BSE_IDX,01/07/2025,10:57:06,45635.2,0,0,0,0,0,0
FOCIT.BSE_IDX,01/07/2025,10:57:14,45637.7,0,0,0,0,0,0
FOCIT.BSE_IDX,01/07/2025,10:57:22,45635.98,0,0,0,0,0,0
FOCIT.BSE_IDX,01/07/2025,10:57:30,45629.3,0,0,0,0,0,0
FOCIT.BSE_IDX,01/07/2025,10:57:39,45629.3,0,0,0,0,0,0
FOCIT.BSE_IDX,01/07/2025,10:57:46,45629.3,0,0,0,0,0,0
FOCIT.BSE_IDX,01/07/2025,10:57:54,45628.9,0,0,0,0,0,0
FOCIT.BSE_IDX,01/07/2025,10:58:02,45624.43,0,0,0,0,0,0
FOCIT.BSE_IDX,01/07/2025,10:58:10,45621.87,0,0,0,0,0,0
FOCIT.BSE_IDX,01/07/2025,10:58:18,45624.46,0,0,0,0,0,0
FOCIT.BSE_IDX,01/07/2025,10:58:26,45622.52,0,0,0,0,0,0
FOCIT.BSE_IDX,01/07/2025,10:58:34,45632.16,0,0,0,0,0,0
FOCIT.BSE_IDX,01/07/2025,10:58:42,45632.98,0,0,0,0,0,0
FOCIT.BSE_IDX,01/07/2025,10:58:50,45633.96,0,0,0,0,0,0
FOCIT.BSE_IDX,01/07/2025,10:58:58,45635.1,0,0,0,0,0,0
FOCIT.BSE_IDX,01/07/2025,10:59:06,45631.86,0,0,0,0,0,0
FOCIT.BSE_IDX,01/07/2025,10:59:14,45632.64,0,0,0,0,0,0
FOCIT.BSE_IDX,01/07/2025,10:59:22,45632.64,0,0,0,0,0,0
FOCIT.BSE_IDX,01/07/2025,10:59:30,45634.64,0,0,0,0,0,0
FOCIT.BSE_IDX,01/07/2025,10:59:38,45628.63,0,0,0,0,0,0
FOCIT.BSE_IDX,01/07/2025,10:59:47,45630.1,0,0,0,0,0,0
FOCIT.BSE_IDX,01/07/2025,10:59:55,45626.2,0,0,0,0,0,0
FOCIT.BSE_IDX,01/07/2025,11:00:03,45626.54,0,0,0,0,0,0
FOCIT.BSE_IDX,01/07/2025,11:00:11,45625.95,0,0,0,0,0,0
FOCIT.BSE_IDX,01/07/2025,11:00:18,45625.95,0,0,0,0,0,0
FOCIT.BSE_IDX,01/07/2025,11:00:26,45626.2,0,0,0,0,0,0
FOCIT.BSE_IDX,01/07/2025,11:00:34,45634.61,0,0,0,0,0,0
FOCIT.BSE_IDX,01/07/2025,11:00:42,45639.26,0,0,0,0,0,0
FOCIT.BSE_IDX,01/07/2025,11:00:50,45635.21,0,0,0,0,0,0
FOCIT.BSE_IDX,01/07/2025,11:00:58,45634.52,0,0,0,0,0,0
FOCIT.BSE_IDX,01/07/2025,11:01:06,45635.86,0,0,0,0,0,0
FOCIT.BSE_IDX,01/07/2025,11:01:15,45637.85,0,0,0,0,0,0
FOCIT.BSE_IDX,01/07/2025,11:01:22,45632.05,0,0,0,0,0,0
FOCIT.BSE_IDX,01/07/2025,11:01:30,45633.94,0,0,0,0,0,0
FOCIT.BSE_IDX,01/07/2025,11:01:38,45629.57,0,0,0,0,0,0
FOCIT.BSE_IDX,01/07/2025,11:01:46,45629.57,0,0,0,0,0,0
FOCIT.BSE_IDX,01/07/2025,11:01:54,45627.39,0,0,0,0,0,0
FOCIT.BSE_IDX,01/07/2025,11:02:02,45620.88,0,0,0,0,0,0
FOCIT.BSE_IDX,01/07/2025,11:02:10,45616.09,0,0,0,0,0,0
FOCIT.BSE_IDX,01/07/2025,11:02:18,45613.51,0,0,0,0,0,0
FOCIT.BSE_IDX,01/07/2025,11:02:27,45613.9,0,0,0,0,0,0
FOCIT.BSE_IDX,01/07/2025,11:02:34,45616.4,0,0,0,0,0,0
FOCIT.BSE_IDX,01/07/2025,11:02:42,45615.15,0,0,0,0,0,0
FOCIT.BSE_IDX,01/07/2025,11:02:51,45623.32,0,0,0,0,0,0
FOCIT.BSE_IDX,01/07/2025,11:02:58,45626.94,0,0,0,0,0,0
FOCIT.BSE_IDX,01/07/2025,11:03:06,45626.94,0,0,0,0,0,0
FOCIT.BSE_IDX,01/07/2025,11:03:14,45624.82,0,0,0,0,0,0
FOCIT.BSE_IDX,01/07/2025,11:03:22,45623.06,0,0,0,0,0,0
FOCIT.BSE_IDX,01/07/2025,11:03:31,45623.31,0,0,0,0,0,0
FOCIT.BSE_IDX,01/07/2025,11:03:38,45618.9,0,0,0,0,0,0
FOCIT.BSE_IDX,01/07/2025,11:03:46,45614.98,0,0,0,0,0,0
FOCIT.BSE_IDX,01/07/2025,11:03:54,45615.93,0,0,0,0,0,0
FOCIT.BSE_IDX,01/07/2025,11:04:02,45613.42,0,0,0,0,0,0
FOCIT.BSE_IDX,01/07/2025,11:04:10,45613.42,0,0,0,0,0,0
FOCIT.BSE_IDX,01/07/2025,11:04:18,45616.33,0,0,0,0,0,0
FOCIT.BSE_IDX,01/07/2025,11:04:27,45627.27,0,0,0,0,0,0
FOCIT.BSE_IDX,01/07/2025,11:04:34,45629.63,0,0,0,0,0,0
FOCIT.BSE_IDX,01/07/2025,11:04:42,45627.86,0,0,0,0,0,0
FOCIT.BSE_IDX,01/07/2025,11:04:51,45627.86,0,0,0,0,0,0
FOCIT.BSE_IDX,01/07/2025,11:04:58,45630.22,0,0,0,0,0,0
FOCIT.BSE_IDX,01/07/2025,11:05:06,45633.98,0,0,0,0,0,0
FOCIT.BSE_IDX,01/07/2025,11:05:14,45635.36,0,0,0,0,0,0
FOCIT.BSE_IDX,01/07/2025,11:05:22,45637.35,0,0,0,0,0,0
FOCIT.BSE_IDX,01/07/2025,11:05:31,45638.85,0,0,0,0,0,0
FOCIT.BSE_IDX,01/07/2025,11:05:39,45643.85,0,0,0,0,0,0
FOCIT.BSE_IDX,01/07/2025,11:05:46,45645.66,0,0,0,0,0,0
FOCIT.BSE_IDX,01/07/2025,11:05:54,45647.96,0,0,0,0,0,0
FOCIT.BSE_IDX,01/07/2025,11:06:03,45647.62,0,0,0,0,0,0
FOCIT.BSE_IDX,01/07/2025,11:06:11,45645.5,0,0,0,0,0,0
FOCIT.BSE_IDX,01/07/2025,11:06:19,45655.51,0,0,0,0,0,0
FOCIT.BSE_IDX,01/07/2025,11:06:27,45652.02,0,0,0,0,0,0
FOCIT.BSE_IDX,01/07/2025,11:06:34,45639.17,0,0,0,0,0,0
FOCIT.BSE_IDX,01/07/2025,11:06:43,45640.94,0,0,0,0,0,0
FOCIT.BSE_IDX,01/07/2025,11:06:51,45643.56,0,0,0,0,0,0
FOCIT.BSE_IDX,01/07/2025,11:06:58,45643.28,0,0,0,0,0,0
FOCIT.BSE_IDX,01/07/2025,11:07:06,45643.87,0,0,0,0,0,0
FOCIT.BSE_IDX,01/07/2025,11:07:15,45638.44,0,0,0,0,0,0
FOCIT.BSE_IDX,01/07/2025,11:07:22,45641.83,0,0,0,0,0,0
FOCIT.BSE_IDX,01/07/2025,11:07:31,45637.76,0,0,0,0,0,0
FOCIT.BSE_IDX,01/07/2025,11:07:39,45641.28,0,0,0,0,0,0
FOCIT.BSE_IDX,01/07/2025,11:07:46,45644.04,0,0,0,0,0,0
FOCIT.BSE_IDX,01/07/2025,11:07:55,45647.66,0,0,0,0,0,0
FOCIT.BSE_IDX,01/07/2025,11:08:02,45653.21,0,0,0,0,0,0
FOCIT.BSE_IDX,01/07/2025,11:08:11,45653.75,0,0,0,0,0,0
FOCIT.BSE_IDX,01/07/2025,11:08:18,45653.75,0,0,0,0,0,0
FOCIT.BSE_IDX,01/07/2025,11:08:27,45658.28,0,0,0,0,0,0
FOCIT.BSE_IDX,01/07/2025,11:08:35,45654.49,0,0,0,0,0,0
FOCIT.BSE_IDX,01/07/2025,11:08:43,45652.52,0,0,0,0,0,0
FOCIT.BSE_IDX,01/07/2025,11:08:51,45652.36,0,0,0,0,0,0
FOCIT.BSE_IDX,01/07/2025,11:08:58,45651.23,0,0,0,0,0,0
FOCIT.BSE_IDX,01/07/2025,11:09:07,45651.26,0,0,0,0,0,0
FOCIT.BSE_IDX,01/07/2025,11:09:15,45652.7,0,0,0,0,0,0
FOCIT.BSE_IDX,01/07/2025,11:09:23,45652.63,0,0,0,0,0,0
FOCIT.BSE_IDX,01/07/2025,11:09:31,45652.63,0,0,0,0,0,0
FOCIT.BSE_IDX,01/07/2025,11:09:39,45655.51,0,0,0,0,0,0
FOCIT.BSE_IDX,01/07/2025,11:09:47,45654.19,0,0,0,0,0,0
FOCIT.BSE_IDX,01/07/2025,11:09:55,45653.73,0,0,0,0,0,0
FOCIT.BSE_IDX,01/07/2025,11:10:03,45655.73,0,0,0,0,0,0
FOCIT.BSE_IDX,01/07/2025,11:10:11,45656.4,0,0,0,0,0,0
FOCIT.BSE_IDX,01/07/2025,11:10:19,45658.33,0,0,0,0,0,0
FOCIT.BSE_IDX,01/07/2025,11:10:27,45655.07,0,0,0,0,0,0
FOCIT.BSE_IDX,01/07/2025,11:10:35,45656.49,0,0,0,0,0,0
FOCIT.BSE_IDX,01/07/2025,11:10:43,45660.04,0,0,0,0,0,0
FOCIT.BSE_IDX,01/07/2025,11:10:51,45659.62,0,0,0,0,0,0
FOCIT.BSE_IDX,01/07/2025,11:10:59,45659.62,0,0,0,0,0,0
FOCIT.BSE_IDX,01/07/2025,11:11:07,45656.54,0,0,0,0,0,0
FOCIT.BSE_IDX,01/07/2025,11:11:15,45662.5,0,0,0,0,0,0
FOCIT.BSE_IDX,01/07/2025,11:11:23,45664.78,0,0,0,0,0,0
FOCIT.BSE_IDX,01/07/2025,11:11:31,45664.78,0,0,0,0,0,0
FOCIT.BSE_IDX,01/07/2025,11:11:39,45664.96,0,0,0,0,0,0
FOCIT.BSE_IDX,01/07/2025,11:11:47,45661.11,0,0,0,0,0,0
FOCIT.BSE_IDX,01/07/2025,11:11:55,45655.2,0,0,0,0,0,0
FOCIT.BSE_IDX,01/07/2025,11:12:03,45655.2,0,0,0,0,0,0
FOCIT.BSE_IDX,01/07/2025,11:12:11,45656.3,0,0,0,0,0,0
FOCIT.BSE_IDX,01/07/2025,11:12:19,45656.3,0,0,0,0,0,0
FOCIT.BSE_IDX,01/07/2025,11:12:27,45657.23,0,0,0,0,0,0
FOCIT.BSE_IDX,01/07/2025,11:12:35,45660.23,0,0,0,0,0,0
FOCIT.BSE_IDX,01/07/2025,11:12:43,45657.25,0,0,0,0,0,0
FOCIT.BSE_IDX,01/07/2025,11:12:51,45656.02,0,0,0,0,0,0
FOCIT.BSE_IDX,01/07/2025,11:12:59,45658.48,0,0,0,0,0,0
FOCIT.BSE_IDX,01/07/2025,11:13:07,45655.1,0,0,0,0,0,0
FOCIT.BSE_IDX,01/07/2025,11:13:16,45657.38,0,0,0,0,0,0
FOCIT.BSE_IDX,01/07/2025,11:13:23,45655.52,0,0,0,0,0,0
FOCIT.BSE_IDX,01/07/2025,11:13:31,45652.28,0,0,0,0,0,0
FOCIT.BSE_IDX,01/07/2025,11:13:39,45659.58,0,0,0,0,0,0
FOCIT.BSE_IDX,01/07/2025,11:13:47,45662.89,0,0,0,0,0,0
FOCIT.BSE_IDX,01/07/2025,11:13:55,45657.69,0,0,0,0,0,0
FOCIT.BSE_IDX,01/07/2025,11:14:03,45660.37,0,0,0,0,0,0
FOCIT.BSE_IDX,01/07/2025,11:14:11,45660.37,0,0,0,0,0,0
FOCIT.BSE_IDX,01/07/2025,11:14:19,45664.1,0,0,0,0,0,0
FOCIT.BSE_IDX,01/07/2025,11:14:27,45664.1,0,0,0,0,0,0
FOCIT.BSE_IDX,01/07/2025,11:14:35,45665.85,0,0,0,0,0,0
FOCIT.BSE_IDX,01/07/2025,11:14:43,45666.61,0,0,0,0,0,0
FOCIT.BSE_IDX,01/07/2025,11:14:51,45667.27,0,0,0,0,0,0
FOCIT.BSE_IDX,01/07/2025,11:14:59,45667.53,0,0,0,0,0,0
FOCIT.BSE_IDX,01/07/2025,11:15:07,45671.94,0,0,0,0,0,0
FOCIT.BSE_IDX,01/07/2025,11:15:15,45669.16,0,0,0,0,0,0
FOCIT.BSE_IDX,01/07/2025,11:15:23,45670.57,0,0,0,0,0,0
FOCIT.BSE_IDX,01/07/2025,11:15:31,45668.04,0,0,0,0,0,0
FOCIT.BSE_IDX,01/07/2025,11:15:39,45670.25,0,0,0,0,0,0
FOCIT.BSE_IDX,01/07/2025,11:15:47,45669.22,0,0,0,0,0,0
FOCIT.BSE_IDX,01/07/2025,11:15:56,45666.33,0,0,0,0,0,0
FOCIT.BSE_IDX,01/07/2025,11:16:03,45666.08,0,0,0,0,0,0
FOCIT.BSE_IDX,01/07/2025,11:16:11,45658.54,0,0,0,0,0,0
FOCIT.BSE_IDX,01/07/2025,11:16:19,45656.49,0,0,0,0,0,0
FOCIT.BSE_IDX,01/07/2025,11:16:27,45649.2,0,0,0,0,0,0
FOCIT.BSE_IDX,01/07/2025,11:16:35,45646.66,0,0,0,0,0,0
FOCIT.BSE_IDX,01/07/2025,11:16:43,45646.66,0,0,0,0,0,0
FOCIT.BSE_IDX,01/07/2025,11:16:51,45649.19,0,0,0,0,0,0
FOCIT.BSE_IDX,01/07/2025,11:16:59,45660.62,0,0,0,0,0,0
FOCIT.BSE_IDX,01/07/2025,11:17:07,45664.48,0,0,0,0,0,0
FOCIT.BSE_IDX,01/07/2025,11:17:15,45663.18,0,0,0,0,0,0
FOCIT.BSE_IDX,01/07/2025,11:17:23,45665.74,0,0,0,0,0,0
FOCIT.BSE_IDX,01/07/2025,11:17:31,45672.26,0,0,0,0,0,0
FOCIT.BSE_IDX,01/07/2025,11:17:39,45668.9,0,0,0,0,0,0
FOCIT.BSE_IDX,01/07/2025,11:17:47,45678.57,0,0,0,0,0,0
FOCIT.BSE_IDX,01/07/2025,11:17:57,45679.9,0,0,0,0,0,0
FOCIT.BSE_IDX,01/07/2025,11:18:03,45682.49,0,0,0,0,0,0
FOCIT.BSE_IDX,01/07/2025,11:18:11,45682.46,0,0,0,0,0,0
FOCIT.BSE_IDX,01/07/2025,11:18:19,45688.39,0,0,0,0,0,0
FOCIT.BSE_IDX,01/07/2025,11:18:27,45688.39,0,0,0,0,0,0
FOCIT.BSE_IDX,01/07/2025,11:18:35,45693.05,0,0,0,0,0,0
FOCIT.BSE_IDX,01/07/2025,11:18:44,45689.06,0,0,0,0,0,0
FOCIT.BSE_IDX,01/07/2025,11:18:51,45691.58,0,0,0,0,0,0
FOCIT.BSE_IDX,01/07/2025,11:18:59,45688.81,0,0,0,0,0,0
FOCIT.BSE_IDX,01/07/2025,11:19:08,45691.72,0,0,0,0,0,0
FOCIT.BSE_IDX,01/07/2025,11:19:15,45704.06,0,0,0,0,0,0
FOCIT.BSE_IDX,01/07/2025,11:19:23,45705.74,0,0,0,0,0,0
FOCIT.BSE_IDX,01/07/2025,11:19:31,45702.52,0,0,0,0,0,0
FOCIT.BSE_IDX,01/07/2025,11:19:39,45702.34,0,0,0,0,0,0
FOCIT.BSE_IDX,01/07/2025,11:19:47,45693.88,0,0,0,0,0,0
FOCIT.BSE_IDX,01/07/2025,11:19:55,45688.95,0,0,0,0,0,0
FOCIT.BSE_IDX,01/07/2025,11:20:03,45690.86,0,0,0,0,0,0
FOCIT.BSE_IDX,01/07/2025,11:20:11,45687.16,0,0,0,0,0,0
FOCIT.BSE_IDX,01/07/2025,11:20:19,45686.26,0,0,0,0,0,0
FOCIT.BSE_IDX,01/07/2025,11:20:27,45685.33,0,0,0,0,0,0
FOCIT.BSE_IDX,01/07/2025,11:20:35,45684.87,0,0,0,0,0,0
FOCIT.BSE_IDX,01/07/2025,11:20:43,45684.72,0,0,0,0,0,0
FOCIT.BSE_IDX,01/07/2025,11:20:51,45683.91,0,0,0,0,0,0
FOCIT.BSE_IDX,01/07/2025,11:20:59,45692.19,0,0,0,0,0,0
FOCIT.BSE_IDX,01/07/2025,11:21:07,45693.62,0,0,0,0,0,0
FOCIT.BSE_IDX,01/07/2025,11:21:15,45691.29,0,0,0,0,0,0
FOCIT.BSE_IDX,01/07/2025,11:21:24,45691.02,0,0,0,0,0,0
FOCIT.BSE_IDX,01/07/2025,11:21:31,45681.67,0,0,0,0,0,0
FOCIT.BSE_IDX,01/07/2025,11:21:39,45680.75,0,0,0,0,0,0
FOCIT.BSE_IDX,01/07/2025,11:21:47,45684.84,0,0,0,0,0,0
FOCIT.BSE_IDX,01/07/2025,11:21:56,45681.52,0,0,0,0,0,0
FOCIT.BSE_IDX,01/07/2025,11:22:03,45677.83,0,0,0,0,0,0
FOCIT.BSE_IDX,01/07/2025,11:22:11,45677.83,0,0,0,0,0,0
FOCIT.BSE_IDX,01/07/2025,11:22:19,45677.34,0,0,0,0,0,0
FOCIT.BSE_IDX,01/07/2025,11:22:28,45672.52,0,0,0,0,0,0
FOCIT.BSE_IDX,01/07/2025,11:22:35,45681.33,0,0,0,0,0,0
FOCIT.BSE_IDX,01/07/2025,11:22:43,45679.73,0,0,0,0,0,0
FOCIT.BSE_IDX,01/07/2025,11:22:51,45677.38,0,0,0,0,0,0
FOCIT.BSE_IDX,01/07/2025,11:22:59,45675.47,0,0,0,0,0,0
FOCIT.BSE_IDX,01/07/2025,11:23:07,45675.47,0,0,0,0,0,0
FOCIT.BSE_IDX,01/07/2025,11:23:15,45673.63,0,0,0,0,0,0
FOCIT.BSE_IDX,01/07/2025,11:23:23,45673.18,0,0,0,0,0,0
FOCIT.BSE_IDX,01/07/2025,11:23:31,45670.82,0,0,0,0,0,0
FOCIT.BSE_IDX,01/07/2025,11:23:39,45670.24,0,0,0,0,0,0
FOCIT.BSE_IDX,01/07/2025,11:23:47,45673.78,0,0,0,0,0,0
FOCIT.BSE_IDX,01/07/2025,11:23:55,45673.76,0,0,0,0,0,0
FOCIT.BSE_IDX,01/07/2025,11:24:04,45676.24,0,0,0,0,0,0
FOCIT.BSE_IDX,01/07/2025,11:24:11,45676.24,0,0,0,0,0,0
FOCIT.BSE_IDX,01/07/2025,11:24:19,45674.47,0,0,0,0,0,0
FOCIT.BSE_IDX,01/07/2025,11:24:27,45676.64,0,0,0,0,0,0
FOCIT.BSE_IDX,01/07/2025,11:24:35,45675.48,0,0,0,0,0,0
FOCIT.BSE_IDX,01/07/2025,11:24:43,45680.58,0,0,0,0,0,0
FOCIT.BSE_IDX,01/07/2025,11:24:52,45678.75,0,0,0,0,0,0
FOCIT.BSE_IDX,01/07/2025,11:25:00,45676.33,0,0,0,0,0,0
FOCIT.BSE_IDX,01/07/2025,11:25:07,45680.65,0,0,0,0,0,0
FOCIT.BSE_IDX,01/07/2025,11:25:15,45677.88,0,0,0,0,0,0
FOCIT.BSE_IDX,01/07/2025,11:25:23,45677.88,0,0,0,0,0,0
FOCIT.BSE_IDX,01/07/2025,11:25:31,45676.58,0,0,0,0,0,0
FOCIT.BSE_IDX,01/07/2025,11:25:41,45672.61,0,0,0,0,0,0
FOCIT.BSE_IDX,01/07/2025,11:25:47,45678.32,0,0,0,0,0,0
FOCIT.BSE_IDX,01/07/2025,11:25:55,45678.2,0,0,0,0,0,0
FOCIT.BSE_IDX,01/07/2025,11:26:03,45684.45,0,0,0,0,0,0
FOCIT.BSE_IDX,01/07/2025,11:26:11,45684.28,0,0,0,0,0,0
FOCIT.BSE_IDX,01/07/2025,11:26:19,45686.34,0,0,0,0,0,0
FOCIT.BSE_IDX,01/07/2025,11:26:27,45686.93,0,0,0,0,0,0
FOCIT.BSE_IDX,01/07/2025,11:26:35,45685.71,0,0,0,0,0,0
FOCIT.BSE_IDX,01/07/2025,11:26:43,45685.4,0,0,0,0,0,0
FOCIT.BSE_IDX,01/07/2025,11:26:51,45685.4,0,0,0,0,0,0
FOCIT.BSE_IDX,01/07/2025,11:26:59,45685.52,0,0,0,0,0,0
FOCIT.BSE_IDX,01/07/2025,11:27:07,45683.33,0,0,0,0,0,0
FOCIT.BSE_IDX,01/07/2025,11:27:15,45681.4,0,0,0,0,0,0
FOCIT.BSE_IDX,01/07/2025,11:27:23,45678.84,0,0,0,0,0,0
FOCIT.BSE_IDX,01/07/2025,11:27:31,45682.06,0,0,0,0,0,0
FOCIT.BSE_IDX,01/07/2025,11:27:39,45682.06,0,0,0,0,0,0
FOCIT.BSE_IDX,01/07/2025,11:27:47,45682.06,0,0,0,0,0,0
FOCIT.BSE_IDX,01/07/2025,11:27:55,45683.44,0,0,0,0,0,0
FOCIT.BSE_IDX,01/07/2025,11:28:03,45684.02,0,0,0,0,0,0
FOCIT.BSE_IDX,01/07/2025,11:28:11,45684.02,0,0,0,0,0,0
FOCIT.BSE_IDX,01/07/2025,11:28:19,45677.41,0,0,0,0,0,0
FOCIT.BSE_IDX,01/07/2025,11:28:27,45672.26,0,0,0,0,0,0
FOCIT.BSE_IDX,01/07/2025,11:28:36,45681.37,0,0,0,0,0,0
FOCIT.BSE_IDX,01/07/2025,11:28:43,45673.86,0,0,0,0,0,0
FOCIT.BSE_IDX,01/07/2025,11:28:51,45670.48,0,0,0,0,0,0
FOCIT.BSE_IDX,01/07/2025,11:28:59,45668.12,0,0,0,0,0,0
FOCIT.BSE_IDX,01/07/2025,11:29:07,45673.46,0,0,0,0,0,0
FOCIT.BSE_IDX,01/07/2025,11:29:16,45673.46,0,0,0,0,0,0
FOCIT.BSE_IDX,01/07/2025,11:29:24,45675.65,0,0,0,0,0,0
FOCIT.BSE_IDX,01/07/2025,11:29:31,45677.87,0,0,0,0,0,0
FOCIT.BSE_IDX,01/07/2025,11:29:39,45674.5,0,0,0,0,0,0
FOCIT.BSE_IDX,01/07/2025,11:29:47,45673.92,0,0,0,0,0,0
FOCIT.BSE_IDX,01/07/2025,11:29:55,45673,0,0,0,0,0,0
FOCIT.BSE_IDX,01/07/2025,11:30:03,45673,0,0,0,0,0,0
FOCIT.BSE_IDX,01/07/2025,11:30:11,45673.76,0,0,0,0,0,0
FOCIT.BSE_IDX,01/07/2025,11:30:19,45680.96,0,0,0,0,0,0
FOCIT.BSE_IDX,01/07/2025,11:30:27,45680,0,0,0,0,0,0
FOCIT.BSE_IDX,01/07/2025,11:30:35,45678.23,0,0,0,0,0,0
FOCIT.BSE_IDX,01/07/2025,11:30:43,45680,0,0,0,0,0,0
FOCIT.BSE_IDX,01/07/2025,11:30:52,45672.95,0,0,0,0,0,0
FOCIT.BSE_IDX,01/07/2025,11:30:59,45673.44,0,0,0,0,0,0
FOCIT.BSE_IDX,01/07/2025,11:31:07,45667.87,0,0,0,0,0,0
FOCIT.BSE_IDX,01/07/2025,11:31:16,45675.16,0,0,0,0,0,0
FOCIT.BSE_IDX,01/07/2025,11:31:23,45672.4,0,0,0,0,0,0
FOCIT.BSE_IDX,01/07/2025,11:31:31,45669.67,0,0,0,0,0,0
FOCIT.BSE_IDX,01/07/2025,11:31:39,45664.83,0,0,0,0,0,0
FOCIT.BSE_IDX,01/07/2025,11:31:47,45666.64,0,0,0,0,0,0
FOCIT.BSE_IDX,01/07/2025,11:31:55,45671.41,0,0,0,0,0,0
FOCIT.BSE_IDX,01/07/2025,11:32:04,45665.25,0,0,0,0,0,0
FOCIT.BSE_IDX,01/07/2025,11:32:11,45660.53,0,0,0,0,0,0
FOCIT.BSE_IDX,01/07/2025,11:32:19,45656.79,0,0,0,0,0,0
FOCIT.BSE_IDX,01/07/2025,11:32:27,45656.84,0,0,0,0,0,0
FOCIT.BSE_IDX,01/07/2025,11:32:35,45653.94,0,0,0,0,0,0
FOCIT.BSE_IDX,01/07/2025,11:32:43,45649.66,0,0,0,0,0,0
FOCIT.BSE_IDX,01/07/2025,11:32:51,45650.82,0,0,0,0,0,0
FOCIT.BSE_IDX,01/07/2025,11:32:59,45647.65,0,0,0,0,0,0
FOCIT.BSE_IDX,01/07/2025,11:33:07,45644.31,0,0,0,0,0,0
FOCIT.BSE_IDX,01/07/2025,11:33:15,45635.89,0,0,0,0,0,0
FOCIT.BSE_IDX,01/07/2025,11:33:23,45633.37,0,0,0,0,0,0
FOCIT.BSE_IDX,01/07/2025,11:33:31,45633.37,0,0,0,0,0,0
FOCIT.BSE_IDX,01/07/2025,11:33:39,45630.61,0,0,0,0,0,0
FOCIT.BSE_IDX,01/07/2025,11:33:47,45634.68,0,0,0,0,0,0
FOCIT.BSE_IDX,01/07/2025,11:33:55,45627.54,0,0,0,0,0,0
FOCIT.BSE_IDX,01/07/2025,11:34:03,45627.46,0,0,0,0,0,0
FOCIT.BSE_IDX,01/07/2025,11:34:12,45617.34,0,0,0,0,0,0
FOCIT.BSE_IDX,01/07/2025,11:34:19,45619.29,0,0,0,0,0,0
FOCIT.BSE_IDX,01/07/2025,11:34:27,45616.93,0,0,0,0,0,0
FOCIT.BSE_IDX,01/07/2025,11:34:35,45619.14,0,0,0,0,0,0
FOCIT.BSE_IDX,01/07/2025,11:34:43,45616.31,0,0,0,0,0,0
FOCIT.BSE_IDX,01/07/2025,11:34:52,45613.93,0,0,0,0,0,0
FOCIT.BSE_IDX,01/07/2025,11:35:00,45611.65,0,0,0,0,0,0
FOCIT.BSE_IDX,01/07/2025,11:35:07,45611.57,0,0,0,0,0,0
FOCIT.BSE_IDX,01/07/2025,11:35:16,45612.11,0,0,0,0,0,0
FOCIT.BSE_IDX,01/07/2025,11:35:23,45605.86,0,0,0,0,0,0
FOCIT.BSE_IDX,01/07/2025,11:35:32,45598.96,0,0,0,0,0,0
FOCIT.BSE_IDX,01/07/2025,11:35:40,45605.62,0,0,0,0,0,0
FOCIT.BSE_IDX,01/07/2025,11:35:47,45610.74,0,0,0,0,0,0
FOCIT.BSE_IDX,01/07/2025,11:35:55,45612.9,0,0,0,0,0,0
FOCIT.BSE_IDX,01/07/2025,11:36:04,45608.31,0,0,0,0,0,0
FOCIT.BSE_IDX,01/07/2025,11:36:11,45607.36,0,0,0,0,0,0
FOCIT.BSE_IDX,01/07/2025,11:36:20,45594.24,0,0,0,0,0,0
FOCIT.BSE_IDX,01/07/2025,11:36:28,45594.31,0,0,0,0,0,0
FOCIT.BSE_IDX,01/07/2025,11:36:35,45591.96,0,0,0,0,0,0
FOCIT.BSE_IDX,01/07/2025,11:36:44,45599.5,0,0,0,0,0,0
FOCIT.BSE_IDX,01/07/2025,11:36:54,45599.5,0,0,0,0,0,0
FOCIT.BSE_IDX,01/07/2025,11:36:59,45599.5,0,0,0,0,0,0
FOCIT.BSE_IDX,01/07/2025,11:37:08,45599.14,0,0,0,0,0,0
FOCIT.BSE_IDX,01/07/2025,11:37:15,45602.36,0,0,0,0,0,0
FOCIT.BSE_IDX,01/07/2025,11:37:23,45599.58,0,0,0,0,0,0
FOCIT.BSE_IDX,01/07/2025,11:37:32,45596.74,0,0,0,0,0,0
FOCIT.BSE_IDX,01/07/2025,11:37:41,45597.91,0,0,0,0,0,0
FOCIT.BSE_IDX,01/07/2025,11:37:47,45600.27,0,0,0,0,0,0
FOCIT.BSE_IDX,01/07/2025,11:37:55,45607.82,0,0,0,0,0,0
FOCIT.BSE_IDX,01/07/2025,11:38:03,45610.02,0,0,0,0,0,0
FOCIT.BSE_IDX,01/07/2025,11:38:11,45597.3,0,0,0,0,0,0
FOCIT.BSE_IDX,01/07/2025,11:38:20,45594.36,0,0,0,0,0,0
FOCIT.BSE_IDX,01/07/2025,11:38:27,45594.69,0,0,0,0,0,0
FOCIT.BSE_IDX,01/07/2025,11:38:35,45597.02,0,0,0,0,0,0
FOCIT.BSE_IDX,01/07/2025,11:38:43,45599.74,0,0,0,0,0,0
FOCIT.BSE_IDX,01/07/2025,11:38:51,45603.19,0,0,0,0,0,0
FOCIT.BSE_IDX,01/07/2025,11:38:59,45603.11,0,0,0,0,0,0
FOCIT.BSE_IDX,01/07/2025,11:39:07,45598.81,0,0,0,0,0,0
FOCIT.BSE_IDX,01/07/2025,11:39:16,45597.28,0,0,0,0,0,0
FOCIT.BSE_IDX,01/07/2025,11:39:24,45597.28,0,0,0,0,0,0
FOCIT.BSE_IDX,01/07/2025,11:39:31,45601.5,0,0,0,0,0,0
FOCIT.BSE_IDX,01/07/2025,11:39:39,45603.86,0,0,0,0,0,0
FOCIT.BSE_IDX,01/07/2025,11:39:48,45606.16,0,0,0,0,0,0
FOCIT.BSE_IDX,01/07/2025,11:39:55,45603.92,0,0,0,0,0,0
FOCIT.BSE_IDX,01/07/2025,11:40:03,45604.96,0,0,0,0,0,0
FOCIT.BSE_IDX,01/07/2025,11:40:12,45616.84,0,0,0,0,0,0
FOCIT.BSE_IDX,01/07/2025,11:40:20,45615.8,0,0,0,0,0,0
FOCIT.BSE_IDX,01/07/2025,11:40:28,45618.23,0,0,0,0,0,0
FOCIT.BSE_IDX,01/07/2025,11:40:36,45615.93,0,0,0,0,0,0
FOCIT.BSE_IDX,01/07/2025,11:40:44,45616.23,0,0,0,0,0,0
FOCIT.BSE_IDX,01/07/2025,11:40:52,45619.92,0,0,0,0,0,0
FOCIT.BSE_IDX,01/07/2025,11:41:00,45617.83,0,0,0,0,0,0
FOCIT.BSE_IDX,01/07/2025,11:41:07,45620.31,0,0,0,0,0,0
FOCIT.BSE_IDX,01/07/2025,11:41:16,45620.31,0,0,0,0,0,0
FOCIT.BSE_IDX,01/07/2025,11:41:24,45620.31,0,0,0,0,0,0
FOCIT.BSE_IDX,01/07/2025,11:41:32,45619.39,0,0,0,0,0,0
FOCIT.BSE_IDX,01/07/2025,11:41:40,45618.93,0,0,0,0,0,0
FOCIT.BSE_IDX,01/07/2025,11:41:48,45618.63,0,0,0,0,0,0
FOCIT.BSE_IDX,01/07/2025,11:41:56,45616.87,0,0,0,0,0,0
FOCIT.BSE_IDX,01/07/2025,11:42:04,45620.6,0,0,0,0,0,0
FOCIT.BSE_IDX,01/07/2025,11:42:12,45622.65,0,0,0,0,0,0
FOCIT.BSE_IDX,01/07/2025,11:42:20,45615.3,0,0,0,0,0,0
FOCIT.BSE_IDX,01/07/2025,11:42:28,45616.7,0,0,0,0,0,0
FOCIT.BSE_IDX,01/07/2025,11:42:36,45612.67,0,0,0,0,0,0
FOCIT.BSE_IDX,01/07/2025,11:42:44,45609.69,0,0,0,0,0,0
FOCIT.BSE_IDX,01/07/2025,11:42:52,45609.69,0,0,0,0,0,0
FOCIT.BSE_IDX,01/07/2025,11:43:00,45609.82,0,0,0,0,0,0
FOCIT.BSE_IDX,01/07/2025,11:43:08,45610.34,0,0,0,0,0,0
FOCIT.BSE_IDX,01/07/2025,11:43:16,45612.69,0,0,0,0,0,0
FOCIT.BSE_IDX,01/07/2025,11:43:24,45612.69,0,0,0,0,0,0
FOCIT.BSE_IDX,01/07/2025,11:43:32,45615.08,0,0,0,0,0,0
FOCIT.BSE_IDX,01/07/2025,11:43:40,45611.05,0,0,0,0,0,0
FOCIT.BSE_IDX,01/07/2025,11:43:48,45602.7,0,0,0,0,0,0
FOCIT.BSE_IDX,01/07/2025,11:43:56,45599.32,0,0,0,0,0,0
FOCIT.BSE_IDX,01/07/2025,11:44:04,45598.26,0,0,0,0,0,0
FOCIT.BSE_IDX,01/07/2025,11:44:12,45593.39,0,0,0,0,0,0
FOCIT.BSE_IDX,01/07/2025,11:44:20,45592.08,0,0,0,0,0,0
FOCIT.BSE_IDX,01/07/2025,11:44:28,45593.26,0,0,0,0,0,0
FOCIT.BSE_IDX,01/07/2025,11:44:36,45584.1,0,0,0,0,0,0
FOCIT.BSE_IDX,01/07/2025,11:44:44,45580.17,0,0,0,0,0,0
FOCIT.BSE_IDX,01/07/2025,11:44:52,45577.51,0,0,0,0,0,0
FOCIT.BSE_IDX,01/07/2025,11:45:00,45575.11,0,0,0,0,0,0
FOCIT.BSE_IDX,01/07/2025,11:45:08,45593.9,0,0,0,0,0,0
FOCIT.BSE_IDX,01/07/2025,11:45:16,45604.93,0,0,0,0,0,0
FOCIT.BSE_IDX,01/07/2025,11:45:24,45604.93,0,0,0,0,0,0
FOCIT.BSE_IDX,01/07/2025,11:45:32,45607.28,0,0,0,0,0,0
FOCIT.BSE_IDX,01/07/2025,11:45:40,45611.41,0,0,0,0,0,0
FOCIT.BSE_IDX,01/07/2025,11:45:48,45613.76,0,0,0,0,0,0
FOCIT.BSE_IDX,01/07/2025,11:45:56,45616.96,0,0,0,0,0,0
FOCIT.BSE_IDX,01/07/2025,11:46:04,45625.65,0,0,0,0,0,0
FOCIT.BSE_IDX,01/07/2025,11:46:12,45630.36,0,0,0,0,0,0
FOCIT.BSE_IDX,01/07/2025,11:46:20,45622.53,0,0,0,0,0,0
FOCIT.BSE_IDX,01/07/2025,11:46:28,45617.95,0,0,0,0,0,0
FOCIT.BSE_IDX,01/07/2025,11:46:36,45625.57,0,0,0,0,0,0
FOCIT.BSE_IDX,01/07/2025,11:46:44,45613.82,0,0,0,0,0,0
FOCIT.BSE_IDX,01/07/2025,11:46:52,45613.82,0,0,0,0,0,0
FOCIT.BSE_IDX,01/07/2025,11:47:00,45610.68,0,0,0,0,0,0
FOCIT.BSE_IDX,01/07/2025,11:47:08,45610.68,0,0,0,0,0,0
FOCIT.BSE_IDX,01/07/2025,11:47:16,45608.86,0,0,0,0,0,0
FOCIT.BSE_IDX,01/07/2025,11:47:24,45606.49,0,0,0,0,0,0
FOCIT.BSE_IDX,01/07/2025,11:47:32,45611.75,0,0,0,0,0,0
FOCIT.BSE_IDX,01/07/2025,11:47:40,45611.75,0,0,0,0,0,0
FOCIT.BSE_IDX,01/07/2025,11:47:48,45608.91,0,0,0,0,0,0
FOCIT.BSE_IDX,01/07/2025,11:47:56,45606.31,0,0,0,0,0,0
FOCIT.BSE_IDX,01/07/2025,11:48:04,45601.23,0,0,0,0,0,0
FOCIT.BSE_IDX,01/07/2025,11:48:12,45601.23,0,0,0,0,0,0
FOCIT.BSE_IDX,01/07/2025,11:48:20,45604.19,0,0,0,0,0,0
FOCIT.BSE_IDX,01/07/2025,11:48:28,45607.95,0,0,0,0,0,0
FOCIT.BSE_IDX,01/07/2025,11:48:36,45597.26,0,0,0,0,0,0
FOCIT.BSE_IDX,01/07/2025,11:48:44,45597.26,0,0,0,0,0,0
FOCIT.BSE_IDX,01/07/2025,11:48:52,45595.88,0,0,0,0,0,0
FOCIT.BSE_IDX,01/07/2025,11:49:01,45598.64,0,0,0,0,0,0
FOCIT.BSE_IDX,01/07/2025,11:49:09,45597.95,0,0,0,0,0,0
FOCIT.BSE_IDX,01/07/2025,11:49:16,45604.85,0,0,0,0,0,0
FOCIT.BSE_IDX,01/07/2025,11:49:24,45605.69,0,0,0,0,0,0
FOCIT.BSE_IDX,01/07/2025,11:49:32,45604.83,0,0,0,0,0,0
FOCIT.BSE_IDX,01/07/2025,11:49:40,45607.59,0,0,0,0,0,0
FOCIT.BSE_IDX,01/07/2025,11:49:49,45609.48,0,0,0,0,0,0
FOCIT.BSE_IDX,01/07/2025,11:49:56,45600.68,0,0,0,0,0,0
FOCIT.BSE_IDX,01/07/2025,11:50:04,45599.87,0,0,0,0,0,0
FOCIT.BSE_IDX,01/07/2025,11:50:12,45600.09,0,0,0,0,0,0
FOCIT.BSE_IDX,01/07/2025,11:50:20,45602.45,0,0,0,0,0,0
FOCIT.BSE_IDX,01/07/2025,11:50:28,45600.09,0,0,0,0,0,0
FOCIT.BSE_IDX,01/07/2025,11:50:36,45602.85,0,0,0,0,0,0
FOCIT.BSE_IDX,01/07/2025,11:50:44,45601.5,0,0,0,0,0,0
FOCIT.BSE_IDX,01/07/2025,11:50:52,45603.17,0,0,0,0,0,0
FOCIT.BSE_IDX,01/07/2025,11:51:00,45601.69,0,0,0,0,0,0
FOCIT.BSE_IDX,01/07/2025,11:51:08,45600.6,0,0,0,0,0,0
FOCIT.BSE_IDX,01/07/2025,11:51:16,45597.77,0,0,0,0,0,0
FOCIT.BSE_IDX,01/07/2025,11:51:24,45598.16,0,0,0,0,0,0
FOCIT.BSE_IDX,01/07/2025,11:51:32,45596.51,0,0,0,0,0,0
FOCIT.BSE_IDX,01/07/2025,11:51:40,45591.85,0,0,0,0,0,0
FOCIT.BSE_IDX,01/07/2025,11:51:48,45598.18,0,0,0,0,0,0
FOCIT.BSE_IDX,01/07/2025,11:51:56,45590.22,0,0,0,0,0,0
FOCIT.BSE_IDX,01/07/2025,11:52:04,45589.63,0,0,0,0,0,0
FOCIT.BSE_IDX,01/07/2025,11:52:12,45588.41,0,0,0,0,0,0
FOCIT.BSE_IDX,01/07/2025,11:52:20,45586.93,0,0,0,0,0,0
FOCIT.BSE_IDX,01/07/2025,11:52:28,45585.39,0,0,0,0,0,0
FOCIT.BSE_IDX,01/07/2025,11:52:36,45584.35,0,0,0,0,0,0
FOCIT.BSE_IDX,01/07/2025,11:52:44,45584.35,0,0,0,0,0,0
FOCIT.BSE_IDX,01/07/2025,11:52:52,45585,0,0,0,0,0,0
FOCIT.BSE_IDX,01/07/2025,11:53:00,45577.18,0,0,0,0,0,0
FOCIT.BSE_IDX,01/07/2025,11:53:08,45576.51,0,0,0,0,0,0
FOCIT.BSE_IDX,01/07/2025,11:53:16,45577.02,0,0,0,0,0,0
FOCIT.BSE_IDX,01/07/2025,11:53:24,45570.82,0,0,0,0,0,0
FOCIT.BSE_IDX,01/07/2025,11:53:32,45570.82,0,0,0,0,0,0
FOCIT.BSE_IDX,01/07/2025,11:53:40,45569.77,0,0,0,0,0,0
FOCIT.BSE_IDX,01/07/2025,11:53:48,45567.56,0,0,0,0,0,0
FOCIT.BSE_IDX,01/07/2025,11:53:56,45565.98,0,0,0,0,0,0
FOCIT.BSE_IDX,01/07/2025,11:54:04,45563.77,0,0,0,0,0,0
FOCIT.BSE_IDX,01/07/2025,11:54:12,45555.57,0,0,0,0,0,0
FOCIT.BSE_IDX,01/07/2025,11:54:20,45555.32,0,0,0,0,0,0
FOCIT.BSE_IDX,01/07/2025,11:54:28,45548.12,0,0,0,0,0,0
FOCIT.BSE_IDX,01/07/2025,11:54:36,45547.92,0,0,0,0,0,0
FOCIT.BSE_IDX,01/07/2025,11:54:44,45547.92,0,0,0,0,0,0
FOCIT.BSE_IDX,01/07/2025,11:54:52,45546.87,0,0,0,0,0,0
FOCIT.BSE_IDX,01/07/2025,11:55:00,45546.97,0,0,0,0,0,0
FOCIT.BSE_IDX,01/07/2025,11:55:08,45546.97,0,0,0,0,0,0
FOCIT.BSE_IDX,01/07/2025,11:55:17,45545.39,0,0,0,0,0,0
FOCIT.BSE_IDX,01/07/2025,11:55:24,45544.81,0,0,0,0,0,0
FOCIT.BSE_IDX,01/07/2025,11:55:32,45537.39,0,0,0,0,0,0
FOCIT.BSE_IDX,01/07/2025,11:55:40,45533.57,0,0,0,0,0,0
FOCIT.BSE_IDX,01/07/2025,11:55:48,45532.95,0,0,0,0,0,0
FOCIT.BSE_IDX,01/07/2025,11:55:56,45527.02,0,0,0,0,0,0
FOCIT.BSE_IDX,01/07/2025,11:56:05,45527.02,0,0,0,0,0,0
FOCIT.BSE_IDX,01/07/2025,11:56:12,45524.79,0,0,0,0,0,0
FOCIT.BSE_IDX,01/07/2025,11:56:20,45508.3,0,0,0,0,0,0
FOCIT.BSE_IDX,01/07/2025,11:56:28,45504.14,0,0,0,0,0,0
FOCIT.BSE_IDX,01/07/2025,11:56:36,45505.79,0,0,0,0,0,0
FOCIT.BSE_IDX,01/07/2025,11:56:44,45506.26,0,0,0,0,0,0
FOCIT.BSE_IDX,01/07/2025,11:56:52,45509.81,0,0,0,0,0,0
FOCIT.BSE_IDX,01/07/2025,11:57:00,45510.36,0,0,0,0,0,0
FOCIT.BSE_IDX,01/07/2025,11:57:08,45510.36,0,0,0,0,0,0
FOCIT.BSE_IDX,01/07/2025,11:57:16,45516.69,0,0,0,0,0,0
FOCIT.BSE_IDX,01/07/2025,11:57:24,45521.71,0,0,0,0,0,0
FOCIT.BSE_IDX,01/07/2025,11:57:32,45529.04,0,0,0,0,0,0
FOCIT.BSE_IDX,01/07/2025,11:57:40,45526.79,0,0,0,0,0,0
FOCIT.BSE_IDX,01/07/2025,11:57:48,45523.57,0,0,0,0,0,0
FOCIT.BSE_IDX,01/07/2025,11:57:56,45514.8,0,0,0,0,0,0
FOCIT.BSE_IDX,01/07/2025,11:58:04,45513.42,0,0,0,0,0,0
FOCIT.BSE_IDX,01/07/2025,11:58:12,45509.35,0,0,0,0,0,0
FOCIT.BSE_IDX,01/07/2025,11:58:20,45507.6,0,0,0,0,0,0
FOCIT.BSE_IDX,01/07/2025,11:58:28,45511.39,0,0,0,0,0,0
FOCIT.BSE_IDX,01/07/2025,11:58:36,45512.59,0,0,0,0,0,0
FOCIT.BSE_IDX,01/07/2025,11:58:44,45515.06,0,0,0,0,0,0
FOCIT.BSE_IDX,01/07/2025,11:58:52,45515.65,0,0,0,0,0,0
FOCIT.BSE_IDX,01/07/2025,11:59:00,45520.23,0,0,0,0,0,0
FOCIT.BSE_IDX,01/07/2025,11:59:08,45525.64,0,0,0,0,0,0
FOCIT.BSE_IDX,01/07/2025,11:59:16,45527.47,0,0,0,0,0,0
FOCIT.BSE_IDX,01/07/2025,11:59:24,45528.96,0,0,0,0,0,0
FOCIT.BSE_IDX,01/07/2025,11:59:32,45539.11,0,0,0,0,0,0
FOCIT.BSE_IDX,01/07/2025,11:59:40,45539.13,0,0,0,0,0,0
FOCIT.BSE_IDX,01/07/2025,11:59:48,45539.13,0,0,0,0,0,0
FOCIT.BSE_IDX,01/07/2025,11:59:56,45539.13,0,0,0,0,0,0
FOCIT.BSE_IDX,01/07/2025,12:00:05,45543.58,0,0,0,0,0,0
FOCIT.BSE_IDX,01/07/2025,12:00:12,45545.36,0,0,0,0,0,0
FOCIT.BSE_IDX,01/07/2025,12:00:20,45536.65,0,0,0,0,0,0
FOCIT.BSE_IDX,01/07/2025,12:00:28,45539.77,0,0,0,0,0,0
FOCIT.BSE_IDX,01/07/2025,12:00:37,45539.77,0,0,0,0,0,0
FOCIT.BSE_IDX,01/07/2025,12:00:44,45539.77,0,0,0,0,0,0
FOCIT.BSE_IDX,01/07/2025,12:00:52,45538.69,0,0,0,0,0,0
FOCIT.BSE_IDX,01/07/2025,12:01:00,45535.77,0,0,0,0,0,0
FOCIT.BSE_IDX,01/07/2025,12:01:08,45531.3,0,0,0,0,0,0
FOCIT.BSE_IDX,01/07/2025,12:01:16,45535.5,0,0,0,0,0,0
FOCIT.BSE_IDX,01/07/2025,12:01:24,45533.12,0,0,0,0,0,0
FOCIT.BSE_IDX,01/07/2025,12:01:32,45532.59,0,0,0,0,0,0
FOCIT.BSE_IDX,01/07/2025,12:01:40,45529.97,0,0,0,0,0,0
FOCIT.BSE_IDX,01/07/2025,12:01:48,45529.29,0,0,0,0,0,0
FOCIT.BSE_IDX,01/07/2025,12:01:57,45528.34,0,0,0,0,0,0
FOCIT.BSE_IDX,01/07/2025,12:02:04,45527.65,0,0,0,0,0,0
FOCIT.BSE_IDX,01/07/2025,12:02:12,45521.84,0,0,0,0,0,0
FOCIT.BSE_IDX,01/07/2025,12:02:20,45524.84,0,0,0,0,0,0
FOCIT.BSE_IDX,01/07/2025,12:02:28,45526.99,0,0,0,0,0,0
FOCIT.BSE_IDX,01/07/2025,12:02:36,45532.23,0,0,0,0,0,0
FOCIT.BSE_IDX,01/07/2025,12:02:44,45532.82,0,0,0,0,0,0
FOCIT.BSE_IDX,01/07/2025,12:02:52,45532.1,0,0,0,0,0,0
FOCIT.BSE_IDX,01/07/2025,12:03:00,45534.47,0,0,0,0,0,0
FOCIT.BSE_IDX,01/07/2025,12:03:08,45538.8,0,0,0,0,0,0
FOCIT.BSE_IDX,01/07/2025,12:03:17,45539.39,0,0,0,0,0,0
FOCIT.BSE_IDX,01/07/2025,12:03:24,45533.97,0,0,0,0,0,0
FOCIT.BSE_IDX,01/07/2025,12:03:32,45531.82,0,0,0,0,0,0
FOCIT.BSE_IDX,01/07/2025,12:03:40,45528.87,0,0,0,0,0,0
FOCIT.BSE_IDX,01/07/2025,12:03:48,45530.2,0,0,0,0,0,0
FOCIT.BSE_IDX,01/07/2025,12:03:56,45530.06,0,0,0,0,0,0
FOCIT.BSE_IDX,01/07/2025,12:04:04,45532.82,0,0,0,0,0,0
FOCIT.BSE_IDX,01/07/2025,12:04:12,45528.17,0,0,0,0,0,0
FOCIT.BSE_IDX,01/07/2025,12:04:20,45521.63,0,0,0,0,0,0
FOCIT.BSE_IDX,01/07/2025,12:04:28,45520.87,0,0,0,0,0,0
FOCIT.BSE_IDX,01/07/2025,12:04:36,45527.63,0,0,0,0,0,0
FOCIT.BSE_IDX,01/07/2025,12:04:44,45527.06,0,0,0,0,0,0
FOCIT.BSE_IDX,01/07/2025,12:04:52,45523.5,0,0,0,0,0,0
FOCIT.BSE_IDX,01/07/2025,12:05:01,45525.5,0,0,0,0,0,0
FOCIT.BSE_IDX,01/07/2025,12:05:08,45523.64,0,0,0,0,0,0
FOCIT.BSE_IDX,01/07/2025,12:05:16,45521.26,0,0,0,0,0,0
FOCIT.BSE_IDX,01/07/2025,12:05:24,45521.98,0,0,0,0,0,0
FOCIT.BSE_IDX,01/07/2025,12:05:32,45522.71,0,0,0,0,0,0
FOCIT.BSE_IDX,01/07/2025,12:05:40,45521.09,0,0,0,0,0,0
FOCIT.BSE_IDX,01/07/2025,12:05:48,45516.94,0,0,0,0,0,0
FOCIT.BSE_IDX,01/07/2025,12:05:56,45516.73,0,0,0,0,0,0
FOCIT.BSE_IDX,01/07/2025,12:06:04,45518.8,0,0,0,0,0,0
FOCIT.BSE_IDX,01/07/2025,12:06:12,45518.8,0,0,0,0,0,0
FOCIT.BSE_IDX,01/07/2025,12:06:20,45516.37,0,0,0,0,0,0
FOCIT.BSE_IDX,01/07/2025,12:06:28,45519.14,0,0,0,0,0,0
FOCIT.BSE_IDX,01/07/2025,12:06:36,45511.69,0,0,0,0,0,0
FOCIT.BSE_IDX,01/07/2025,12:06:44,45513.01,0,0,0,0,0,0
FOCIT.BSE_IDX,01/07/2025,12:06:53,45509.7,0,0,0,0,0,0
FOCIT.BSE_IDX,01/07/2025,12:07:00,45510.5,0,0,0,0,0,0
FOCIT.BSE_IDX,01/07/2025,12:07:08,45513.08,0,0,0,0,0,0
FOCIT.BSE_IDX,01/07/2025,12:07:17,45509.28,0,0,0,0,0,0
FOCIT.BSE_IDX,01/07/2025,12:07:24,45509.98,0,0,0,0,0,0
FOCIT.BSE_IDX,01/07/2025,12:07:33,45507.81,0,0,0,0,0,0
FOCIT.BSE_IDX,01/07/2025,12:07:40,45510.36,0,0,0,0,0,0
FOCIT.BSE_IDX,01/07/2025,12:07:49,45508.16,0,0,0,0,0,0
FOCIT.BSE_IDX,01/07/2025,12:07:57,45505.9,0,0,0,0,0,0
FOCIT.BSE_IDX,01/07/2025,12:08:05,45503.69,0,0,0,0,0,0
FOCIT.BSE_IDX,01/07/2025,12:08:13,45494.28,0,0,0,0,0,0
FOCIT.BSE_IDX,01/07/2025,12:08:21,45495.03,0,0,0,0,0,0
FOCIT.BSE_IDX,01/07/2025,12:08:28,45491.54,0,0,0,0,0,0
FOCIT.BSE_IDX,01/07/2025,12:08:36,45491.67,0,0,0,0,0,0
FOCIT.BSE_IDX,01/07/2025,12:08:45,45491.39,0,0,0,0,0,0
FOCIT.BSE_IDX,01/07/2025,12:08:52,45491.19,0,0,0,0,0,0
FOCIT.BSE_IDX,01/07/2025,12:09:00,45495.07,0,0,0,0,0,0
FOCIT.BSE_IDX,01/07/2025,12:09:08,45495.34,0,0,0,0,0,0
FOCIT.BSE_IDX,01/07/2025,12:09:16,45494.09,0,0,0,0,0,0
FOCIT.BSE_IDX,01/07/2025,12:09:25,45493.83,0,0,0,0,0,0
FOCIT.BSE_IDX,01/07/2025,12:09:32,45493.49,0,0,0,0,0,0
FOCIT.BSE_IDX,01/07/2025,12:09:40,45498.1,0,0,0,0,0,0
FOCIT.BSE_IDX,01/07/2025,12:09:48,45493.85,0,0,0,0,0,0
FOCIT.BSE_IDX,01/07/2025,12:09:57,45498.06,0,0,0,0,0,0
FOCIT.BSE_IDX,01/07/2025,12:10:05,45498.06,0,0,0,0,0,0
FOCIT.BSE_IDX,01/07/2025,12:10:13,45504.35,0,0,0,0,0,0
FOCIT.BSE_IDX,01/07/2025,12:10:22,45511.82,0,0,0,0,0,0
FOCIT.BSE_IDX,01/07/2025,12:10:28,45512.18,0,0,0,0,0,0
FOCIT.BSE_IDX,01/07/2025,12:10:36,45515.86,0,0,0,0,0,0
FOCIT.BSE_IDX,01/07/2025,12:10:45,45515.86,0,0,0,0,0,0
FOCIT.BSE_IDX,01/07/2025,12:10:52,45515.86,0,0,0,0,0,0
FOCIT.BSE_IDX,01/07/2025,12:11:00,45515.86,0,0,0,0,0,0
FOCIT.BSE_IDX,01/07/2025,12:11:08,45514.52,0,0,0,0,0,0
FOCIT.BSE_IDX,01/07/2025,12:11:17,45514.68,0,0,0,0,0,0
FOCIT.BSE_IDX,01/07/2025,12:11:24,45514.27,0,0,0,0,0,0
FOCIT.BSE_IDX,01/07/2025,12:11:32,45503.86,0,0,0,0,0,0
FOCIT.BSE_IDX,01/07/2025,12:11:41,45503.86,0,0,0,0,0,0
FOCIT.BSE_IDX,01/07/2025,12:11:49,45508.63,0,0,0,0,0,0
FOCIT.BSE_IDX,01/07/2025,12:11:57,45508.63,0,0,0,0,0,0
FOCIT.BSE_IDX,01/07/2025,12:12:05,45521.46,0,0,0,0,0,0
FOCIT.BSE_IDX,01/07/2025,12:12:13,45522.08,0,0,0,0,0,0
FOCIT.BSE_IDX,01/07/2025,12:12:21,45522.22,0,0,0,0,0,0
FOCIT.BSE_IDX,01/07/2025,12:12:29,45522.34,0,0,0,0,0,0
FOCIT.BSE_IDX,01/07/2025,12:12:37,45523.24,0,0,0,0,0,0
FOCIT.BSE_IDX,01/07/2025,12:12:45,45523.5,0,0,0,0,0,0
FOCIT.BSE_IDX,01/07/2025,12:12:53,45510.44,0,0,0,0,0,0
FOCIT.BSE_IDX,01/07/2025,12:13:01,45510.44,0,0,0,0,0,0
FOCIT.BSE_IDX,01/07/2025,12:13:09,45507.65,0,0,0,0,0,0
FOCIT.BSE_IDX,01/07/2025,12:13:17,45508.2,0,0,0,0,0,0
FOCIT.BSE_IDX,01/07/2025,12:13:25,45507.38,0,0,0,0,0,0
FOCIT.BSE_IDX,01/07/2025,12:13:33,45505.87,0,0,0,0,0,0
FOCIT.BSE_IDX,01/07/2025,12:13:41,45510.44,0,0,0,0,0,0
FOCIT.BSE_IDX,01/07/2025,12:13:49,45511.73,0,0,0,0,0,0
FOCIT.BSE_IDX,01/07/2025,12:13:57,45509.38,0,0,0,0,0,0
FOCIT.BSE_IDX,01/07/2025,12:14:05,45510.43,0,0,0,0,0,0
FOCIT.BSE_IDX,01/07/2025,12:14:13,45510.43,0,0,0,0,0,0
FOCIT.BSE_IDX,01/07/2025,12:14:21,45510.01,0,0,0,0,0,0
FOCIT.BSE_IDX,01/07/2025,12:14:29,45508.71,0,0,0,0,0,0
FOCIT.BSE_IDX,01/07/2025,12:14:37,45509.63,0,0,0,0,0,0
FOCIT.BSE_IDX,01/07/2025,12:14:46,45510.55,0,0,0,0,0,0
FOCIT.BSE_IDX,01/07/2025,12:14:54,45509.01,0,0,0,0,0,0
FOCIT.BSE_IDX,01/07/2025,12:15:01,45510.39,0,0,0,0,0,0
FOCIT.BSE_IDX,01/07/2025,12:15:09,45511.26,0,0,0,0,0,0
FOCIT.BSE_IDX,01/07/2025,12:15:17,45506.19,0,0,0,0,0,0
FOCIT.BSE_IDX,01/07/2025,12:15:25,45508.5,0,0,0,0,0,0
FOCIT.BSE_IDX,01/07/2025,12:15:33,45506.58,0,0,0,0,0,0
FOCIT.BSE_IDX,01/07/2025,12:15:41,45506.49,0,0,0,0,0,0
FOCIT.BSE_IDX,01/07/2025,12:15:49,45507.98,0,0,0,0,0,0
FOCIT.BSE_IDX,01/07/2025,12:15:57,45508.87,0,0,0,0,0,0
FOCIT.BSE_IDX,01/07/2025,12:16:05,45507.69,0,0,0,0,0,0
FOCIT.BSE_IDX,01/07/2025,12:16:13,45508.36,0,0,0,0,0,0
FOCIT.BSE_IDX,01/07/2025,12:16:21,45509.86,0,0,0,0,0,0
FOCIT.BSE_IDX,01/07/2025,12:16:29,45511.22,0,0,0,0,0,0
FOCIT.BSE_IDX,01/07/2025,12:16:37,45507.53,0,0,0,0,0,0
FOCIT.BSE_IDX,01/07/2025,12:16:45,45503.77,0,0,0,0,0,0
FOCIT.BSE_IDX,01/07/2025,12:16:53,45501.65,0,0,0,0,0,0
FOCIT.BSE_IDX,01/07/2025,12:17:01,45502.75,0,0,0,0,0,0
FOCIT.BSE_IDX,01/07/2025,12:17:09,45511.95,0,0,0,0,0,0
FOCIT.BSE_IDX,01/07/2025,12:17:17,45506.57,0,0,0,0,0,0
FOCIT.BSE_IDX,01/07/2025,12:17:25,45500.56,0,0,0,0,0,0
FOCIT.BSE_IDX,01/07/2025,12:17:33,45503.72,0,0,0,0,0,0
FOCIT.BSE_IDX,01/07/2025,12:17:41,45504.69,0,0,0,0,0,0
FOCIT.BSE_IDX,01/07/2025,12:17:49,45503.03,0,0,0,0,0,0
FOCIT.BSE_IDX,01/07/2025,12:17:57,45507.37,0,0,0,0,0,0
FOCIT.BSE_IDX,01/07/2025,12:18:05,45506.29,0,0,0,0,0,0
FOCIT.BSE_IDX,01/07/2025,12:18:13,45507.05,0,0,0,0,0,0
FOCIT.BSE_IDX,01/07/2025,12:18:21,45507.06,0,0,0,0,0,0
FOCIT.BSE_IDX,01/07/2025,12:18:29,45507.12,0,0,0,0,0,0
FOCIT.BSE_IDX,01/07/2025,12:18:37,45502.46,0,0,0,0,0,0
FOCIT.BSE_IDX,01/07/2025,12:18:45,45502.87,0,0,0,0,0,0
FOCIT.BSE_IDX,01/07/2025,12:18:53,45501.4,0,0,0,0,0,0
FOCIT.BSE_IDX,01/07/2025,12:19:01,45504.69,0,0,0,0,0,0
FOCIT.BSE_IDX,01/07/2025,12:19:09,45506.08,0,0,0,0,0,0
FOCIT.BSE_IDX,01/07/2025,12:19:17,45501.57,0,0,0,0,0,0
FOCIT.BSE_IDX,01/07/2025,12:19:25,45501.67,0,0,0,0,0,0
FOCIT.BSE_IDX,01/07/2025,12:19:33,45505.3,0,0,0,0,0,0
FOCIT.BSE_IDX,01/07/2025,12:19:41,45511.88,0,0,0,0,0,0
FOCIT.BSE_IDX,01/07/2025,12:19:49,45513.49,0,0,0,0,0,0
FOCIT.BSE_IDX,01/07/2025,12:19:57,45512.32,0,0,0,0,0,0
FOCIT.BSE_IDX,01/07/2025,12:20:05,45515.43,0,0,0,0,0,0
FOCIT.BSE_IDX,01/07/2025,12:20:13,45514.03,0,0,0,0,0,0
FOCIT.BSE_IDX,01/07/2025,12:20:21,45521.3,0,0,0,0,0,0
FOCIT.BSE_IDX,01/07/2025,12:20:29,45521.3,0,0,0,0,0,0
FOCIT.BSE_IDX,01/07/2025,12:20:37,45521.3,0,0,0,0,0,0
FOCIT.BSE_IDX,01/07/2025,12:20:45,45517.39,0,0,0,0,0,0
FOCIT.BSE_IDX,01/07/2025,12:20:53,45520.11,0,0,0,0,0,0
FOCIT.BSE_IDX,01/07/2025,12:21:01,45521.83,0,0,0,0,0,0
FOCIT.BSE_IDX,01/07/2025,12:21:09,45522.41,0,0,0,0,0,0
FOCIT.BSE_IDX,01/07/2025,12:21:17,45523.59,0,0,0,0,0,0
FOCIT.BSE_IDX,01/07/2025,12:21:25,45521.29,0,0,0,0,0,0
FOCIT.BSE_IDX,01/07/2025,12:21:33,45522.67,0,0,0,0,0,0
FOCIT.BSE_IDX,01/07/2025,12:21:41,45535.02,0,0,0,0,0,0
FOCIT.BSE_IDX,01/07/2025,12:21:49,45535.5,0,0,0,0,0,0
FOCIT.BSE_IDX,01/07/2025,12:21:57,45538.75,0,0,0,0,0,0
FOCIT.BSE_IDX,01/07/2025,12:22:05,45542.43,0,0,0,0,0,0
FOCIT.BSE_IDX,01/07/2025,12:22:13,45541.58,0,0,0,0,0,0
FOCIT.BSE_IDX,01/07/2025,12:22:21,45526.74,0,0,0,0,0,0
FOCIT.BSE_IDX,01/07/2025,12:22:29,45523.43,0,0,0,0,0,0
FOCIT.BSE_IDX,01/07/2025,12:22:37,45524.02,0,0,0,0,0,0
FOCIT.BSE_IDX,01/07/2025,12:22:45,45522.64,0,0,0,0,0,0
FOCIT.BSE_IDX,01/07/2025,12:22:53,45522.64,0,0,0,0,0,0
FOCIT.BSE_IDX,01/07/2025,12:23:02,45524.34,0,0,0,0,0,0
FOCIT.BSE_IDX,01/07/2025,12:23:09,45525.14,0,0,0,0,0,0
FOCIT.BSE_IDX,01/07/2025,12:23:17,45517.01,0,0,0,0,0,0
FOCIT.BSE_IDX,01/07/2025,12:23:25,45517.19,0,0,0,0,0,0
FOCIT.BSE_IDX,01/07/2025,12:23:33,45517.19,0,0,0,0,0,0
FOCIT.BSE_IDX,01/07/2025,12:23:41,45520.41,0,0,0,0,0,0
FOCIT.BSE_IDX,01/07/2025,12:23:49,45519.03,0,0,0,0,0,0
FOCIT.BSE_IDX,01/07/2025,12:23:57,45525.55,0,0,0,0,0,0
FOCIT.BSE_IDX,01/07/2025,12:24:05,45523.34,0,0,0,0,0,0
FOCIT.BSE_IDX,01/07/2025,12:24:13,45518.92,0,0,0,0,0,0
FOCIT.BSE_IDX,01/07/2025,12:24:21,45520.44,0,0,0,0,0,0
FOCIT.BSE_IDX,01/07/2025,12:24:29,45522.82,0,0,0,0,0,0
FOCIT.BSE_IDX,01/07/2025,12:24:37,45524.76,0,0,0,0,0,0
FOCIT.BSE_IDX,01/07/2025,12:24:45,45522.53,0,0,0,0,0,0
FOCIT.BSE_IDX,01/07/2025,12:24:53,45524.46,0,0,0,0,0,0
FOCIT.BSE_IDX,01/07/2025,12:25:01,45524.46,0,0,0,0,0,0
FOCIT.BSE_IDX,01/07/2025,12:25:09,45524.46,0,0,0,0,0,0
FOCIT.BSE_IDX,01/07/2025,12:25:17,45527.44,0,0,0,0,0,0
FOCIT.BSE_IDX,01/07/2025,12:25:25,45531.12,0,0,0,0,0,0
FOCIT.BSE_IDX,01/07/2025,12:25:33,45532.74,0,0,0,0,0,0
FOCIT.BSE_IDX,01/07/2025,12:25:41,45530.49,0,0,0,0,0,0
FOCIT.BSE_IDX,01/07/2025,12:25:49,45528.12,0,0,0,0,0,0
FOCIT.BSE_IDX,01/07/2025,12:25:57,45528.97,0,0,0,0,0,0
FOCIT.BSE_IDX,01/07/2025,12:26:05,45532.21,0,0,0,0,0,0
FOCIT.BSE_IDX,01/07/2025,12:26:13,45521.97,0,0,0,0,0,0
FOCIT.BSE_IDX,01/07/2025,12:26:21,45523.7,0,0,0,0,0,0
FOCIT.BSE_IDX,01/07/2025,12:26:31,45522.95,0,0,0,0,0,0
FOCIT.BSE_IDX,01/07/2025,12:26:37,45522.88,0,0,0,0,0,0
FOCIT.BSE_IDX,01/07/2025,12:26:45,45524.26,0,0,0,0,0,0
FOCIT.BSE_IDX,01/07/2025,12:26:53,45521.99,0,0,0,0,0,0
FOCIT.BSE_IDX,01/07/2025,12:27:01,45520.85,0,0,0,0,0,0
FOCIT.BSE_IDX,01/07/2025,12:27:09,45520.07,0,0,0,0,0,0
FOCIT.BSE_IDX,01/07/2025,12:27:17,45519.26,0,0,0,0,0,0
FOCIT.BSE_IDX,01/07/2025,12:27:25,45518.43,0,0,0,0,0,0
FOCIT.BSE_IDX,01/07/2025,12:27:33,45516.08,0,0,0,0,0,0
FOCIT.BSE_IDX,01/07/2025,12:27:41,45519.18,0,0,0,0,0,0
FOCIT.BSE_IDX,01/07/2025,12:27:49,45516.28,0,0,0,0,0,0
FOCIT.BSE_IDX,01/07/2025,12:27:57,45516.81,0,0,0,0,0,0
FOCIT.BSE_IDX,01/07/2025,12:28:05,45517.99,0,0,0,0,0,0
FOCIT.BSE_IDX,01/07/2025,12:28:13,45517.83,0,0,0,0,0,0
FOCIT.BSE_IDX,01/07/2025,12:28:21,45518.28,0,0,0,0,0,0
FOCIT.BSE_IDX,01/07/2025,12:28:29,45518.28,0,0,0,0,0,0
FOCIT.BSE_IDX,01/07/2025,12:28:37,45520.2,0,0,0,0,0,0
FOCIT.BSE_IDX,01/07/2025,12:28:45,45520.2,0,0,0,0,0,0
FOCIT.BSE_IDX,01/07/2025,12:28:53,45519.16,0,0,0,0,0,0
FOCIT.BSE_IDX,01/07/2025,12:29:01,45520.34,0,0,0,0,0,0
FOCIT.BSE_IDX,01/07/2025,12:29:10,45517.64,0,0,0,0,0,0
FOCIT.BSE_IDX,01/07/2025,12:29:18,45518.84,0,0,0,0,0,0
FOCIT.BSE_IDX,01/07/2025,12:29:25,45520.56,0,0,0,0,0,0
FOCIT.BSE_IDX,01/07/2025,12:29:33,45522.58,0,0,0,0,0,0
FOCIT.BSE_IDX,01/07/2025,12:29:41,45523.16,0,0,0,0,0,0
FOCIT.BSE_IDX,01/07/2025,12:29:49,45523.16,0,0,0,0,0,0
FOCIT.BSE_IDX,01/07/2025,12:29:57,45519.1,0,0,0,0,0,0
FOCIT.BSE_IDX,01/07/2025,12:30:05,45526.35,0,0,0,0,0,0
FOCIT.BSE_IDX,01/07/2025,12:30:13,45521.15,0,0,0,0,0,0
FOCIT.BSE_IDX,01/07/2025,12:30:22,45524.89,0,0,0,0,0,0
FOCIT.BSE_IDX,01/07/2025,12:30:29,45517.6,0,0,0,0,0,0
FOCIT.BSE_IDX,01/07/2025,12:30:37,45515.84,0,0,0,0,0,0
FOCIT.BSE_IDX,01/07/2025,12:30:45,45516.23,0,0,0,0,0,0
FOCIT.BSE_IDX,01/07/2025,12:30:53,45516.96,0,0,0,0,0,0
FOCIT.BSE_IDX,01/07/2025,12:31:01,45517.16,0,0,0,0,0,0
FOCIT.BSE_IDX,01/07/2025,12:31:09,45516.51,0,0,0,0,0,0
FOCIT.BSE_IDX,01/07/2025,12:31:17,45514.08,0,0,0,0,0,0
FOCIT.BSE_IDX,01/07/2025,12:31:25,45515.46,0,0,0,0,0,0
FOCIT.BSE_IDX,01/07/2025,12:31:34,45517.31,0,0,0,0,0,0
FOCIT.BSE_IDX,01/07/2025,12:31:41,45509.54,0,0,0,0,0,0
FOCIT.BSE_IDX,01/07/2025,12:31:49,45507.78,0,0,0,0,0,0
FOCIT.BSE_IDX,01/07/2025,12:31:57,45511.83,0,0,0,0,0,0
FOCIT.BSE_IDX,01/07/2025,12:32:05,45513.1,0,0,0,0,0,0
FOCIT.BSE_IDX,01/07/2025,12:32:13,45515.04,0,0,0,0,0,0
FOCIT.BSE_IDX,01/07/2025,12:32:21,45515.04,0,0,0,0,0,0
FOCIT.BSE_IDX,01/07/2025,12:32:29,45515.99,0,0,0,0,0,0
FOCIT.BSE_IDX,01/07/2025,12:32:37,45514.99,0,0,0,0,0,0
FOCIT.BSE_IDX,01/07/2025,12:32:45,45518.45,0,0,0,0,0,0
FOCIT.BSE_IDX,01/07/2025,12:32:53,45516.59,0,0,0,0,0,0
FOCIT.BSE_IDX,01/07/2025,12:33:01,45516.59,0,0,0,0,0,0
FOCIT.BSE_IDX,01/07/2025,12:33:09,45517.27,0,0,0,0,0,0
FOCIT.BSE_IDX,01/07/2025,12:33:17,45516.65,0,0,0,0,0,0
FOCIT.BSE_IDX,01/07/2025,12:33:26,45518.98,0,0,0,0,0,0
FOCIT.BSE_IDX,01/07/2025,12:33:33,45518.46,0,0,0,0,0,0
FOCIT.BSE_IDX,01/07/2025,12:33:41,45526.29,0,0,0,0,0,0
FOCIT.BSE_IDX,01/07/2025,12:33:49,45516.53,0,0,0,0,0,0
FOCIT.BSE_IDX,01/07/2025,12:33:57,45519.06,0,0,0,0,0,0
FOCIT.BSE_IDX,01/07/2025,12:34:05,45521.77,0,0,0,0,0,0
FOCIT.BSE_IDX,01/07/2025,12:34:13,45524.28,0,0,0,0,0,0
FOCIT.BSE_IDX,01/07/2025,12:34:21,45522.95,0,0,0,0,0,0
FOCIT.BSE_IDX,01/07/2025,12:34:29,45522.78,0,0,0,0,0,0
FOCIT.BSE_IDX,01/07/2025,12:34:37,45523.37,0,0,0,0,0,0
FOCIT.BSE_IDX,01/07/2025,12:34:45,45521.28,0,0,0,0,0,0
FOCIT.BSE_IDX,01/07/2025,12:34:53,45528.99,0,0,0,0,0,0
FOCIT.BSE_IDX,01/07/2025,12:35:01,45528.37,0,0,0,0,0,0
FOCIT.BSE_IDX,01/07/2025,12:35:09,45533.41,0,0,0,0,0,0
FOCIT.BSE_IDX,01/07/2025,12:35:17,45533.19,0,0,0,0,0,0
FOCIT.BSE_IDX,01/07/2025,12:35:25,45533.16,0,0,0,0,0,0
FOCIT.BSE_IDX,01/07/2025,12:35:33,45532.58,0,0,0,0,0,0
FOCIT.BSE_IDX,01/07/2025,12:35:41,45530.2,0,0,0,0,0,0
FOCIT.BSE_IDX,01/07/2025,12:35:49,45527.52,0,0,0,0,0,0
FOCIT.BSE_IDX,01/07/2025,12:35:57,45527.38,0,0,0,0,0,0
FOCIT.BSE_IDX,01/07/2025,12:36:05,45526.3,0,0,0,0,0,0
FOCIT.BSE_IDX,01/07/2025,12:36:13,45527.91,0,0,0,0,0,0
FOCIT.BSE_IDX,01/07/2025,12:36:21,45530.27,0,0,0,0,0,0
FOCIT.BSE_IDX,01/07/2025,12:36:29,45523.82,0,0,0,0,0,0
FOCIT.BSE_IDX,01/07/2025,12:36:37,45526.54,0,0,0,0,0,0
FOCIT.BSE_IDX,01/07/2025,12:36:45,45526.54,0,0,0,0,0,0
FOCIT.BSE_IDX,01/07/2025,12:36:53,45526.54,0,0,0,0,0,0
FOCIT.BSE_IDX,01/07/2025,12:37:01,45526.54,0,0,0,0,0,0
FOCIT.BSE_IDX,01/07/2025,12:37:09,45526.54,0,0,0,0,0,0
FOCIT.BSE_IDX,01/07/2025,12:37:17,45526.54,0,0,0,0,0,0
FOCIT.BSE_IDX,01/07/2025,12:37:25,45525.77,0,0,0,0,0,0
FOCIT.BSE_IDX,01/07/2025,12:37:33,45523.15,0,0,0,0,0,0
FOCIT.BSE_IDX,01/07/2025,12:37:41,45524.92,0,0,0,0,0,0
FOCIT.BSE_IDX,01/07/2025,12:37:49,45523.08,0,0,0,0,0,0
FOCIT.BSE_IDX,01/07/2025,12:37:57,45521.37,0,0,0,0,0,0
FOCIT.BSE_IDX,01/07/2025,12:38:05,45517.76,0,0,0,0,0,0
FOCIT.BSE_IDX,01/07/2025,12:38:13,45516.68,0,0,0,0,0,0
FOCIT.BSE_IDX,01/07/2025,12:38:22,45513.97,0,0,0,0,0,0
FOCIT.BSE_IDX,01/07/2025,12:38:29,45518.75,0,0,0,0,0,0
FOCIT.BSE_IDX,01/07/2025,12:38:39,45518.57,0,0,0,0,0,0
FOCIT.BSE_IDX,01/07/2025,12:38:45,45520.21,0,0,0,0,0,0
FOCIT.BSE_IDX,01/07/2025,12:38:53,45519.45,0,0,0,0,0,0
FOCIT.BSE_IDX,01/07/2025,12:39:01,45519.45,0,0,0,0,0,0
FOCIT.BSE_IDX,01/07/2025,12:39:10,45517.71,0,0,0,0,0,0
FOCIT.BSE_IDX,01/07/2025,12:39:18,45517.71,0,0,0,0,0,0
FOCIT.BSE_IDX,01/07/2025,12:39:25,45518.76,0,0,0,0,0,0
FOCIT.BSE_IDX,01/07/2025,12:39:34,45511.27,0,0,0,0,0,0
FOCIT.BSE_IDX,01/07/2025,12:39:42,45512.2,0,0,0,0,0,0
FOCIT.BSE_IDX,01/07/2025,12:39:49,45510.36,0,0,0,0,0,0
FOCIT.BSE_IDX,01/07/2025,12:39:57,45510.34,0,0,0,0,0,0
FOCIT.BSE_IDX,01/07/2025,12:40:05,45507.87,0,0,0,0,0,0
FOCIT.BSE_IDX,01/07/2025,12:40:14,45504.34,0,0,0,0,0,0
FOCIT.BSE_IDX,01/07/2025,12:40:21,45504.34,0,0,0,0,0,0
FOCIT.BSE_IDX,01/07/2025,12:40:29,45500.45,0,0,0,0,0,0
FOCIT.BSE_IDX,01/07/2025,12:40:37,45502.81,0,0,0,0,0,0
FOCIT.BSE_IDX,01/07/2025,12:40:45,45504.56,0,0,0,0,0,0
FOCIT.BSE_IDX,01/07/2025,12:40:54,45504.56,0,0,0,0,0,0
FOCIT.BSE_IDX,01/07/2025,12:41:01,45503.48,0,0,0,0,0,0
FOCIT.BSE_IDX,01/07/2025,12:41:09,45505.84,0,0,0,0,0,0
FOCIT.BSE_IDX,01/07/2025,12:41:17,45505.84,0,0,0,0,0,0
FOCIT.BSE_IDX,01/07/2025,12:41:25,45503.58,0,0,0,0,0,0
FOCIT.BSE_IDX,01/07/2025,12:41:33,45503.58,0,0,0,0,0,0
FOCIT.BSE_IDX,01/07/2025,12:41:42,45505.31,0,0,0,0,0,0
FOCIT.BSE_IDX,01/07/2025,12:41:50,45503.54,0,0,0,0,0,0
FOCIT.BSE_IDX,01/07/2025,12:41:58,45505.23,0,0,0,0,0,0
FOCIT.BSE_IDX,01/07/2025,12:42:05,45511.44,0,0,0,0,0,0
FOCIT.BSE_IDX,01/07/2025,12:42:13,45514.89,0,0,0,0,0,0
FOCIT.BSE_IDX,01/07/2025,12:42:21,45506.89,0,0,0,0,0,0
FOCIT.BSE_IDX,01/07/2025,12:42:29,45508.25,0,0,0,0,0,0
FOCIT.BSE_IDX,01/07/2025,12:42:37,45508.33,0,0,0,0,0,0
FOCIT.BSE_IDX,01/07/2025,12:42:46,45508.33,0,0,0,0,0,0
FOCIT.BSE_IDX,01/07/2025,12:42:53,45508.06,0,0,0,0,0,0
FOCIT.BSE_IDX,01/07/2025,12:43:01,45507.68,0,0,0,0,0,0
FOCIT.BSE_IDX,01/07/2025,12:43:10,45509.84,0,0,0,0,0,0
FOCIT.BSE_IDX,01/07/2025,12:43:17,45510.95,0,0,0,0,0,0
FOCIT.BSE_IDX,01/07/2025,12:43:26,45513.31,0,0,0,0,0,0
FOCIT.BSE_IDX,01/07/2025,12:43:34,45513.58,0,0,0,0,0,0
FOCIT.BSE_IDX,01/07/2025,12:43:42,45512.58,0,0,0,0,0,0
FOCIT.BSE_IDX,01/07/2025,12:43:49,45514.67,0,0,0,0,0,0
FOCIT.BSE_IDX,01/07/2025,12:43:58,45516.19,0,0,0,0,0,0
FOCIT.BSE_IDX,01/07/2025,12:44:05,45525.62,0,0,0,0,0,0
FOCIT.BSE_IDX,01/07/2025,12:44:14,45523.77,0,0,0,0,0,0
FOCIT.BSE_IDX,01/07/2025,12:44:22,45522.74,0,0,0,0,0,0
FOCIT.BSE_IDX,01/07/2025,12:44:29,45523.3,0,0,0,0,0,0
FOCIT.BSE_IDX,01/07/2025,12:44:38,45521.68,0,0,0,0,0,0
FOCIT.BSE_IDX,01/07/2025,12:44:46,45521.68,0,0,0,0,0,0
FOCIT.BSE_IDX,01/07/2025,12:44:53,45521.68,0,0,0,0,0,0
FOCIT.BSE_IDX,01/07/2025,12:45:01,45521.68,0,0,0,0,0,0
FOCIT.BSE_IDX,01/07/2025,12:45:11,45515.48,0,0,0,0,0,0
FOCIT.BSE_IDX,01/07/2025,12:45:18,45512.64,0,0,0,0,0,0
FOCIT.BSE_IDX,01/07/2025,12:45:26,45511.86,0,0,0,0,0,0
FOCIT.BSE_IDX,01/07/2025,12:45:34,45511.86,0,0,0,0,0,0
FOCIT.BSE_IDX,01/07/2025,12:45:42,45504.21,0,0,0,0,0,0
FOCIT.BSE_IDX,01/07/2025,12:45:50,45508.42,0,0,0,0,0,0
FOCIT.BSE_IDX,01/07/2025,12:45:58,45508.42,0,0,0,0,0,0
FOCIT.BSE_IDX,01/07/2025,12:46:06,45509.47,0,0,0,0,0,0
FOCIT.BSE_IDX,01/07/2025,12:46:14,45507.79,0,0,0,0,0,0
FOCIT.BSE_IDX,01/07/2025,12:46:22,45511.14,0,0,0,0,0,0
FOCIT.BSE_IDX,01/07/2025,12:46:30,45509.5,0,0,0,0,0,0
FOCIT.BSE_IDX,01/07/2025,12:46:38,45511.45,0,0,0,0,0,0
FOCIT.BSE_IDX,01/07/2025,12:46:46,45511.24,0,0,0,0,0,0
FOCIT.BSE_IDX,01/07/2025,12:46:54,45511.24,0,0,0,0,0,0
FOCIT.BSE_IDX,01/07/2025,12:47:02,45508.91,0,0,0,0,0,0
FOCIT.BSE_IDX,01/07/2025,12:47:10,45508.62,0,0,0,0,0,0
FOCIT.BSE_IDX,01/07/2025,12:47:18,45513.46,0,0,0,0,0,0
FOCIT.BSE_IDX,01/07/2025,12:47:26,45514.14,0,0,0,0,0,0
FOCIT.BSE_IDX,01/07/2025,12:47:34,45514.14,0,0,0,0,0,0
FOCIT.BSE_IDX,01/07/2025,12:47:42,45507.02,0,0,0,0,0,0
FOCIT.BSE_IDX,01/07/2025,12:47:50,45503.6,0,0,0,0,0,0
FOCIT.BSE_IDX,01/07/2025,12:47:58,45504.23,0,0,0,0,0,0
FOCIT.BSE_IDX,01/07/2025,12:48:06,45505.99,0,0,0,0,0,0
FOCIT.BSE_IDX,01/07/2025,12:48:14,45508.24,0,0,0,0,0,0
FOCIT.BSE_IDX,01/07/2025,12:48:22,45514.23,0,0,0,0,0,0
FOCIT.BSE_IDX,01/07/2025,12:48:30,45516.99,0,0,0,0,0,0
FOCIT.BSE_IDX,01/07/2025,12:48:38,45518.04,0,0,0,0,0,0
FOCIT.BSE_IDX,01/07/2025,12:48:46,45518.62,0,0,0,0,0,0
FOCIT.BSE_IDX,01/07/2025,12:48:54,45524.02,0,0,0,0,0,0
FOCIT.BSE_IDX,01/07/2025,12:49:02,45522.98,0,0,0,0,0,0
FOCIT.BSE_IDX,01/07/2025,12:49:10,45529.38,0,0,0,0,0,0
FOCIT.BSE_IDX,01/07/2025,12:49:18,45531.73,0,0,0,0,0,0
FOCIT.BSE_IDX,01/07/2025,12:49:26,45528.12,0,0,0,0,0,0
FOCIT.BSE_IDX,01/07/2025,12:49:34,45528.12,0,0,0,0,0,0
FOCIT.BSE_IDX,01/07/2025,12:49:42,45533.23,0,0,0,0,0,0
FOCIT.BSE_IDX,01/07/2025,12:49:50,45536.21,0,0,0,0,0,0
FOCIT.BSE_IDX,01/07/2025,12:49:58,45534.64,0,0,0,0,0,0
FOCIT.BSE_IDX,01/07/2025,12:50:06,45537,0,0,0,0,0,0
FOCIT.BSE_IDX,01/07/2025,12:50:14,45543.04,0,0,0,0,0,0
FOCIT.BSE_IDX,01/07/2025,12:50:22,45542.78,0,0,0,0,0,0
FOCIT.BSE_IDX,01/07/2025,12:50:30,45539.67,0,0,0,0,0,0
FOCIT.BSE_IDX,01/07/2025,12:50:38,45539.24,0,0,0,0,0,0
FOCIT.BSE_IDX,01/07/2025,12:50:47,45536.9,0,0,0,0,0,0
FOCIT.BSE_IDX,01/07/2025,12:50:54,45542,0,0,0,0,0,0
FOCIT.BSE_IDX,01/07/2025,12:51:02,45540.01,0,0,0,0,0,0
FOCIT.BSE_IDX,01/07/2025,12:51:10,45542.64,0,0,0,0,0,0
FOCIT.BSE_IDX,01/07/2025,12:51:19,45542.64,0,0,0,0,0,0
FOCIT.BSE_IDX,01/07/2025,12:51:26,45539.99,0,0,0,0,0,0
FOCIT.BSE_IDX,01/07/2025,12:51:34,45532.63,0,0,0,0,0,0
FOCIT.BSE_IDX,01/07/2025,12:51:42,45535.73,0,0,0,0,0,0
FOCIT.BSE_IDX,01/07/2025,12:51:50,45534.96,0,0,0,0,0,0
FOCIT.BSE_IDX,01/07/2025,12:51:58,45529.88,0,0,0,0,0,0
FOCIT.BSE_IDX,01/07/2025,12:52:06,45531.65,0,0,0,0,0,0
FOCIT.BSE_IDX,01/07/2025,12:52:14,45537.03,0,0,0,0,0,0
FOCIT.BSE_IDX,01/07/2025,12:52:22,45536.44,0,0,0,0,0,0
FOCIT.BSE_IDX,01/07/2025,12:52:30,45535.68,0,0,0,0,0,0
FOCIT.BSE_IDX,01/07/2025,12:52:38,45535.55,0,0,0,0,0,0
FOCIT.BSE_IDX,01/07/2025,12:52:46,45530.74,0,0,0,0,0,0
FOCIT.BSE_IDX,01/07/2025,12:52:54,45530.38,0,0,0,0,0,0
FOCIT.BSE_IDX,01/07/2025,12:53:02,45524.8,0,0,0,0,0,0
FOCIT.BSE_IDX,01/07/2025,12:53:10,45524.21,0,0,0,0,0,0
FOCIT.BSE_IDX,01/07/2025,12:53:18,45526.42,0,0,0,0,0,0
FOCIT.BSE_IDX,01/07/2025,12:53:26,45521.57,0,0,0,0,0,0
FOCIT.BSE_IDX,01/07/2025,12:53:34,45523.77,0,0,0,0,0,0
FOCIT.BSE_IDX,01/07/2025,12:53:42,45521,0,0,0,0,0,0
FOCIT.BSE_IDX,01/07/2025,12:53:50,45522.08,0,0,0,0,0,0
FOCIT.BSE_IDX,01/07/2025,12:53:58,45527.61,0,0,0,0,0,0
FOCIT.BSE_IDX,01/07/2025,12:54:06,45527.61,0,0,0,0,0,0
FOCIT.BSE_IDX,01/07/2025,12:54:14,45527.61,0,0,0,0,0,0
FOCIT.BSE_IDX,01/07/2025,12:54:22,45518.49,0,0,0,0,0,0
FOCIT.BSE_IDX,01/07/2025,12:54:30,45517.41,0,0,0,0,0,0
FOCIT.BSE_IDX,01/07/2025,12:54:38,45518.08,0,0,0,0,0,0
FOCIT.BSE_IDX,01/07/2025,12:54:46,45520.03,0,0,0,0,0,0
FOCIT.BSE_IDX,01/07/2025,12:54:54,45520.37,0,0,0,0,0,0
FOCIT.BSE_IDX,01/07/2025,12:55:02,45516.88,0,0,0,0,0,0
FOCIT.BSE_IDX,01/07/2025,12:55:10,45516.29,0,0,0,0,0,0
FOCIT.BSE_IDX,01/07/2025,12:55:18,45519.51,0,0,0,0,0,0
FOCIT.BSE_IDX,01/07/2025,12:55:26,45518.8,0,0,0,0,0,0
FOCIT.BSE_IDX,01/07/2025,12:55:34,45518.16,0,0,0,0,0,0
FOCIT.BSE_IDX,01/07/2025,12:55:42,45527.56,0,0,0,0,0,0
FOCIT.BSE_IDX,01/07/2025,12:55:50,45525.92,0,0,0,0,0,0
FOCIT.BSE_IDX,01/07/2025,12:55:58,45523.67,0,0,0,0,0,0
FOCIT.BSE_IDX,01/07/2025,12:56:06,45523.67,0,0,0,0,0,0
FOCIT.BSE_IDX,01/07/2025,12:56:15,45524.85,0,0,0,0,0,0
FOCIT.BSE_IDX,01/07/2025,12:56:22,45526.83,0,0,0,0,0,0
FOCIT.BSE_IDX,01/07/2025,12:56:30,45526.83,0,0,0,0,0,0
FOCIT.BSE_IDX,01/07/2025,12:56:38,45519.39,0,0,0,0,0,0
FOCIT.BSE_IDX,01/07/2025,12:56:46,45517.53,0,0,0,0,0,0
FOCIT.BSE_IDX,01/07/2025,12:56:54,45516.35,0,0,0,0,0,0
FOCIT.BSE_IDX,01/07/2025,12:57:02,45514.54,0,0,0,0,0,0
FOCIT.BSE_IDX,01/07/2025,12:57:10,45518.36,0,0,0,0,0,0
FOCIT.BSE_IDX,01/07/2025,12:57:18,45515.54,0,0,0,0,0,0
FOCIT.BSE_IDX,01/07/2025,12:57:26,45512.7,0,0,0,0,0,0
FOCIT.BSE_IDX,01/07/2025,12:57:34,45516.01,0,0,0,0,0,0
FOCIT.BSE_IDX,01/07/2025,12:57:42,45516.83,0,0,0,0,0,0
FOCIT.BSE_IDX,01/07/2025,12:57:51,45520.43,0,0,0,0,0,0
FOCIT.BSE_IDX,01/07/2025,12:57:58,45522.19,0,0,0,0,0,0
FOCIT.BSE_IDX,01/07/2025,12:58:06,45520.16,0,0,0,0,0,0
FOCIT.BSE_IDX,01/07/2025,12:58:14,45515.78,0,0,0,0,0,0
FOCIT.BSE_IDX,01/07/2025,12:58:22,45515.82,0,0,0,0,0,0
