Ticker,Date,Time,LTP,BuyPrice,BuyQty,SellPrice,SellQty,LTQ,OpenInterest
FOCMID.BSE_IDX,01/07/2025,09:00:00,24024.76,0,0,0,0,0,0
FOCMID.BSE_IDX,01/07/2025,09:00:07,24104.18,0,0,0,0,0,0
FOCMID.BSE_IDX,01/07/2025,09:00:15,24011.82,0,0,0,0,0,0
FOCMID.BSE_IDX,01/07/2025,09:00:23,24021.56,0,0,0,0,0,0
FOCMID.BSE_IDX,01/07/2025,09:00:31,24039.22,0,0,0,0,0,0
FOCMID.BSE_IDX,01/07/2025,09:00:39,24040.99,0,0,0,0,0,0
FOCMID.BSE_IDX,01/07/2025,09:00:47,24040.99,0,0,0,0,0,0
FOCMID.BSE_IDX,01/07/2025,09:00:55,24025.43,0,0,0,0,0,0
FOCMID.BSE_IDX,01/07/2025,09:01:03,24025.43,0,0,0,0,0,0
FOCMID.BSE_IDX,01/07/2025,09:01:11,24048.24,0,0,0,0,0,0
FOCMID.BSE_IDX,01/07/2025,09:01:19,24080.76,0,0,0,0,0,0
FOCMID.BSE_IDX,01/07/2025,09:01:27,24065.17,0,0,0,0,0,0
FOCMID.BSE_IDX,01/07/2025,09:01:35,24065.17,0,0,0,0,0,0
FOCMID.BSE_IDX,01/07/2025,09:01:43,24065.17,0,0,0,0,0,0
FOCMID.BSE_IDX,01/07/2025,09:01:51,24080.76,0,0,0,0,0,0
FOCMID.BSE_IDX,01/07/2025,09:01:59,24074.74,0,0,0,0,0,0
FOCMID.BSE_IDX,01/07/2025,09:02:07,24074.74,0,0,0,0,0,0
FOCMID.BSE_IDX,01/07/2025,09:02:15,24068.88,0,0,0,0,0,0
FOCMID.BSE_IDX,01/07/2025,09:02:23,24068.88,0,0,0,0,0,0
FOCMID.BSE_IDX,01/07/2025,09:02:31,24064.06,0,0,0,0,0,0
FOCMID.BSE_IDX,01/07/2025,09:02:39,24064.06,0,0,0,0,0,0
FOCMID.BSE_IDX,01/07/2025,09:02:47,24058.59,0,0,0,0,0,0
FOCMID.BSE_IDX,01/07/2025,09:02:55,24058.59,0,0,0,0,0,0
FOCMID.BSE_IDX,01/07/2025,09:03:03,24058.43,0,0,0,0,0,0
FOCMID.BSE_IDX,01/07/2025,09:03:11,24062.54,0,0,0,0,0,0
FOCMID.BSE_IDX,01/07/2025,09:03:19,24064.99,0,0,0,0,0,0
FOCMID.BSE_IDX,01/07/2025,09:03:27,24070.75,0,0,0,0,0,0
FOCMID.BSE_IDX,01/07/2025,09:03:35,24070.75,0,0,0,0,0,0
FOCMID.BSE_IDX,01/07/2025,09:03:43,24095.36,0,0,0,0,0,0
FOCMID.BSE_IDX,01/07/2025,09:03:51,24057.33,0,0,0,0,0,0
FOCMID.BSE_IDX,01/07/2025,09:03:59,24076.21,0,0,0,0,0,0
FOCMID.BSE_IDX,01/07/2025,09:04:07,24080.25,0,0,0,0,0,0
FOCMID.BSE_IDX,01/07/2025,09:04:15,24078.32,0,0,0,0,0,0
FOCMID.BSE_IDX,01/07/2025,09:04:23,24078.48,0,0,0,0,0,0
FOCMID.BSE_IDX,01/07/2025,09:04:31,24078.48,0,0,0,0,0,0
FOCMID.BSE_IDX,01/07/2025,09:04:39,24082.52,0,0,0,0,0,0
FOCMID.BSE_IDX,01/07/2025,09:04:47,24082.98,0,0,0,0,0,0
FOCMID.BSE_IDX,01/07/2025,09:04:55,24084.37,0,0,0,0,0,0
FOCMID.BSE_IDX,01/07/2025,09:05:03,24089.58,0,0,0,0,0,0
FOCMID.BSE_IDX,01/07/2025,09:05:11,24076.7,0,0,0,0,0,0
FOCMID.BSE_IDX,01/07/2025,09:05:19,24085.86,0,0,0,0,0,0
FOCMID.BSE_IDX,01/07/2025,09:05:27,24085.4,0,0,0,0,0,0
FOCMID.BSE_IDX,01/07/2025,09:05:35,24085.4,0,0,0,0,0,0
FOCMID.BSE_IDX,01/07/2025,09:05:43,24086.48,0,0,0,0,0,0
FOCMID.BSE_IDX,01/07/2025,09:05:51,24086.35,0,0,0,0,0,0
FOCMID.BSE_IDX,01/07/2025,09:05:59,24079.68,0,0,0,0,0,0
FOCMID.BSE_IDX,01/07/2025,09:06:07,24079.68,0,0,0,0,0,0
FOCMID.BSE_IDX,01/07/2025,09:06:15,24062.4,0,0,0,0,0,0
FOCMID.BSE_IDX,01/07/2025,09:06:23,24067.13,0,0,0,0,0,0
FOCMID.BSE_IDX,01/07/2025,09:06:31,24064.12,0,0,0,0,0,0
FOCMID.BSE_IDX,01/07/2025,09:06:39,24081.77,0,0,0,0,0,0
FOCMID.BSE_IDX,01/07/2025,09:06:47,24041.72,0,0,0,0,0,0
FOCMID.BSE_IDX,01/07/2025,09:06:55,24052.9,0,0,0,0,0,0
FOCMID.BSE_IDX,01/07/2025,09:07:04,24057.48,0,0,0,0,0,0
FOCMID.BSE_IDX,01/07/2025,09:07:11,24057.48,0,0,0,0,0,0
FOCMID.BSE_IDX,01/07/2025,09:07:19,24057.48,0,0,0,0,0,0
FOCMID.BSE_IDX,01/07/2025,09:07:27,24057.48,0,0,0,0,0,0
FOCMID.BSE_IDX,01/07/2025,09:07:35,24057.48,0,0,0,0,0,0
FOCMID.BSE_IDX,01/07/2025,09:07:43,24057.48,0,0,0,0,0,0
FOCMID.BSE_IDX,01/07/2025,09:07:51,24057.48,0,0,0,0,0,0
FOCMID.BSE_IDX,01/07/2025,09:07:59,24057.48,0,0,0,0,0,0
FOCMID.BSE_IDX,01/07/2025,09:08:07,24057.48,0,0,0,0,0,0
FOCMID.BSE_IDX,01/07/2025,09:08:15,24057.48,0,0,0,0,0,0
FOCMID.BSE_IDX,01/07/2025,09:08:23,24057.48,0,0,0,0,0,0
FOCMID.BSE_IDX,01/07/2025,09:08:31,24057.48,0,0,0,0,0,0
FOCMID.BSE_IDX,01/07/2025,09:08:39,24057.48,0,0,0,0,0,0
FOCMID.BSE_IDX,01/07/2025,09:08:47,24057.48,0,0,0,0,0,0
FOCMID.BSE_IDX,01/07/2025,09:08:55,24057.48,0,0,0,0,0,0
FOCMID.BSE_IDX,01/07/2025,09:09:03,24057.46,0,0,0,0,0,0
FOCMID.BSE_IDX,01/07/2025,09:09:11,24057.46,0,0,0,0,0,0
FOCMID.BSE_IDX,01/07/2025,09:09:20,24057.46,0,0,0,0,0,0
FOCMID.BSE_IDX,01/07/2025,09:09:27,24057.46,0,0,0,0,0,0
FOCMID.BSE_IDX,01/07/2025,09:09:36,24057.46,0,0,0,0,0,0
FOCMID.BSE_IDX,01/07/2025,09:09:43,24057.46,0,0,0,0,0,0
FOCMID.BSE_IDX,01/07/2025,09:09:51,24057.46,0,0,0,0,0,0
FOCMID.BSE_IDX,01/07/2025,09:09:59,24057.46,0,0,0,0,0,0
FOCMID.BSE_IDX,01/07/2025,09:10:07,24057.46,0,0,0,0,0,0
FOCMID.BSE_IDX,01/07/2025,09:10:16,24057.46,0,0,0,0,0,0
FOCMID.BSE_IDX,01/07/2025,09:10:24,24057.46,0,0,0,0,0,0
FOCMID.BSE_IDX,01/07/2025,09:10:32,24057.46,0,0,0,0,0,0
FOCMID.BSE_IDX,01/07/2025,09:10:39,24057.46,0,0,0,0,0,0
FOCMID.BSE_IDX,01/07/2025,09:10:47,24057.46,0,0,0,0,0,0
FOCMID.BSE_IDX,01/07/2025,09:10:55,24057.46,0,0,0,0,0,0
FOCMID.BSE_IDX,01/07/2025,09:11:03,24057.46,0,0,0,0,0,0
FOCMID.BSE_IDX,01/07/2025,09:11:11,24057.46,0,0,0,0,0,0
FOCMID.BSE_IDX,01/07/2025,09:11:19,24057.46,0,0,0,0,0,0
FOCMID.BSE_IDX,01/07/2025,09:11:27,24057.46,0,0,0,0,0,0
FOCMID.BSE_IDX,01/07/2025,09:11:35,24057.46,0,0,0,0,0,0
FOCMID.BSE_IDX,01/07/2025,09:11:43,24057.46,0,0,0,0,0,0
FOCMID.BSE_IDX,01/07/2025,09:11:51,24057.46,0,0,0,0,0,0
FOCMID.BSE_IDX,01/07/2025,09:11:59,24057.46,0,0,0,0,0,0
FOCMID.BSE_IDX,01/07/2025,09:12:07,24057.46,0,0,0,0,0,0
FOCMID.BSE_IDX,01/07/2025,09:12:16,24057.46,0,0,0,0,0,0
FOCMID.BSE_IDX,01/07/2025,09:12:23,24057.46,0,0,0,0,0,0
FOCMID.BSE_IDX,01/07/2025,09:12:31,24057.46,0,0,0,0,0,0
FOCMID.BSE_IDX,01/07/2025,09:12:39,24057.46,0,0,0,0,0,0
FOCMID.BSE_IDX,01/07/2025,09:12:47,24057.46,0,0,0,0,0,0
FOCMID.BSE_IDX,01/07/2025,09:12:55,24057.46,0,0,0,0,0,0
FOCMID.BSE_IDX,01/07/2025,09:13:03,24057.46,0,0,0,0,0,0
FOCMID.BSE_IDX,01/07/2025,09:13:11,24057.46,0,0,0,0,0,0
FOCMID.BSE_IDX,01/07/2025,09:13:19,24057.46,0,0,0,0,0,0
FOCMID.BSE_IDX,01/07/2025,09:13:27,24057.46,0,0,0,0,0,0
FOCMID.BSE_IDX,01/07/2025,09:13:35,24057.46,0,0,0,0,0,0
FOCMID.BSE_IDX,01/07/2025,09:13:43,24057.46,0,0,0,0,0,0
FOCMID.BSE_IDX,01/07/2025,09:13:51,24057.46,0,0,0,0,0,0
FOCMID.BSE_IDX,01/07/2025,09:13:59,24057.46,0,0,0,0,0,0
FOCMID.BSE_IDX,01/07/2025,09:14:07,24057.46,0,0,0,0,0,0
FOCMID.BSE_IDX,01/07/2025,09:14:15,24057.46,0,0,0,0,0,0
FOCMID.BSE_IDX,01/07/2025,09:14:23,24057.46,0,0,0,0,0,0
FOCMID.BSE_IDX,01/07/2025,09:14:31,24057.46,0,0,0,0,0,0
FOCMID.BSE_IDX,01/07/2025,09:14:39,24057.46,0,0,0,0,0,0
FOCMID.BSE_IDX,01/07/2025,09:14:47,24057.46,0,0,0,0,0,0
FOCMID.BSE_IDX,01/07/2025,09:14:55,24057.46,0,0,0,0,0,0
FOCMID.BSE_IDX,01/07/2025,09:15:04,24079.24,0,0,0,0,0,0
FOCMID.BSE_IDX,01/07/2025,09:15:11,24083.26,0,0,0,0,0,0
FOCMID.BSE_IDX,01/07/2025,09:15:19,24091.64,0,0,0,0,0,0
FOCMID.BSE_IDX,01/07/2025,09:15:27,24068.56,0,0,0,0,0,0
FOCMID.BSE_IDX,01/07/2025,09:15:35,24077.41,0,0,0,0,0,0
FOCMID.BSE_IDX,01/07/2025,09:15:43,24080.9,0,0,0,0,0,0
FOCMID.BSE_IDX,01/07/2025,09:15:51,24079.28,0,0,0,0,0,0
FOCMID.BSE_IDX,01/07/2025,09:15:59,24061.09,0,0,0,0,0,0
FOCMID.BSE_IDX,01/07/2025,09:16:07,24057.63,0,0,0,0,0,0
FOCMID.BSE_IDX,01/07/2025,09:16:15,24069.13,0,0,0,0,0,0
FOCMID.BSE_IDX,01/07/2025,09:16:24,24063.22,0,0,0,0,0,0
FOCMID.BSE_IDX,01/07/2025,09:16:31,24067.27,0,0,0,0,0,0
FOCMID.BSE_IDX,01/07/2025,09:16:39,24065.01,0,0,0,0,0,0
FOCMID.BSE_IDX,01/07/2025,09:16:48,24067.9,0,0,0,0,0,0
FOCMID.BSE_IDX,01/07/2025,09:16:55,24071.2,0,0,0,0,0,0
FOCMID.BSE_IDX,01/07/2025,09:17:03,24061.23,0,0,0,0,0,0
FOCMID.BSE_IDX,01/07/2025,09:17:12,24056.65,0,0,0,0,0,0
FOCMID.BSE_IDX,01/07/2025,09:17:19,24059.8,0,0,0,0,0,0
FOCMID.BSE_IDX,01/07/2025,09:17:27,24063.64,0,0,0,0,0,0
FOCMID.BSE_IDX,01/07/2025,09:17:35,24065.31,0,0,0,0,0,0
FOCMID.BSE_IDX,01/07/2025,09:17:44,24074.8,0,0,0,0,0,0
FOCMID.BSE_IDX,01/07/2025,09:17:51,24072.15,0,0,0,0,0,0
FOCMID.BSE_IDX,01/07/2025,09:17:59,24083.45,0,0,0,0,0,0
FOCMID.BSE_IDX,01/07/2025,09:18:07,24078.8,0,0,0,0,0,0
FOCMID.BSE_IDX,01/07/2025,09:18:15,24064.67,0,0,0,0,0,0
FOCMID.BSE_IDX,01/07/2025,09:18:23,24064.04,0,0,0,0,0,0
FOCMID.BSE_IDX,01/07/2025,09:18:31,24062.08,0,0,0,0,0,0
FOCMID.BSE_IDX,01/07/2025,09:18:39,24059.83,0,0,0,0,0,0
FOCMID.BSE_IDX,01/07/2025,09:18:47,24052.26,0,0,0,0,0,0
FOCMID.BSE_IDX,01/07/2025,09:18:56,24052.58,0,0,0,0,0,0
FOCMID.BSE_IDX,01/07/2025,09:19:03,24044.11,0,0,0,0,0,0
FOCMID.BSE_IDX,01/07/2025,09:19:11,24046.2,0,0,0,0,0,0
FOCMID.BSE_IDX,01/07/2025,09:19:19,24045.1,0,0,0,0,0,0
FOCMID.BSE_IDX,01/07/2025,09:19:28,24043.5,0,0,0,0,0,0
FOCMID.BSE_IDX,01/07/2025,09:19:35,24050.26,0,0,0,0,0,0
FOCMID.BSE_IDX,01/07/2025,09:19:43,24048.87,0,0,0,0,0,0
FOCMID.BSE_IDX,01/07/2025,09:19:52,24045.58,0,0,0,0,0,0
FOCMID.BSE_IDX,01/07/2025,09:19:59,24048.87,0,0,0,0,0,0
FOCMID.BSE_IDX,01/07/2025,09:20:07,24041.72,0,0,0,0,0,0
FOCMID.BSE_IDX,01/07/2025,09:20:15,24040.92,0,0,0,0,0,0
FOCMID.BSE_IDX,01/07/2025,09:20:24,24029.16,0,0,0,0,0,0
FOCMID.BSE_IDX,01/07/2025,09:20:31,24032.01,0,0,0,0,0,0
FOCMID.BSE_IDX,01/07/2025,09:20:39,24031.14,0,0,0,0,0,0
FOCMID.BSE_IDX,01/07/2025,09:20:47,24031.21,0,0,0,0,0,0
FOCMID.BSE_IDX,01/07/2025,09:20:55,24028.07,0,0,0,0,0,0
FOCMID.BSE_IDX,01/07/2025,09:21:03,24027.35,0,0,0,0,0,0
FOCMID.BSE_IDX,01/07/2025,09:21:11,24030.77,0,0,0,0,0,0
FOCMID.BSE_IDX,01/07/2025,09:21:19,24045.19,0,0,0,0,0,0
FOCMID.BSE_IDX,01/07/2025,09:21:27,24043.33,0,0,0,0,0,0
FOCMID.BSE_IDX,01/07/2025,09:21:36,24049.22,0,0,0,0,0,0
FOCMID.BSE_IDX,01/07/2025,09:21:43,24045.65,0,0,0,0,0,0
FOCMID.BSE_IDX,01/07/2025,09:21:51,24045.12,0,0,0,0,0,0
FOCMID.BSE_IDX,01/07/2025,09:22:00,24039.73,0,0,0,0,0,0
FOCMID.BSE_IDX,01/07/2025,09:22:07,24041.59,0,0,0,0,0,0
FOCMID.BSE_IDX,01/07/2025,09:22:15,24041.28,0,0,0,0,0,0
FOCMID.BSE_IDX,01/07/2025,09:22:23,24044.1,0,0,0,0,0,0
FOCMID.BSE_IDX,01/07/2025,09:22:31,24045.27,0,0,0,0,0,0
FOCMID.BSE_IDX,01/07/2025,09:22:39,24041.52,0,0,0,0,0,0
FOCMID.BSE_IDX,01/07/2025,09:22:47,24041.96,0,0,0,0,0,0
FOCMID.BSE_IDX,01/07/2025,09:22:55,24039.71,0,0,0,0,0,0
FOCMID.BSE_IDX,01/07/2025,09:23:03,24040.22,0,0,0,0,0,0
FOCMID.BSE_IDX,01/07/2025,09:23:11,24036.58,0,0,0,0,0,0
FOCMID.BSE_IDX,01/07/2025,09:23:20,24038.87,0,0,0,0,0,0
FOCMID.BSE_IDX,01/07/2025,09:23:27,24043.52,0,0,0,0,0,0
FOCMID.BSE_IDX,01/07/2025,09:23:35,24040.28,0,0,0,0,0,0
FOCMID.BSE_IDX,01/07/2025,09:23:44,24042.89,0,0,0,0,0,0
FOCMID.BSE_IDX,01/07/2025,09:23:51,24042.11,0,0,0,0,0,0
FOCMID.BSE_IDX,01/07/2025,09:23:59,24043.13,0,0,0,0,0,0
FOCMID.BSE_IDX,01/07/2025,09:24:08,24046.62,0,0,0,0,0,0
FOCMID.BSE_IDX,01/07/2025,09:24:16,24046.84,0,0,0,0,0,0
FOCMID.BSE_IDX,01/07/2025,09:24:23,24051.38,0,0,0,0,0,0
FOCMID.BSE_IDX,01/07/2025,09:24:32,24049.51,0,0,0,0,0,0
FOCMID.BSE_IDX,01/07/2025,09:24:39,24055.8,0,0,0,0,0,0
FOCMID.BSE_IDX,01/07/2025,09:24:48,24055.04,0,0,0,0,0,0
FOCMID.BSE_IDX,01/07/2025,09:24:57,24058.38,0,0,0,0,0,0
FOCMID.BSE_IDX,01/07/2025,09:25:03,24057.05,0,0,0,0,0,0
FOCMID.BSE_IDX,01/07/2025,09:25:12,24055.95,0,0,0,0,0,0
FOCMID.BSE_IDX,01/07/2025,09:25:20,24058.45,0,0,0,0,0,0
FOCMID.BSE_IDX,01/07/2025,09:25:29,24047.6,0,0,0,0,0,0
FOCMID.BSE_IDX,01/07/2025,09:25:35,24049.78,0,0,0,0,0,0
FOCMID.BSE_IDX,01/07/2025,09:25:43,24047.85,0,0,0,0,0,0
FOCMID.BSE_IDX,01/07/2025,09:25:51,24045.22,0,0,0,0,0,0
FOCMID.BSE_IDX,01/07/2025,09:25:59,24047.47,0,0,0,0,0,0
FOCMID.BSE_IDX,01/07/2025,09:26:08,24047.89,0,0,0,0,0,0
FOCMID.BSE_IDX,01/07/2025,09:26:15,24050.3,0,0,0,0,0,0
FOCMID.BSE_IDX,01/07/2025,09:26:24,24048.04,0,0,0,0,0,0
FOCMID.BSE_IDX,01/07/2025,09:26:31,24046.02,0,0,0,0,0,0
FOCMID.BSE_IDX,01/07/2025,09:26:40,24046.77,0,0,0,0,0,0
FOCMID.BSE_IDX,01/07/2025,09:26:48,24051.26,0,0,0,0,0,0
FOCMID.BSE_IDX,01/07/2025,09:26:55,24050.16,0,0,0,0,0,0
FOCMID.BSE_IDX,01/07/2025,09:27:04,24050.26,0,0,0,0,0,0
FOCMID.BSE_IDX,01/07/2025,09:27:12,24047.74,0,0,0,0,0,0
FOCMID.BSE_IDX,01/07/2025,09:27:19,24048.45,0,0,0,0,0,0
FOCMID.BSE_IDX,01/07/2025,09:27:28,24053.93,0,0,0,0,0,0
FOCMID.BSE_IDX,01/07/2025,09:27:36,24050.92,0,0,0,0,0,0
FOCMID.BSE_IDX,01/07/2025,09:27:44,24043.92,0,0,0,0,0,0
FOCMID.BSE_IDX,01/07/2025,09:27:52,24047.6,0,0,0,0,0,0
FOCMID.BSE_IDX,01/07/2025,09:28:00,24047.63,0,0,0,0,0,0
FOCMID.BSE_IDX,01/07/2025,09:28:08,24046.95,0,0,0,0,0,0
FOCMID.BSE_IDX,01/07/2025,09:28:16,24042.01,0,0,0,0,0,0
FOCMID.BSE_IDX,01/07/2025,09:28:24,24037.49,0,0,0,0,0,0
FOCMID.BSE_IDX,01/07/2025,09:28:32,24038.28,0,0,0,0,0,0
FOCMID.BSE_IDX,01/07/2025,09:28:40,24036.17,0,0,0,0,0,0
FOCMID.BSE_IDX,01/07/2025,09:28:48,24040.16,0,0,0,0,0,0
FOCMID.BSE_IDX,01/07/2025,09:28:56,24040.17,0,0,0,0,0,0
FOCMID.BSE_IDX,01/07/2025,09:29:04,24038.36,0,0,0,0,0,0
FOCMID.BSE_IDX,01/07/2025,09:29:12,24035.31,0,0,0,0,0,0
FOCMID.BSE_IDX,01/07/2025,09:29:20,24030.94,0,0,0,0,0,0
FOCMID.BSE_IDX,01/07/2025,09:29:28,24033.06,0,0,0,0,0,0
FOCMID.BSE_IDX,01/07/2025,09:29:36,24034.3,0,0,0,0,0,0
FOCMID.BSE_IDX,01/07/2025,09:29:44,24033.46,0,0,0,0,0,0
FOCMID.BSE_IDX,01/07/2025,09:29:52,24033,0,0,0,0,0,0
FOCMID.BSE_IDX,01/07/2025,09:30:00,24030.02,0,0,0,0,0,0
FOCMID.BSE_IDX,01/07/2025,09:30:08,24031.69,0,0,0,0,0,0
FOCMID.BSE_IDX,01/07/2025,09:30:16,24038.86,0,0,0,0,0,0
FOCMID.BSE_IDX,01/07/2025,09:30:24,24042.91,0,0,0,0,0,0
FOCMID.BSE_IDX,01/07/2025,09:30:32,24045.51,0,0,0,0,0,0
FOCMID.BSE_IDX,01/07/2025,09:30:40,24044.58,0,0,0,0,0,0
FOCMID.BSE_IDX,01/07/2025,09:30:48,24050.49,0,0,0,0,0,0
FOCMID.BSE_IDX,01/07/2025,09:30:56,24047,0,0,0,0,0,0
FOCMID.BSE_IDX,01/07/2025,09:31:04,24047.21,0,0,0,0,0,0
FOCMID.BSE_IDX,01/07/2025,09:31:12,24041.93,0,0,0,0,0,0
FOCMID.BSE_IDX,01/07/2025,09:31:20,24038.19,0,0,0,0,0,0
FOCMID.BSE_IDX,01/07/2025,09:31:28,24036.17,0,0,0,0,0,0
FOCMID.BSE_IDX,01/07/2025,09:31:36,24039.69,0,0,0,0,0,0
FOCMID.BSE_IDX,01/07/2025,09:31:44,24037.36,0,0,0,0,0,0
FOCMID.BSE_IDX,01/07/2025,09:31:52,24039.03,0,0,0,0,0,0
FOCMID.BSE_IDX,01/07/2025,09:32:00,24043.05,0,0,0,0,0,0
FOCMID.BSE_IDX,01/07/2025,09:32:08,24039.65,0,0,0,0,0,0
FOCMID.BSE_IDX,01/07/2025,09:32:16,24039.52,0,0,0,0,0,0
FOCMID.BSE_IDX,01/07/2025,09:32:24,24043.92,0,0,0,0,0,0
FOCMID.BSE_IDX,01/07/2025,09:32:32,24044.09,0,0,0,0,0,0
FOCMID.BSE_IDX,01/07/2025,09:32:40,24044.52,0,0,0,0,0,0
FOCMID.BSE_IDX,01/07/2025,09:32:48,24045.92,0,0,0,0,0,0
FOCMID.BSE_IDX,01/07/2025,09:32:56,24049.64,0,0,0,0,0,0
FOCMID.BSE_IDX,01/07/2025,09:33:04,24045.14,0,0,0,0,0,0
FOCMID.BSE_IDX,01/07/2025,09:33:12,24049.86,0,0,0,0,0,0
FOCMID.BSE_IDX,01/07/2025,09:33:20,24050.92,0,0,0,0,0,0
FOCMID.BSE_IDX,01/07/2025,09:33:28,24050.18,0,0,0,0,0,0
FOCMID.BSE_IDX,01/07/2025,09:33:36,24048.58,0,0,0,0,0,0
FOCMID.BSE_IDX,01/07/2025,09:33:44,24044.57,0,0,0,0,0,0
FOCMID.BSE_IDX,01/07/2025,09:33:52,24048.1,0,0,0,0,0,0
FOCMID.BSE_IDX,01/07/2025,09:34:00,24048.09,0,0,0,0,0,0
FOCMID.BSE_IDX,01/07/2025,09:34:08,24047.86,0,0,0,0,0,0
FOCMID.BSE_IDX,01/07/2025,09:34:16,24044,0,0,0,0,0,0
FOCMID.BSE_IDX,01/07/2025,09:34:24,24047.69,0,0,0,0,0,0
FOCMID.BSE_IDX,01/07/2025,09:34:32,24055.03,0,0,0,0,0,0
FOCMID.BSE_IDX,01/07/2025,09:34:40,24052.95,0,0,0,0,0,0
FOCMID.BSE_IDX,01/07/2025,09:34:48,24055.87,0,0,0,0,0,0
FOCMID.BSE_IDX,01/07/2025,09:34:56,24059.9,0,0,0,0,0,0
FOCMID.BSE_IDX,01/07/2025,09:35:05,24060.28,0,0,0,0,0,0
FOCMID.BSE_IDX,01/07/2025,09:35:12,24055.61,0,0,0,0,0,0
FOCMID.BSE_IDX,01/07/2025,09:35:20,24052.15,0,0,0,0,0,0
FOCMID.BSE_IDX,01/07/2025,09:35:28,24051.5,0,0,0,0,0,0
FOCMID.BSE_IDX,01/07/2025,09:35:36,24052.17,0,0,0,0,0,0
FOCMID.BSE_IDX,01/07/2025,09:35:44,24052.01,0,0,0,0,0,0
FOCMID.BSE_IDX,01/07/2025,09:35:52,24053.05,0,0,0,0,0,0
FOCMID.BSE_IDX,01/07/2025,09:36:00,24054.26,0,0,0,0,0,0
FOCMID.BSE_IDX,01/07/2025,09:36:08,24050.29,0,0,0,0,0,0
FOCMID.BSE_IDX,01/07/2025,09:36:16,24047.26,0,0,0,0,0,0
FOCMID.BSE_IDX,01/07/2025,09:36:24,24047.39,0,0,0,0,0,0
FOCMID.BSE_IDX,01/07/2025,09:36:33,24043.72,0,0,0,0,0,0
FOCMID.BSE_IDX,01/07/2025,09:36:40,24044.66,0,0,0,0,0,0
FOCMID.BSE_IDX,01/07/2025,09:36:48,24042.49,0,0,0,0,0,0
FOCMID.BSE_IDX,01/07/2025,09:36:56,24045.75,0,0,0,0,0,0
FOCMID.BSE_IDX,01/07/2025,09:37:04,24048.48,0,0,0,0,0,0
FOCMID.BSE_IDX,01/07/2025,09:37:12,24046.41,0,0,0,0,0,0
FOCMID.BSE_IDX,01/07/2025,09:37:20,24046.02,0,0,0,0,0,0
FOCMID.BSE_IDX,01/07/2025,09:37:28,24045.43,0,0,0,0,0,0
FOCMID.BSE_IDX,01/07/2025,09:37:36,24040.04,0,0,0,0,0,0
FOCMID.BSE_IDX,01/07/2025,09:37:44,24037.61,0,0,0,0,0,0
FOCMID.BSE_IDX,01/07/2025,09:37:52,24033.05,0,0,0,0,0,0
FOCMID.BSE_IDX,01/07/2025,09:38:00,24034.34,0,0,0,0,0,0
FOCMID.BSE_IDX,01/07/2025,09:38:08,24035.32,0,0,0,0,0,0
FOCMID.BSE_IDX,01/07/2025,09:38:16,24030.31,0,0,0,0,0,0
FOCMID.BSE_IDX,01/07/2025,09:38:24,24027.85,0,0,0,0,0,0
FOCMID.BSE_IDX,01/07/2025,09:38:32,24025.91,0,0,0,0,0,0
FOCMID.BSE_IDX,01/07/2025,09:38:40,24026.24,0,0,0,0,0,0
FOCMID.BSE_IDX,01/07/2025,09:38:48,24033.76,0,0,0,0,0,0
FOCMID.BSE_IDX,01/07/2025,09:38:56,24032.42,0,0,0,0,0,0
FOCMID.BSE_IDX,01/07/2025,09:39:04,24029.94,0,0,0,0,0,0
FOCMID.BSE_IDX,01/07/2025,09:39:12,24033.38,0,0,0,0,0,0
FOCMID.BSE_IDX,01/07/2025,09:39:20,24037.07,0,0,0,0,0,0
FOCMID.BSE_IDX,01/07/2025,09:39:28,24037.56,0,0,0,0,0,0
FOCMID.BSE_IDX,01/07/2025,09:39:36,24034.35,0,0,0,0,0,0
FOCMID.BSE_IDX,01/07/2025,09:39:44,24034.46,0,0,0,0,0,0
FOCMID.BSE_IDX,01/07/2025,09:39:52,24037.72,0,0,0,0,0,0
FOCMID.BSE_IDX,01/07/2025,09:40:00,24037.22,0,0,0,0,0,0
FOCMID.BSE_IDX,01/07/2025,09:40:08,24041.05,0,0,0,0,0,0
FOCMID.BSE_IDX,01/07/2025,09:40:16,24039.89,0,0,0,0,0,0
FOCMID.BSE_IDX,01/07/2025,09:40:24,24037.12,0,0,0,0,0,0
FOCMID.BSE_IDX,01/07/2025,09:40:32,24035.72,0,0,0,0,0,0
FOCMID.BSE_IDX,01/07/2025,09:40:40,24035.43,0,0,0,0,0,0
FOCMID.BSE_IDX,01/07/2025,09:40:48,24036.83,0,0,0,0,0,0
FOCMID.BSE_IDX,01/07/2025,09:40:56,24030.8,0,0,0,0,0,0
FOCMID.BSE_IDX,01/07/2025,09:41:04,24021.26,0,0,0,0,0,0
FOCMID.BSE_IDX,01/07/2025,09:41:12,24025.75,0,0,0,0,0,0
FOCMID.BSE_IDX,01/07/2025,09:41:20,24034.31,0,0,0,0,0,0
FOCMID.BSE_IDX,01/07/2025,09:41:28,24035.47,0,0,0,0,0,0
FOCMID.BSE_IDX,01/07/2025,09:41:36,24035.08,0,0,0,0,0,0
FOCMID.BSE_IDX,01/07/2025,09:41:44,24037.27,0,0,0,0,0,0
FOCMID.BSE_IDX,01/07/2025,09:41:52,24036.5,0,0,0,0,0,0
FOCMID.BSE_IDX,01/07/2025,09:42:00,24040.12,0,0,0,0,0,0
FOCMID.BSE_IDX,01/07/2025,09:42:08,24038.45,0,0,0,0,0,0
FOCMID.BSE_IDX,01/07/2025,09:42:16,24035.12,0,0,0,0,0,0
FOCMID.BSE_IDX,01/07/2025,09:42:24,24029.46,0,0,0,0,0,0
FOCMID.BSE_IDX,01/07/2025,09:42:32,24032.08,0,0,0,0,0,0
FOCMID.BSE_IDX,01/07/2025,09:42:40,24031.2,0,0,0,0,0,0
FOCMID.BSE_IDX,01/07/2025,09:42:48,24037.41,0,0,0,0,0,0
FOCMID.BSE_IDX,01/07/2025,09:42:56,24039.31,0,0,0,0,0,0
FOCMID.BSE_IDX,01/07/2025,09:43:04,24040.2,0,0,0,0,0,0
FOCMID.BSE_IDX,01/07/2025,09:43:12,24041.55,0,0,0,0,0,0
FOCMID.BSE_IDX,01/07/2025,09:43:20,24041.5,0,0,0,0,0,0
FOCMID.BSE_IDX,01/07/2025,09:43:28,24042.42,0,0,0,0,0,0
FOCMID.BSE_IDX,01/07/2025,09:43:36,24044.78,0,0,0,0,0,0
FOCMID.BSE_IDX,01/07/2025,09:43:44,24042.98,0,0,0,0,0,0
FOCMID.BSE_IDX,01/07/2025,09:43:53,24041.57,0,0,0,0,0,0
FOCMID.BSE_IDX,01/07/2025,09:44:00,24041.25,0,0,0,0,0,0
FOCMID.BSE_IDX,01/07/2025,09:44:08,24041.39,0,0,0,0,0,0
FOCMID.BSE_IDX,01/07/2025,09:44:16,24036.43,0,0,0,0,0,0
FOCMID.BSE_IDX,01/07/2025,09:44:24,24036.58,0,0,0,0,0,0
FOCMID.BSE_IDX,01/07/2025,09:44:32,24036.88,0,0,0,0,0,0
FOCMID.BSE_IDX,01/07/2025,09:44:40,24036.19,0,0,0,0,0,0
FOCMID.BSE_IDX,01/07/2025,09:44:48,24033.8,0,0,0,0,0,0
FOCMID.BSE_IDX,01/07/2025,09:44:56,24030.1,0,0,0,0,0,0
FOCMID.BSE_IDX,01/07/2025,09:45:05,24025.39,0,0,0,0,0,0
FOCMID.BSE_IDX,01/07/2025,09:45:12,24019.46,0,0,0,0,0,0
FOCMID.BSE_IDX,01/07/2025,09:45:20,24013.5,0,0,0,0,0,0
FOCMID.BSE_IDX,01/07/2025,09:45:28,24018.31,0,0,0,0,0,0
FOCMID.BSE_IDX,01/07/2025,09:45:36,24017.69,0,0,0,0,0,0
FOCMID.BSE_IDX,01/07/2025,09:45:44,24013.82,0,0,0,0,0,0
FOCMID.BSE_IDX,01/07/2025,09:45:52,24014.08,0,0,0,0,0,0
FOCMID.BSE_IDX,01/07/2025,09:46:01,24015.58,0,0,0,0,0,0
FOCMID.BSE_IDX,01/07/2025,09:46:08,24013.02,0,0,0,0,0,0
FOCMID.BSE_IDX,01/07/2025,09:46:16,24014.36,0,0,0,0,0,0
FOCMID.BSE_IDX,01/07/2025,09:46:24,24014.58,0,0,0,0,0,0
FOCMID.BSE_IDX,01/07/2025,09:46:32,24012.37,0,0,0,0,0,0
FOCMID.BSE_IDX,01/07/2025,09:46:40,24010.91,0,0,0,0,0,0
FOCMID.BSE_IDX,01/07/2025,09:46:48,24010.08,0,0,0,0,0,0
FOCMID.BSE_IDX,01/07/2025,09:46:56,24010.16,0,0,0,0,0,0
FOCMID.BSE_IDX,01/07/2025,09:47:04,24008.92,0,0,0,0,0,0
FOCMID.BSE_IDX,01/07/2025,09:47:12,24010.9,0,0,0,0,0,0
FOCMID.BSE_IDX,01/07/2025,09:47:20,24013.26,0,0,0,0,0,0
FOCMID.BSE_IDX,01/07/2025,09:47:28,24013.75,0,0,0,0,0,0
FOCMID.BSE_IDX,01/07/2025,09:47:36,24012.76,0,0,0,0,0,0
FOCMID.BSE_IDX,01/07/2025,09:47:44,24012.54,0,0,0,0,0,0
FOCMID.BSE_IDX,01/07/2025,09:47:52,24011.98,0,0,0,0,0,0
FOCMID.BSE_IDX,01/07/2025,09:48:00,24011.21,0,0,0,0,0,0
FOCMID.BSE_IDX,01/07/2025,09:48:08,24014.17,0,0,0,0,0,0
FOCMID.BSE_IDX,01/07/2025,09:48:16,24018.81,0,0,0,0,0,0
FOCMID.BSE_IDX,01/07/2025,09:48:24,24025.17,0,0,0,0,0,0
FOCMID.BSE_IDX,01/07/2025,09:48:32,24029.35,0,0,0,0,0,0
FOCMID.BSE_IDX,01/07/2025,09:48:40,24028.48,0,0,0,0,0,0
FOCMID.BSE_IDX,01/07/2025,09:48:48,24028.31,0,0,0,0,0,0
FOCMID.BSE_IDX,01/07/2025,09:48:56,24028.72,0,0,0,0,0,0
FOCMID.BSE_IDX,01/07/2025,09:49:04,24029.34,0,0,0,0,0,0
FOCMID.BSE_IDX,01/07/2025,09:49:12,24028.45,0,0,0,0,0,0
FOCMID.BSE_IDX,01/07/2025,09:49:20,24026.11,0,0,0,0,0,0
FOCMID.BSE_IDX,01/07/2025,09:49:28,24022.4,0,0,0,0,0,0
FOCMID.BSE_IDX,01/07/2025,09:49:36,24021.87,0,0,0,0,0,0
FOCMID.BSE_IDX,01/07/2025,09:49:44,24027.51,0,0,0,0,0,0
FOCMID.BSE_IDX,01/07/2025,09:49:52,24027.04,0,0,0,0,0,0
FOCMID.BSE_IDX,01/07/2025,09:50:00,24027.07,0,0,0,0,0,0
FOCMID.BSE_IDX,01/07/2025,09:50:08,24027.34,0,0,0,0,0,0
FOCMID.BSE_IDX,01/07/2025,09:50:16,24029.86,0,0,0,0,0,0
FOCMID.BSE_IDX,01/07/2025,09:50:24,24029.79,0,0,0,0,0,0
FOCMID.BSE_IDX,01/07/2025,09:50:32,24028.55,0,0,0,0,0,0
FOCMID.BSE_IDX,01/07/2025,09:50:40,24026.8,0,0,0,0,0,0
FOCMID.BSE_IDX,01/07/2025,09:50:48,24026.75,0,0,0,0,0,0
FOCMID.BSE_IDX,01/07/2025,09:50:57,24026.79,0,0,0,0,0,0
FOCMID.BSE_IDX,01/07/2025,09:51:04,24023.59,0,0,0,0,0,0
FOCMID.BSE_IDX,01/07/2025,09:51:12,24022.03,0,0,0,0,0,0
FOCMID.BSE_IDX,01/07/2025,09:51:20,24019.13,0,0,0,0,0,0
FOCMID.BSE_IDX,01/07/2025,09:51:28,24019.98,0,0,0,0,0,0
FOCMID.BSE_IDX,01/07/2025,09:51:37,24016.23,0,0,0,0,0,0
FOCMID.BSE_IDX,01/07/2025,09:51:44,24016.07,0,0,0,0,0,0
FOCMID.BSE_IDX,01/07/2025,09:51:52,24016.2,0,0,0,0,0,0
FOCMID.BSE_IDX,01/07/2025,09:52:01,24017.79,0,0,0,0,0,0
FOCMID.BSE_IDX,01/07/2025,09:52:08,24016.36,0,0,0,0,0,0
FOCMID.BSE_IDX,01/07/2025,09:52:17,24015.22,0,0,0,0,0,0
FOCMID.BSE_IDX,01/07/2025,09:52:24,24016.12,0,0,0,0,0,0
FOCMID.BSE_IDX,01/07/2025,09:52:32,24012.64,0,0,0,0,0,0
FOCMID.BSE_IDX,01/07/2025,09:52:40,24013.19,0,0,0,0,0,0
FOCMID.BSE_IDX,01/07/2025,09:52:48,24010.28,0,0,0,0,0,0
FOCMID.BSE_IDX,01/07/2025,09:52:57,24008.32,0,0,0,0,0,0
FOCMID.BSE_IDX,01/07/2025,09:53:13,24011.13,0,0,0,0,0,0
FOCMID.BSE_IDX,01/07/2025,09:53:20,24009.63,0,0,0,0,0,0
FOCMID.BSE_IDX,01/07/2025,09:53:28,24015.79,0,0,0,0,0,0
FOCMID.BSE_IDX,01/07/2025,09:53:36,24017.37,0,0,0,0,0,0
FOCMID.BSE_IDX,01/07/2025,09:53:44,24017.9,0,0,0,0,0,0
FOCMID.BSE_IDX,01/07/2025,09:53:52,24018.07,0,0,0,0,0,0
FOCMID.BSE_IDX,01/07/2025,09:54:00,24016.35,0,0,0,0,0,0
FOCMID.BSE_IDX,01/07/2025,09:54:08,24016.13,0,0,0,0,0,0
FOCMID.BSE_IDX,01/07/2025,09:54:16,24010.23,0,0,0,0,0,0
FOCMID.BSE_IDX,01/07/2025,09:54:24,24007.06,0,0,0,0,0,0
FOCMID.BSE_IDX,01/07/2025,09:54:32,24006.35,0,0,0,0,0,0
FOCMID.BSE_IDX,01/07/2025,09:54:40,24005.97,0,0,0,0,0,0
FOCMID.BSE_IDX,01/07/2025,09:54:48,24003.88,0,0,0,0,0,0
FOCMID.BSE_IDX,01/07/2025,09:54:56,24009.53,0,0,0,0,0,0
FOCMID.BSE_IDX,01/07/2025,09:55:04,24004.83,0,0,0,0,0,0
FOCMID.BSE_IDX,01/07/2025,09:55:12,24007.55,0,0,0,0,0,0
FOCMID.BSE_IDX,01/07/2025,09:55:20,24004.37,0,0,0,0,0,0
FOCMID.BSE_IDX,01/07/2025,09:55:28,24004.56,0,0,0,0,0,0
FOCMID.BSE_IDX,01/07/2025,09:55:36,24002.44,0,0,0,0,0,0
FOCMID.BSE_IDX,01/07/2025,09:55:44,23998.7,0,0,0,0,0,0
FOCMID.BSE_IDX,01/07/2025,09:55:52,23994.77,0,0,0,0,0,0
FOCMID.BSE_IDX,01/07/2025,09:56:00,23994.54,0,0,0,0,0,0
FOCMID.BSE_IDX,01/07/2025,09:56:08,23993.45,0,0,0,0,0,0
FOCMID.BSE_IDX,01/07/2025,09:56:16,23990.58,0,0,0,0,0,0
FOCMID.BSE_IDX,01/07/2025,09:56:25,23990.85,0,0,0,0,0,0
FOCMID.BSE_IDX,01/07/2025,09:56:33,23992.77,0,0,0,0,0,0
FOCMID.BSE_IDX,01/07/2025,09:56:41,23992.98,0,0,0,0,0,0
FOCMID.BSE_IDX,01/07/2025,09:56:48,23993.68,0,0,0,0,0,0
FOCMID.BSE_IDX,01/07/2025,09:56:57,23992.49,0,0,0,0,0,0
FOCMID.BSE_IDX,01/07/2025,09:57:04,23993.62,0,0,0,0,0,0
FOCMID.BSE_IDX,01/07/2025,09:57:12,23996.47,0,0,0,0,0,0
FOCMID.BSE_IDX,01/07/2025,09:57:20,23996.66,0,0,0,0,0,0
FOCMID.BSE_IDX,01/07/2025,09:57:28,23999.99,0,0,0,0,0,0
FOCMID.BSE_IDX,01/07/2025,09:57:36,23997.79,0,0,0,0,0,0
FOCMID.BSE_IDX,01/07/2025,09:57:44,23998.94,0,0,0,0,0,0
FOCMID.BSE_IDX,01/07/2025,09:57:52,24001,0,0,0,0,0,0
FOCMID.BSE_IDX,01/07/2025,09:58:00,23999.81,0,0,0,0,0,0
FOCMID.BSE_IDX,01/07/2025,09:58:08,24002.63,0,0,0,0,0,0
FOCMID.BSE_IDX,01/07/2025,09:58:16,24003.41,0,0,0,0,0,0
FOCMID.BSE_IDX,01/07/2025,09:58:24,24002.81,0,0,0,0,0,0
FOCMID.BSE_IDX,01/07/2025,09:58:32,24008.17,0,0,0,0,0,0
FOCMID.BSE_IDX,01/07/2025,09:58:40,24011.13,0,0,0,0,0,0
FOCMID.BSE_IDX,01/07/2025,09:58:48,24014.8,0,0,0,0,0,0
FOCMID.BSE_IDX,01/07/2025,09:58:56,24016.21,0,0,0,0,0,0
FOCMID.BSE_IDX,01/07/2025,09:59:05,24015.74,0,0,0,0,0,0
FOCMID.BSE_IDX,01/07/2025,09:59:12,24016.81,0,0,0,0,0,0
FOCMID.BSE_IDX,01/07/2025,09:59:20,24016.19,0,0,0,0,0,0
FOCMID.BSE_IDX,01/07/2025,09:59:28,24019.26,0,0,0,0,0,0
FOCMID.BSE_IDX,01/07/2025,09:59:36,24018.19,0,0,0,0,0,0
FOCMID.BSE_IDX,01/07/2025,09:59:45,24020.73,0,0,0,0,0,0
FOCMID.BSE_IDX,01/07/2025,09:59:52,24019.6,0,0,0,0,0,0
FOCMID.BSE_IDX,01/07/2025,10:00:01,24022.08,0,0,0,0,0,0
FOCMID.BSE_IDX,01/07/2025,10:00:08,24024.17,0,0,0,0,0,0
FOCMID.BSE_IDX,01/07/2025,10:00:16,24023.98,0,0,0,0,0,0
FOCMID.BSE_IDX,01/07/2025,10:00:25,24024.99,0,0,0,0,0,0
FOCMID.BSE_IDX,01/07/2025,10:00:32,24026.33,0,0,0,0,0,0
FOCMID.BSE_IDX,01/07/2025,10:00:40,24025.67,0,0,0,0,0,0
FOCMID.BSE_IDX,01/07/2025,10:00:49,24022.73,0,0,0,0,0,0
FOCMID.BSE_IDX,01/07/2025,10:00:57,24021.49,0,0,0,0,0,0
FOCMID.BSE_IDX,01/07/2025,10:01:04,24016.53,0,0,0,0,0,0
FOCMID.BSE_IDX,01/07/2025,10:01:12,24013.86,0,0,0,0,0,0
FOCMID.BSE_IDX,01/07/2025,10:01:21,24013.95,0,0,0,0,0,0
FOCMID.BSE_IDX,01/07/2025,10:01:29,24015.54,0,0,0,0,0,0
FOCMID.BSE_IDX,01/07/2025,10:01:37,24015.7,0,0,0,0,0,0
FOCMID.BSE_IDX,01/07/2025,10:01:44,24013.43,0,0,0,0,0,0
FOCMID.BSE_IDX,01/07/2025,10:01:52,24012.14,0,0,0,0,0,0
FOCMID.BSE_IDX,01/07/2025,10:02:00,24009.84,0,0,0,0,0,0
FOCMID.BSE_IDX,01/07/2025,10:02:09,24011.87,0,0,0,0,0,0
FOCMID.BSE_IDX,01/07/2025,10:02:17,24013.92,0,0,0,0,0,0
FOCMID.BSE_IDX,01/07/2025,10:02:24,24010.82,0,0,0,0,0,0
FOCMID.BSE_IDX,01/07/2025,10:02:32,24007.72,0,0,0,0,0,0
FOCMID.BSE_IDX,01/07/2025,10:02:41,24007.45,0,0,0,0,0,0
FOCMID.BSE_IDX,01/07/2025,10:02:49,24008.58,0,0,0,0,0,0
FOCMID.BSE_IDX,01/07/2025,10:02:57,24010.52,0,0,0,0,0,0
FOCMID.BSE_IDX,01/07/2025,10:03:04,24004.22,0,0,0,0,0,0
FOCMID.BSE_IDX,01/07/2025,10:03:13,24001.66,0,0,0,0,0,0
FOCMID.BSE_IDX,01/07/2025,10:03:20,24002.23,0,0,0,0,0,0
FOCMID.BSE_IDX,01/07/2025,10:03:29,23999.54,0,0,0,0,0,0
FOCMID.BSE_IDX,01/07/2025,10:03:37,23994.82,0,0,0,0,0,0
FOCMID.BSE_IDX,01/07/2025,10:03:45,23995.15,0,0,0,0,0,0
FOCMID.BSE_IDX,01/07/2025,10:03:53,23992.4,0,0,0,0,0,0
FOCMID.BSE_IDX,01/07/2025,10:04:01,23992.69,0,0,0,0,0,0
FOCMID.BSE_IDX,01/07/2025,10:04:09,23996.72,0,0,0,0,0,0
FOCMID.BSE_IDX,01/07/2025,10:04:17,23996.72,0,0,0,0,0,0
FOCMID.BSE_IDX,01/07/2025,10:04:25,23995.53,0,0,0,0,0,0
FOCMID.BSE_IDX,01/07/2025,10:04:33,23992.48,0,0,0,0,0,0
FOCMID.BSE_IDX,01/07/2025,10:04:41,23996.72,0,0,0,0,0,0
FOCMID.BSE_IDX,01/07/2025,10:04:50,23998.03,0,0,0,0,0,0
FOCMID.BSE_IDX,01/07/2025,10:04:57,23995.46,0,0,0,0,0,0
FOCMID.BSE_IDX,01/07/2025,10:05:05,23995.63,0,0,0,0,0,0
FOCMID.BSE_IDX,01/07/2025,10:05:14,23989.34,0,0,0,0,0,0
FOCMID.BSE_IDX,01/07/2025,10:05:21,23988.4,0,0,0,0,0,0
FOCMID.BSE_IDX,01/07/2025,10:05:29,23989.09,0,0,0,0,0,0
FOCMID.BSE_IDX,01/07/2025,10:05:37,23989.94,0,0,0,0,0,0
FOCMID.BSE_IDX,01/07/2025,10:05:45,23990.15,0,0,0,0,0,0
FOCMID.BSE_IDX,01/07/2025,10:05:53,23992.23,0,0,0,0,0,0
FOCMID.BSE_IDX,01/07/2025,10:06:01,23993.39,0,0,0,0,0,0
FOCMID.BSE_IDX,01/07/2025,10:06:09,23998.7,0,0,0,0,0,0
FOCMID.BSE_IDX,01/07/2025,10:06:17,23997.81,0,0,0,0,0,0
FOCMID.BSE_IDX,01/07/2025,10:06:25,24000.39,0,0,0,0,0,0
FOCMID.BSE_IDX,01/07/2025,10:06:33,24000.34,0,0,0,0,0,0
FOCMID.BSE_IDX,01/07/2025,10:06:41,24005.4,0,0,0,0,0,0
FOCMID.BSE_IDX,01/07/2025,10:06:49,24007.86,0,0,0,0,0,0
FOCMID.BSE_IDX,01/07/2025,10:06:57,24007.58,0,0,0,0,0,0
FOCMID.BSE_IDX,01/07/2025,10:07:05,24005.5,0,0,0,0,0,0
FOCMID.BSE_IDX,01/07/2025,10:07:13,24005.67,0,0,0,0,0,0
FOCMID.BSE_IDX,01/07/2025,10:07:21,24004.73,0,0,0,0,0,0
FOCMID.BSE_IDX,01/07/2025,10:07:29,24006.32,0,0,0,0,0,0
FOCMID.BSE_IDX,01/07/2025,10:07:37,24010.16,0,0,0,0,0,0
FOCMID.BSE_IDX,01/07/2025,10:07:45,24015.49,0,0,0,0,0,0
FOCMID.BSE_IDX,01/07/2025,10:07:53,24015.07,0,0,0,0,0,0
FOCMID.BSE_IDX,01/07/2025,10:08:01,24015.61,0,0,0,0,0,0
FOCMID.BSE_IDX,01/07/2025,10:08:09,24018.69,0,0,0,0,0,0
FOCMID.BSE_IDX,01/07/2025,10:08:17,24017.22,0,0,0,0,0,0
FOCMID.BSE_IDX,01/07/2025,10:08:25,24016.23,0,0,0,0,0,0
FOCMID.BSE_IDX,01/07/2025,10:08:33,24014.17,0,0,0,0,0,0
FOCMID.BSE_IDX,01/07/2025,10:08:41,24010.5,0,0,0,0,0,0
FOCMID.BSE_IDX,01/07/2025,10:08:49,24011.2,0,0,0,0,0,0
FOCMID.BSE_IDX,01/07/2025,10:08:57,24011.34,0,0,0,0,0,0
FOCMID.BSE_IDX,01/07/2025,10:09:05,24005.56,0,0,0,0,0,0
FOCMID.BSE_IDX,01/07/2025,10:09:13,24004.52,0,0,0,0,0,0
FOCMID.BSE_IDX,01/07/2025,10:09:21,24001.04,0,0,0,0,0,0
FOCMID.BSE_IDX,01/07/2025,10:09:29,24001.66,0,0,0,0,0,0
FOCMID.BSE_IDX,01/07/2025,10:09:37,24004.78,0,0,0,0,0,0
FOCMID.BSE_IDX,01/07/2025,10:09:45,24005.84,0,0,0,0,0,0
FOCMID.BSE_IDX,01/07/2025,10:09:53,24007.04,0,0,0,0,0,0
FOCMID.BSE_IDX,01/07/2025,10:10:01,24009.36,0,0,0,0,0,0
FOCMID.BSE_IDX,01/07/2025,10:10:09,24009.29,0,0,0,0,0,0
FOCMID.BSE_IDX,01/07/2025,10:10:17,24010,0,0,0,0,0,0
FOCMID.BSE_IDX,01/07/2025,10:10:25,24010.37,0,0,0,0,0,0
FOCMID.BSE_IDX,01/07/2025,10:10:33,24012.83,0,0,0,0,0,0
FOCMID.BSE_IDX,01/07/2025,10:10:41,24015.2,0,0,0,0,0,0
FOCMID.BSE_IDX,01/07/2025,10:10:49,24013.47,0,0,0,0,0,0
FOCMID.BSE_IDX,01/07/2025,10:10:57,24014.8,0,0,0,0,0,0
FOCMID.BSE_IDX,01/07/2025,10:11:05,24014.96,0,0,0,0,0,0
FOCMID.BSE_IDX,01/07/2025,10:11:13,24014.69,0,0,0,0,0,0
FOCMID.BSE_IDX,01/07/2025,10:11:22,24009.85,0,0,0,0,0,0
FOCMID.BSE_IDX,01/07/2025,10:11:29,24007.86,0,0,0,0,0,0
FOCMID.BSE_IDX,01/07/2025,10:11:37,24005.83,0,0,0,0,0,0
FOCMID.BSE_IDX,01/07/2025,10:11:45,24001.63,0,0,0,0,0,0
FOCMID.BSE_IDX,01/07/2025,10:11:53,24003.29,0,0,0,0,0,0
FOCMID.BSE_IDX,01/07/2025,10:12:01,24000.95,0,0,0,0,0,0
FOCMID.BSE_IDX,01/07/2025,10:12:09,24000.09,0,0,0,0,0,0
FOCMID.BSE_IDX,01/07/2025,10:12:17,23997.74,0,0,0,0,0,0
FOCMID.BSE_IDX,01/07/2025,10:12:25,23989.54,0,0,0,0,0,0
FOCMID.BSE_IDX,01/07/2025,10:12:33,23985.59,0,0,0,0,0,0
FOCMID.BSE_IDX,01/07/2025,10:12:41,23983.89,0,0,0,0,0,0
FOCMID.BSE_IDX,01/07/2025,10:12:49,23985.3,0,0,0,0,0,0
FOCMID.BSE_IDX,01/07/2025,10:12:57,23981.5,0,0,0,0,0,0
FOCMID.BSE_IDX,01/07/2025,10:13:05,23978.47,0,0,0,0,0,0
FOCMID.BSE_IDX,01/07/2025,10:13:13,23982.32,0,0,0,0,0,0
FOCMID.BSE_IDX,01/07/2025,10:13:21,23985.09,0,0,0,0,0,0
FOCMID.BSE_IDX,01/07/2025,10:13:29,23984.61,0,0,0,0,0,0
FOCMID.BSE_IDX,01/07/2025,10:13:37,23985.32,0,0,0,0,0,0
FOCMID.BSE_IDX,01/07/2025,10:13:45,23984.01,0,0,0,0,0,0
FOCMID.BSE_IDX,01/07/2025,10:13:53,23979.29,0,0,0,0,0,0
FOCMID.BSE_IDX,01/07/2025,10:14:01,23976.08,0,0,0,0,0,0
FOCMID.BSE_IDX,01/07/2025,10:14:09,23975.24,0,0,0,0,0,0
FOCMID.BSE_IDX,01/07/2025,10:14:17,23974.7,0,0,0,0,0,0
FOCMID.BSE_IDX,01/07/2025,10:14:25,23974.24,0,0,0,0,0,0
FOCMID.BSE_IDX,01/07/2025,10:14:33,23975.06,0,0,0,0,0,0
FOCMID.BSE_IDX,01/07/2025,10:14:41,23975.39,0,0,0,0,0,0
FOCMID.BSE_IDX,01/07/2025,10:14:49,23973.93,0,0,0,0,0,0
FOCMID.BSE_IDX,01/07/2025,10:14:57,23972.1,0,0,0,0,0,0
FOCMID.BSE_IDX,01/07/2025,10:15:05,23968.16,0,0,0,0,0,0
FOCMID.BSE_IDX,01/07/2025,10:15:13,23964.34,0,0,0,0,0,0
FOCMID.BSE_IDX,01/07/2025,10:15:21,23965.98,0,0,0,0,0,0
FOCMID.BSE_IDX,01/07/2025,10:15:29,23965.25,0,0,0,0,0,0
FOCMID.BSE_IDX,01/07/2025,10:15:37,23967.07,0,0,0,0,0,0
FOCMID.BSE_IDX,01/07/2025,10:15:45,23968.4,0,0,0,0,0,0
FOCMID.BSE_IDX,01/07/2025,10:15:53,23967.64,0,0,0,0,0,0
FOCMID.BSE_IDX,01/07/2025,10:16:01,23969.26,0,0,0,0,0,0
FOCMID.BSE_IDX,01/07/2025,10:16:09,23970.08,0,0,0,0,0,0
FOCMID.BSE_IDX,01/07/2025,10:16:17,23971.38,0,0,0,0,0,0
FOCMID.BSE_IDX,01/07/2025,10:16:25,23970.62,0,0,0,0,0,0
FOCMID.BSE_IDX,01/07/2025,10:16:33,23972.88,0,0,0,0,0,0
FOCMID.BSE_IDX,01/07/2025,10:16:41,23977.97,0,0,0,0,0,0
FOCMID.BSE_IDX,01/07/2025,10:16:49,23976.5,0,0,0,0,0,0
FOCMID.BSE_IDX,01/07/2025,10:16:57,23978.05,0,0,0,0,0,0
FOCMID.BSE_IDX,01/07/2025,10:17:05,23977.04,0,0,0,0,0,0
FOCMID.BSE_IDX,01/07/2025,10:17:13,23976.68,0,0,0,0,0,0
FOCMID.BSE_IDX,01/07/2025,10:17:21,23983.02,0,0,0,0,0,0
FOCMID.BSE_IDX,01/07/2025,10:17:29,23984.34,0,0,0,0,0,0
FOCMID.BSE_IDX,01/07/2025,10:17:37,23987.95,0,0,0,0,0,0
FOCMID.BSE_IDX,01/07/2025,10:17:45,23990.09,0,0,0,0,0,0
FOCMID.BSE_IDX,01/07/2025,10:17:53,23990.34,0,0,0,0,0,0
FOCMID.BSE_IDX,01/07/2025,10:18:01,23994.43,0,0,0,0,0,0
FOCMID.BSE_IDX,01/07/2025,10:18:09,23999.73,0,0,0,0,0,0
FOCMID.BSE_IDX,01/07/2025,10:18:17,23996.93,0,0,0,0,0,0
FOCMID.BSE_IDX,01/07/2025,10:18:25,23994.99,0,0,0,0,0,0
FOCMID.BSE_IDX,01/07/2025,10:18:33,23993.6,0,0,0,0,0,0
FOCMID.BSE_IDX,01/07/2025,10:18:41,23995.33,0,0,0,0,0,0
FOCMID.BSE_IDX,01/07/2025,10:18:49,23991.54,0,0,0,0,0,0
FOCMID.BSE_IDX,01/07/2025,10:18:57,23993.09,0,0,0,0,0,0
FOCMID.BSE_IDX,01/07/2025,10:19:05,23989.88,0,0,0,0,0,0
FOCMID.BSE_IDX,01/07/2025,10:19:13,23991.81,0,0,0,0,0,0
FOCMID.BSE_IDX,01/07/2025,10:19:21,23991.88,0,0,0,0,0,0
FOCMID.BSE_IDX,01/07/2025,10:19:29,23991.52,0,0,0,0,0,0
FOCMID.BSE_IDX,01/07/2025,10:19:37,23989.96,0,0,0,0,0,0
FOCMID.BSE_IDX,01/07/2025,10:19:45,23990.17,0,0,0,0,0,0
FOCMID.BSE_IDX,01/07/2025,10:19:53,23983.64,0,0,0,0,0,0
FOCMID.BSE_IDX,01/07/2025,10:20:01,23982.34,0,0,0,0,0,0
FOCMID.BSE_IDX,01/07/2025,10:20:09,23981.45,0,0,0,0,0,0
FOCMID.BSE_IDX,01/07/2025,10:20:17,23987.54,0,0,0,0,0,0
FOCMID.BSE_IDX,01/07/2025,10:20:25,23989.2,0,0,0,0,0,0
FOCMID.BSE_IDX,01/07/2025,10:20:33,23987.24,0,0,0,0,0,0
FOCMID.BSE_IDX,01/07/2025,10:20:41,23987.34,0,0,0,0,0,0
FOCMID.BSE_IDX,01/07/2025,10:20:49,23987.18,0,0,0,0,0,0
FOCMID.BSE_IDX,01/07/2025,10:20:57,23985.02,0,0,0,0,0,0
FOCMID.BSE_IDX,01/07/2025,10:21:05,23980.38,0,0,0,0,0,0
FOCMID.BSE_IDX,01/07/2025,10:21:13,23980.44,0,0,0,0,0,0
FOCMID.BSE_IDX,01/07/2025,10:21:21,23979,0,0,0,0,0,0
FOCMID.BSE_IDX,01/07/2025,10:21:29,23979.26,0,0,0,0,0,0
FOCMID.BSE_IDX,01/07/2025,10:21:37,23975.29,0,0,0,0,0,0
FOCMID.BSE_IDX,01/07/2025,10:21:45,23972.71,0,0,0,0,0,0
FOCMID.BSE_IDX,01/07/2025,10:21:53,23973.48,0,0,0,0,0,0
FOCMID.BSE_IDX,01/07/2025,10:22:01,23976.24,0,0,0,0,0,0
FOCMID.BSE_IDX,01/07/2025,10:22:09,23977.13,0,0,0,0,0,0
FOCMID.BSE_IDX,01/07/2025,10:22:17,23972.77,0,0,0,0,0,0
FOCMID.BSE_IDX,01/07/2025,10:22:25,23973.3,0,0,0,0,0,0
FOCMID.BSE_IDX,01/07/2025,10:22:33,23976.03,0,0,0,0,0,0
FOCMID.BSE_IDX,01/07/2025,10:22:41,23977.47,0,0,0,0,0,0
FOCMID.BSE_IDX,01/07/2025,10:22:49,23978.39,0,0,0,0,0,0
FOCMID.BSE_IDX,01/07/2025,10:22:57,23978.08,0,0,0,0,0,0
FOCMID.BSE_IDX,01/07/2025,10:23:05,23976.34,0,0,0,0,0,0
FOCMID.BSE_IDX,01/07/2025,10:23:13,23976.34,0,0,0,0,0,0
FOCMID.BSE_IDX,01/07/2025,10:23:21,23975.85,0,0,0,0,0,0
FOCMID.BSE_IDX,01/07/2025,10:23:29,23978.82,0,0,0,0,0,0
FOCMID.BSE_IDX,01/07/2025,10:23:37,23979.83,0,0,0,0,0,0
FOCMID.BSE_IDX,01/07/2025,10:23:45,23981.55,0,0,0,0,0,0
FOCMID.BSE_IDX,01/07/2025,10:23:53,23980.89,0,0,0,0,0,0
FOCMID.BSE_IDX,01/07/2025,10:24:01,23982.03,0,0,0,0,0,0
FOCMID.BSE_IDX,01/07/2025,10:24:09,23981.62,0,0,0,0,0,0
FOCMID.BSE_IDX,01/07/2025,10:24:17,23977.54,0,0,0,0,0,0
FOCMID.BSE_IDX,01/07/2025,10:24:25,23979.24,0,0,0,0,0,0
FOCMID.BSE_IDX,01/07/2025,10:24:33,23978.45,0,0,0,0,0,0
FOCMID.BSE_IDX,01/07/2025,10:24:41,23979.78,0,0,0,0,0,0
FOCMID.BSE_IDX,01/07/2025,10:24:49,23977.61,0,0,0,0,0,0
FOCMID.BSE_IDX,01/07/2025,10:24:57,23980.28,0,0,0,0,0,0
FOCMID.BSE_IDX,01/07/2025,10:25:05,23979.52,0,0,0,0,0,0
FOCMID.BSE_IDX,01/07/2025,10:25:13,23981.02,0,0,0,0,0,0
FOCMID.BSE_IDX,01/07/2025,10:25:21,23979.76,0,0,0,0,0,0
FOCMID.BSE_IDX,01/07/2025,10:25:29,23980.61,0,0,0,0,0,0
FOCMID.BSE_IDX,01/07/2025,10:25:37,23978.69,0,0,0,0,0,0
FOCMID.BSE_IDX,01/07/2025,10:25:45,23971.24,0,0,0,0,0,0
FOCMID.BSE_IDX,01/07/2025,10:25:53,23972.87,0,0,0,0,0,0
FOCMID.BSE_IDX,01/07/2025,10:26:01,23973.19,0,0,0,0,0,0
FOCMID.BSE_IDX,01/07/2025,10:26:09,23972.85,0,0,0,0,0,0
FOCMID.BSE_IDX,01/07/2025,10:26:17,23973.13,0,0,0,0,0,0
FOCMID.BSE_IDX,01/07/2025,10:26:25,23975,0,0,0,0,0,0
FOCMID.BSE_IDX,01/07/2025,10:26:33,23975.2,0,0,0,0,0,0
FOCMID.BSE_IDX,01/07/2025,10:26:41,23975.02,0,0,0,0,0,0
FOCMID.BSE_IDX,01/07/2025,10:26:49,23975.48,0,0,0,0,0,0
FOCMID.BSE_IDX,01/07/2025,10:26:57,23978.75,0,0,0,0,0,0
FOCMID.BSE_IDX,01/07/2025,10:27:05,23980.87,0,0,0,0,0,0
FOCMID.BSE_IDX,01/07/2025,10:27:13,23978.12,0,0,0,0,0,0
FOCMID.BSE_IDX,01/07/2025,10:27:21,23980.07,0,0,0,0,0,0
FOCMID.BSE_IDX,01/07/2025,10:27:29,23977.06,0,0,0,0,0,0
FOCMID.BSE_IDX,01/07/2025,10:27:37,23979.67,0,0,0,0,0,0
FOCMID.BSE_IDX,01/07/2025,10:27:45,23975.04,0,0,0,0,0,0
FOCMID.BSE_IDX,01/07/2025,10:27:53,23975.17,0,0,0,0,0,0
FOCMID.BSE_IDX,01/07/2025,10:28:01,23978.46,0,0,0,0,0,0
FOCMID.BSE_IDX,01/07/2025,10:28:09,23980.47,0,0,0,0,0,0
FOCMID.BSE_IDX,01/07/2025,10:28:17,23979.79,0,0,0,0,0,0
FOCMID.BSE_IDX,01/07/2025,10:28:25,23977.3,0,0,0,0,0,0
FOCMID.BSE_IDX,01/07/2025,10:28:33,23977.24,0,0,0,0,0,0
FOCMID.BSE_IDX,01/07/2025,10:28:41,23979.9,0,0,0,0,0,0
FOCMID.BSE_IDX,01/07/2025,10:28:49,23982.12,0,0,0,0,0,0
FOCMID.BSE_IDX,01/07/2025,10:28:57,23983.01,0,0,0,0,0,0
FOCMID.BSE_IDX,01/07/2025,10:29:05,23981.56,0,0,0,0,0,0
FOCMID.BSE_IDX,01/07/2025,10:29:13,23982.87,0,0,0,0,0,0
FOCMID.BSE_IDX,01/07/2025,10:29:21,23982.87,0,0,0,0,0,0
FOCMID.BSE_IDX,01/07/2025,10:29:29,23983.43,0,0,0,0,0,0
FOCMID.BSE_IDX,01/07/2025,10:29:37,23981.49,0,0,0,0,0,0
FOCMID.BSE_IDX,01/07/2025,10:29:46,23980.01,0,0,0,0,0,0
FOCMID.BSE_IDX,01/07/2025,10:29:54,23979.18,0,0,0,0,0,0
FOCMID.BSE_IDX,01/07/2025,10:30:01,23978.61,0,0,0,0,0,0
FOCMID.BSE_IDX,01/07/2025,10:30:09,23977.24,0,0,0,0,0,0
FOCMID.BSE_IDX,01/07/2025,10:30:17,23978,0,0,0,0,0,0
FOCMID.BSE_IDX,01/07/2025,10:30:25,23982.31,0,0,0,0,0,0
FOCMID.BSE_IDX,01/07/2025,10:30:33,23984.52,0,0,0,0,0,0
FOCMID.BSE_IDX,01/07/2025,10:30:41,23989.58,0,0,0,0,0,0
FOCMID.BSE_IDX,01/07/2025,10:30:49,23989.64,0,0,0,0,0,0
FOCMID.BSE_IDX,01/07/2025,10:30:57,23989.66,0,0,0,0,0,0
FOCMID.BSE_IDX,01/07/2025,10:31:05,23988.28,0,0,0,0,0,0
FOCMID.BSE_IDX,01/07/2025,10:31:13,23988.01,0,0,0,0,0,0
FOCMID.BSE_IDX,01/07/2025,10:31:22,23986.31,0,0,0,0,0,0
FOCMID.BSE_IDX,01/07/2025,10:31:29,23984.23,0,0,0,0,0,0
FOCMID.BSE_IDX,01/07/2025,10:31:37,23986.3,0,0,0,0,0,0
FOCMID.BSE_IDX,01/07/2025,10:31:46,23985.18,0,0,0,0,0,0
FOCMID.BSE_IDX,01/07/2025,10:31:53,23984.75,0,0,0,0,0,0
FOCMID.BSE_IDX,01/07/2025,10:32:01,23984.72,0,0,0,0,0,0
FOCMID.BSE_IDX,01/07/2025,10:32:10,23984.43,0,0,0,0,0,0
FOCMID.BSE_IDX,01/07/2025,10:32:17,23986.13,0,0,0,0,0,0
FOCMID.BSE_IDX,01/07/2025,10:32:25,23987.96,0,0,0,0,0,0
FOCMID.BSE_IDX,01/07/2025,10:32:33,23988.07,0,0,0,0,0,0
FOCMID.BSE_IDX,01/07/2025,10:32:41,23987.22,0,0,0,0,0,0
FOCMID.BSE_IDX,01/07/2025,10:32:49,23988.2,0,0,0,0,0,0
FOCMID.BSE_IDX,01/07/2025,10:32:57,23992.01,0,0,0,0,0,0
FOCMID.BSE_IDX,01/07/2025,10:33:06,23988.8,0,0,0,0,0,0
FOCMID.BSE_IDX,01/07/2025,10:33:13,23992.01,0,0,0,0,0,0
FOCMID.BSE_IDX,01/07/2025,10:33:22,23992.49,0,0,0,0,0,0
FOCMID.BSE_IDX,01/07/2025,10:33:29,23988.61,0,0,0,0,0,0
FOCMID.BSE_IDX,01/07/2025,10:33:37,23989.69,0,0,0,0,0,0
FOCMID.BSE_IDX,01/07/2025,10:33:45,23992.79,0,0,0,0,0,0
FOCMID.BSE_IDX,01/07/2025,10:33:53,23993.52,0,0,0,0,0,0
FOCMID.BSE_IDX,01/07/2025,10:34:01,23993.6,0,0,0,0,0,0
FOCMID.BSE_IDX,01/07/2025,10:34:09,23990.12,0,0,0,0,0,0
FOCMID.BSE_IDX,01/07/2025,10:34:17,23992.42,0,0,0,0,0,0
FOCMID.BSE_IDX,01/07/2025,10:34:25,23993.86,0,0,0,0,0,0
FOCMID.BSE_IDX,01/07/2025,10:34:33,23994.45,0,0,0,0,0,0
FOCMID.BSE_IDX,01/07/2025,10:34:41,23998.57,0,0,0,0,0,0
FOCMID.BSE_IDX,01/07/2025,10:34:49,23994.79,0,0,0,0,0,0
FOCMID.BSE_IDX,01/07/2025,10:34:58,23993.65,0,0,0,0,0,0
FOCMID.BSE_IDX,01/07/2025,10:35:06,23992.55,0,0,0,0,0,0
FOCMID.BSE_IDX,01/07/2025,10:35:14,23993.24,0,0,0,0,0,0
FOCMID.BSE_IDX,01/07/2025,10:35:21,23993.72,0,0,0,0,0,0
FOCMID.BSE_IDX,01/07/2025,10:35:29,23993.56,0,0,0,0,0,0
FOCMID.BSE_IDX,01/07/2025,10:35:37,23995.35,0,0,0,0,0,0
FOCMID.BSE_IDX,01/07/2025,10:35:45,23994.12,0,0,0,0,0,0
FOCMID.BSE_IDX,01/07/2025,10:35:54,23994.33,0,0,0,0,0,0
FOCMID.BSE_IDX,01/07/2025,10:36:02,23990.79,0,0,0,0,0,0
FOCMID.BSE_IDX,01/07/2025,10:36:10,23988.84,0,0,0,0,0,0
FOCMID.BSE_IDX,01/07/2025,10:36:18,23991.01,0,0,0,0,0,0
FOCMID.BSE_IDX,01/07/2025,10:36:25,23988.75,0,0,0,0,0,0
FOCMID.BSE_IDX,01/07/2025,10:36:34,23988.3,0,0,0,0,0,0
FOCMID.BSE_IDX,01/07/2025,10:36:42,23989.71,0,0,0,0,0,0
FOCMID.BSE_IDX,01/07/2025,10:36:49,23986.27,0,0,0,0,0,0
FOCMID.BSE_IDX,01/07/2025,10:36:58,23983.98,0,0,0,0,0,0
FOCMID.BSE_IDX,01/07/2025,10:37:06,23985.42,0,0,0,0,0,0
FOCMID.BSE_IDX,01/07/2025,10:37:14,23984.97,0,0,0,0,0,0
FOCMID.BSE_IDX,01/07/2025,10:37:22,23984.16,0,0,0,0,0,0
FOCMID.BSE_IDX,01/07/2025,10:37:30,23985.1,0,0,0,0,0,0
FOCMID.BSE_IDX,01/07/2025,10:37:38,23983.99,0,0,0,0,0,0
FOCMID.BSE_IDX,01/07/2025,10:37:46,23983.06,0,0,0,0,0,0
FOCMID.BSE_IDX,01/07/2025,10:37:54,23981.91,0,0,0,0,0,0
FOCMID.BSE_IDX,01/07/2025,10:38:02,23983.05,0,0,0,0,0,0
FOCMID.BSE_IDX,01/07/2025,10:38:10,23986.39,0,0,0,0,0,0
FOCMID.BSE_IDX,01/07/2025,10:38:18,23987.02,0,0,0,0,0,0
FOCMID.BSE_IDX,01/07/2025,10:38:26,23989.51,0,0,0,0,0,0
FOCMID.BSE_IDX,01/07/2025,10:38:34,23991.82,0,0,0,0,0,0
FOCMID.BSE_IDX,01/07/2025,10:38:42,23992.21,0,0,0,0,0,0
FOCMID.BSE_IDX,01/07/2025,10:38:50,23989.77,0,0,0,0,0,0
FOCMID.BSE_IDX,01/07/2025,10:38:58,23988.58,0,0,0,0,0,0
FOCMID.BSE_IDX,01/07/2025,10:39:06,23992.35,0,0,0,0,0,0
FOCMID.BSE_IDX,01/07/2025,10:39:14,23994.18,0,0,0,0,0,0
FOCMID.BSE_IDX,01/07/2025,10:39:22,23993.64,0,0,0,0,0,0
FOCMID.BSE_IDX,01/07/2025,10:39:30,23989.52,0,0,0,0,0,0
FOCMID.BSE_IDX,01/07/2025,10:39:38,23990,0,0,0,0,0,0
FOCMID.BSE_IDX,01/07/2025,10:39:46,23994.04,0,0,0,0,0,0
FOCMID.BSE_IDX,01/07/2025,10:39:54,23991.99,0,0,0,0,0,0
FOCMID.BSE_IDX,01/07/2025,10:40:02,23993.14,0,0,0,0,0,0
FOCMID.BSE_IDX,01/07/2025,10:40:10,23987.9,0,0,0,0,0,0
FOCMID.BSE_IDX,01/07/2025,10:40:18,23987.88,0,0,0,0,0,0
FOCMID.BSE_IDX,01/07/2025,10:40:26,23989.12,0,0,0,0,0,0
FOCMID.BSE_IDX,01/07/2025,10:40:34,23985.77,0,0,0,0,0,0
FOCMID.BSE_IDX,01/07/2025,10:40:42,23986.19,0,0,0,0,0,0
FOCMID.BSE_IDX,01/07/2025,10:40:50,23987.29,0,0,0,0,0,0
FOCMID.BSE_IDX,01/07/2025,10:40:58,23987.12,0,0,0,0,0,0
FOCMID.BSE_IDX,01/07/2025,10:41:06,23984.02,0,0,0,0,0,0
FOCMID.BSE_IDX,01/07/2025,10:41:14,23983.02,0,0,0,0,0,0
FOCMID.BSE_IDX,01/07/2025,10:41:22,23984.48,0,0,0,0,0,0
FOCMID.BSE_IDX,01/07/2025,10:41:30,23984.63,0,0,0,0,0,0
FOCMID.BSE_IDX,01/07/2025,10:41:38,23984.04,0,0,0,0,0,0
FOCMID.BSE_IDX,01/07/2025,10:41:46,23984.16,0,0,0,0,0,0
FOCMID.BSE_IDX,01/07/2025,10:41:54,23984.33,0,0,0,0,0,0
FOCMID.BSE_IDX,01/07/2025,10:42:02,23986.92,0,0,0,0,0,0
FOCMID.BSE_IDX,01/07/2025,10:42:10,23985.56,0,0,0,0,0,0
FOCMID.BSE_IDX,01/07/2025,10:42:18,23983.88,0,0,0,0,0,0
FOCMID.BSE_IDX,01/07/2025,10:42:26,23980.77,0,0,0,0,0,0
FOCMID.BSE_IDX,01/07/2025,10:42:34,23980.94,0,0,0,0,0,0
FOCMID.BSE_IDX,01/07/2025,10:42:42,23978.54,0,0,0,0,0,0
FOCMID.BSE_IDX,01/07/2025,10:42:50,23976.92,0,0,0,0,0,0
FOCMID.BSE_IDX,01/07/2025,10:42:58,23977.32,0,0,0,0,0,0
FOCMID.BSE_IDX,01/07/2025,10:43:06,23978.7,0,0,0,0,0,0
FOCMID.BSE_IDX,01/07/2025,10:43:14,23975.59,0,0,0,0,0,0
FOCMID.BSE_IDX,01/07/2025,10:43:22,23973.78,0,0,0,0,0,0
FOCMID.BSE_IDX,01/07/2025,10:43:30,23973.83,0,0,0,0,0,0
FOCMID.BSE_IDX,01/07/2025,10:43:38,23972.67,0,0,0,0,0,0
FOCMID.BSE_IDX,01/07/2025,10:43:46,23971.04,0,0,0,0,0,0
FOCMID.BSE_IDX,01/07/2025,10:43:54,23970.87,0,0,0,0,0,0
FOCMID.BSE_IDX,01/07/2025,10:44:02,23972.28,0,0,0,0,0,0
FOCMID.BSE_IDX,01/07/2025,10:44:10,23971.57,0,0,0,0,0,0
FOCMID.BSE_IDX,01/07/2025,10:44:18,23970.03,0,0,0,0,0,0
FOCMID.BSE_IDX,01/07/2025,10:44:26,23970.03,0,0,0,0,0,0
FOCMID.BSE_IDX,01/07/2025,10:44:34,23966.1,0,0,0,0,0,0
FOCMID.BSE_IDX,01/07/2025,10:44:42,23967.34,0,0,0,0,0,0
FOCMID.BSE_IDX,01/07/2025,10:44:50,23964.63,0,0,0,0,0,0
FOCMID.BSE_IDX,01/07/2025,10:44:58,23963.41,0,0,0,0,0,0
FOCMID.BSE_IDX,01/07/2025,10:45:07,23956.9,0,0,0,0,0,0
FOCMID.BSE_IDX,01/07/2025,10:45:14,23952.8,0,0,0,0,0,0
FOCMID.BSE_IDX,01/07/2025,10:45:22,23951.2,0,0,0,0,0,0
FOCMID.BSE_IDX,01/07/2025,10:45:30,23952.07,0,0,0,0,0,0
FOCMID.BSE_IDX,01/07/2025,10:45:38,23955.68,0,0,0,0,0,0
FOCMID.BSE_IDX,01/07/2025,10:45:46,23953.06,0,0,0,0,0,0
FOCMID.BSE_IDX,01/07/2025,10:45:54,23954.5,0,0,0,0,0,0
FOCMID.BSE_IDX,01/07/2025,10:46:02,23951.55,0,0,0,0,0,0
FOCMID.BSE_IDX,01/07/2025,10:46:10,23950.2,0,0,0,0,0,0
FOCMID.BSE_IDX,01/07/2025,10:46:18,23947.74,0,0,0,0,0,0
FOCMID.BSE_IDX,01/07/2025,10:46:26,23949.11,0,0,0,0,0,0
FOCMID.BSE_IDX,01/07/2025,10:46:34,23953.35,0,0,0,0,0,0
FOCMID.BSE_IDX,01/07/2025,10:46:42,23956.97,0,0,0,0,0,0
FOCMID.BSE_IDX,01/07/2025,10:46:50,23958.86,0,0,0,0,0,0
FOCMID.BSE_IDX,01/07/2025,10:46:58,23959.75,0,0,0,0,0,0
FOCMID.BSE_IDX,01/07/2025,10:47:06,23961.45,0,0,0,0,0,0
FOCMID.BSE_IDX,01/07/2025,10:47:14,23961.43,0,0,0,0,0,0
FOCMID.BSE_IDX,01/07/2025,10:47:22,23956.87,0,0,0,0,0,0
FOCMID.BSE_IDX,01/07/2025,10:47:30,23955.55,0,0,0,0,0,0
FOCMID.BSE_IDX,01/07/2025,10:47:38,23956.03,0,0,0,0,0,0
FOCMID.BSE_IDX,01/07/2025,10:47:46,23956.21,0,0,0,0,0,0
FOCMID.BSE_IDX,01/07/2025,10:47:54,23959.78,0,0,0,0,0,0
FOCMID.BSE_IDX,01/07/2025,10:48:02,23958.69,0,0,0,0,0,0
FOCMID.BSE_IDX,01/07/2025,10:48:10,23956.88,0,0,0,0,0,0
FOCMID.BSE_IDX,01/07/2025,10:48:18,23956.12,0,0,0,0,0,0
FOCMID.BSE_IDX,01/07/2025,10:48:26,23956.41,0,0,0,0,0,0
FOCMID.BSE_IDX,01/07/2025,10:48:34,23958.31,0,0,0,0,0,0
FOCMID.BSE_IDX,01/07/2025,10:48:42,23958.69,0,0,0,0,0,0
FOCMID.BSE_IDX,01/07/2025,10:48:50,23956.1,0,0,0,0,0,0
FOCMID.BSE_IDX,01/07/2025,10:48:58,23956.73,0,0,0,0,0,0
FOCMID.BSE_IDX,01/07/2025,10:49:06,23949.37,0,0,0,0,0,0
FOCMID.BSE_IDX,01/07/2025,10:49:14,23942.18,0,0,0,0,0,0
FOCMID.BSE_IDX,01/07/2025,10:49:22,23943.35,0,0,0,0,0,0
FOCMID.BSE_IDX,01/07/2025,10:49:30,23943.98,0,0,0,0,0,0
FOCMID.BSE_IDX,01/07/2025,10:49:38,23944.2,0,0,0,0,0,0
FOCMID.BSE_IDX,01/07/2025,10:49:46,23944.05,0,0,0,0,0,0
FOCMID.BSE_IDX,01/07/2025,10:49:54,23947.8,0,0,0,0,0,0
FOCMID.BSE_IDX,01/07/2025,10:50:02,23949.05,0,0,0,0,0,0
FOCMID.BSE_IDX,01/07/2025,10:50:10,23945.37,0,0,0,0,0,0
FOCMID.BSE_IDX,01/07/2025,10:50:18,23945.57,0,0,0,0,0,0
FOCMID.BSE_IDX,01/07/2025,10:50:26,23942.37,0,0,0,0,0,0
FOCMID.BSE_IDX,01/07/2025,10:50:34,23942.63,0,0,0,0,0,0
FOCMID.BSE_IDX,01/07/2025,10:50:42,23941.47,0,0,0,0,0,0
FOCMID.BSE_IDX,01/07/2025,10:50:50,23941.43,0,0,0,0,0,0
FOCMID.BSE_IDX,01/07/2025,10:50:58,23942.7,0,0,0,0,0,0
FOCMID.BSE_IDX,01/07/2025,10:51:06,23942.38,0,0,0,0,0,0
FOCMID.BSE_IDX,01/07/2025,10:51:14,23941.04,0,0,0,0,0,0
FOCMID.BSE_IDX,01/07/2025,10:51:22,23942.74,0,0,0,0,0,0
FOCMID.BSE_IDX,01/07/2025,10:51:30,23943.3,0,0,0,0,0,0
FOCMID.BSE_IDX,01/07/2025,10:51:38,23942.76,0,0,0,0,0,0
FOCMID.BSE_IDX,01/07/2025,10:51:46,23944.22,0,0,0,0,0,0
FOCMID.BSE_IDX,01/07/2025,10:51:54,23944.63,0,0,0,0,0,0
FOCMID.BSE_IDX,01/07/2025,10:52:02,23944.71,0,0,0,0,0,0
FOCMID.BSE_IDX,01/07/2025,10:52:10,23944.38,0,0,0,0,0,0
FOCMID.BSE_IDX,01/07/2025,10:52:18,23941.7,0,0,0,0,0,0
FOCMID.BSE_IDX,01/07/2025,10:52:26,23937.15,0,0,0,0,0,0
FOCMID.BSE_IDX,01/07/2025,10:52:34,23937.21,0,0,0,0,0,0
FOCMID.BSE_IDX,01/07/2025,10:52:43,23934.31,0,0,0,0,0,0
FOCMID.BSE_IDX,01/07/2025,10:52:50,23933.62,0,0,0,0,0,0
FOCMID.BSE_IDX,01/07/2025,10:52:58,23926.54,0,0,0,0,0,0
FOCMID.BSE_IDX,01/07/2025,10:53:06,23925.93,0,0,0,0,0,0
FOCMID.BSE_IDX,01/07/2025,10:53:14,23927.13,0,0,0,0,0,0
FOCMID.BSE_IDX,01/07/2025,10:53:22,23926.77,0,0,0,0,0,0
FOCMID.BSE_IDX,01/07/2025,10:53:30,23927.51,0,0,0,0,0,0
FOCMID.BSE_IDX,01/07/2025,10:53:38,23927.29,0,0,0,0,0,0
FOCMID.BSE_IDX,01/07/2025,10:53:46,23928.01,0,0,0,0,0,0
FOCMID.BSE_IDX,01/07/2025,10:53:54,23931.11,0,0,0,0,0,0
FOCMID.BSE_IDX,01/07/2025,10:54:02,23933.96,0,0,0,0,0,0
FOCMID.BSE_IDX,01/07/2025,10:54:10,23935.28,0,0,0,0,0,0
FOCMID.BSE_IDX,01/07/2025,10:54:18,23932.31,0,0,0,0,0,0
FOCMID.BSE_IDX,01/07/2025,10:54:26,23933.56,0,0,0,0,0,0
FOCMID.BSE_IDX,01/07/2025,10:54:34,23933.54,0,0,0,0,0,0
FOCMID.BSE_IDX,01/07/2025,10:54:42,23933.22,0,0,0,0,0,0
FOCMID.BSE_IDX,01/07/2025,10:54:51,23931.45,0,0,0,0,0,0
FOCMID.BSE_IDX,01/07/2025,10:54:58,23935.21,0,0,0,0,0,0
FOCMID.BSE_IDX,01/07/2025,10:55:06,23932.92,0,0,0,0,0,0
FOCMID.BSE_IDX,01/07/2025,10:55:14,23931.61,0,0,0,0,0,0
FOCMID.BSE_IDX,01/07/2025,10:55:22,23933.24,0,0,0,0,0,0
FOCMID.BSE_IDX,01/07/2025,10:55:30,23933.21,0,0,0,0,0,0
FOCMID.BSE_IDX,01/07/2025,10:55:38,23935.37,0,0,0,0,0,0
FOCMID.BSE_IDX,01/07/2025,10:55:46,23934.35,0,0,0,0,0,0
FOCMID.BSE_IDX,01/07/2025,10:55:54,23931.69,0,0,0,0,0,0
FOCMID.BSE_IDX,01/07/2025,10:56:02,23924.7,0,0,0,0,0,0
FOCMID.BSE_IDX,01/07/2025,10:56:10,23926.29,0,0,0,0,0,0
FOCMID.BSE_IDX,01/07/2025,10:56:18,23926.81,0,0,0,0,0,0
FOCMID.BSE_IDX,01/07/2025,10:56:26,23929.87,0,0,0,0,0,0
FOCMID.BSE_IDX,01/07/2025,10:56:34,23929.24,0,0,0,0,0,0
FOCMID.BSE_IDX,01/07/2025,10:56:42,23927.33,0,0,0,0,0,0
FOCMID.BSE_IDX,01/07/2025,10:56:50,23926.85,0,0,0,0,0,0
FOCMID.BSE_IDX,01/07/2025,10:56:58,23925.52,0,0,0,0,0,0
FOCMID.BSE_IDX,01/07/2025,10:57:06,23920.24,0,0,0,0,0,0
FOCMID.BSE_IDX,01/07/2025,10:57:14,23917.95,0,0,0,0,0,0
FOCMID.BSE_IDX,01/07/2025,10:57:22,23915.55,0,0,0,0,0,0
FOCMID.BSE_IDX,01/07/2025,10:57:30,23916.57,0,0,0,0,0,0
FOCMID.BSE_IDX,01/07/2025,10:57:39,23920.01,0,0,0,0,0,0
FOCMID.BSE_IDX,01/07/2025,10:57:46,23920.2,0,0,0,0,0,0
FOCMID.BSE_IDX,01/07/2025,10:57:54,23918.69,0,0,0,0,0,0
FOCMID.BSE_IDX,01/07/2025,10:58:02,23915.26,0,0,0,0,0,0
FOCMID.BSE_IDX,01/07/2025,10:58:10,23916.43,0,0,0,0,0,0
FOCMID.BSE_IDX,01/07/2025,10:58:18,23916.2,0,0,0,0,0,0
FOCMID.BSE_IDX,01/07/2025,10:58:26,23918,0,0,0,0,0,0
FOCMID.BSE_IDX,01/07/2025,10:58:34,23916.34,0,0,0,0,0,0
FOCMID.BSE_IDX,01/07/2025,10:58:42,23919.29,0,0,0,0,0,0
FOCMID.BSE_IDX,01/07/2025,10:58:50,23919.37,0,0,0,0,0,0
FOCMID.BSE_IDX,01/07/2025,10:58:58,23921.17,0,0,0,0,0,0
FOCMID.BSE_IDX,01/07/2025,10:59:06,23917.31,0,0,0,0,0,0
FOCMID.BSE_IDX,01/07/2025,10:59:14,23916.7,0,0,0,0,0,0
FOCMID.BSE_IDX,01/07/2025,10:59:22,23916.76,0,0,0,0,0,0
FOCMID.BSE_IDX,01/07/2025,10:59:30,23915.95,0,0,0,0,0,0
FOCMID.BSE_IDX,01/07/2025,10:59:38,23917.16,0,0,0,0,0,0
FOCMID.BSE_IDX,01/07/2025,10:59:47,23913.22,0,0,0,0,0,0
FOCMID.BSE_IDX,01/07/2025,10:59:55,23910.49,0,0,0,0,0,0
FOCMID.BSE_IDX,01/07/2025,11:00:03,23909.94,0,0,0,0,0,0
FOCMID.BSE_IDX,01/07/2025,11:00:11,23906.28,0,0,0,0,0,0
FOCMID.BSE_IDX,01/07/2025,11:00:18,23907.98,0,0,0,0,0,0
FOCMID.BSE_IDX,01/07/2025,11:00:26,23905.67,0,0,0,0,0,0
FOCMID.BSE_IDX,01/07/2025,11:00:34,23906.15,0,0,0,0,0,0
FOCMID.BSE_IDX,01/07/2025,11:00:42,23906.48,0,0,0,0,0,0
FOCMID.BSE_IDX,01/07/2025,11:00:50,23904.4,0,0,0,0,0,0
FOCMID.BSE_IDX,01/07/2025,11:00:58,23903.86,0,0,0,0,0,0
FOCMID.BSE_IDX,01/07/2025,11:01:06,23904.9,0,0,0,0,0,0
FOCMID.BSE_IDX,01/07/2025,11:01:15,23907.52,0,0,0,0,0,0
FOCMID.BSE_IDX,01/07/2025,11:01:22,23905.71,0,0,0,0,0,0
FOCMID.BSE_IDX,01/07/2025,11:01:30,23905.57,0,0,0,0,0,0
FOCMID.BSE_IDX,01/07/2025,11:01:38,23906.48,0,0,0,0,0,0
FOCMID.BSE_IDX,01/07/2025,11:01:46,23906.02,0,0,0,0,0,0
FOCMID.BSE_IDX,01/07/2025,11:01:54,23905.71,0,0,0,0,0,0
FOCMID.BSE_IDX,01/07/2025,11:02:02,23908.33,0,0,0,0,0,0
FOCMID.BSE_IDX,01/07/2025,11:02:10,23907.55,0,0,0,0,0,0
FOCMID.BSE_IDX,01/07/2025,11:02:18,23907.96,0,0,0,0,0,0
FOCMID.BSE_IDX,01/07/2025,11:02:27,23908.78,0,0,0,0,0,0
FOCMID.BSE_IDX,01/07/2025,11:02:34,23907.99,0,0,0,0,0,0
FOCMID.BSE_IDX,01/07/2025,11:02:42,23907.86,0,0,0,0,0,0
FOCMID.BSE_IDX,01/07/2025,11:02:51,23908.59,0,0,0,0,0,0
FOCMID.BSE_IDX,01/07/2025,11:02:58,23905.71,0,0,0,0,0,0
FOCMID.BSE_IDX,01/07/2025,11:03:06,23902.97,0,0,0,0,0,0
FOCMID.BSE_IDX,01/07/2025,11:03:14,23903.14,0,0,0,0,0,0
FOCMID.BSE_IDX,01/07/2025,11:03:22,23903.13,0,0,0,0,0,0
FOCMID.BSE_IDX,01/07/2025,11:03:31,23903.99,0,0,0,0,0,0
FOCMID.BSE_IDX,01/07/2025,11:03:38,23901.99,0,0,0,0,0,0
FOCMID.BSE_IDX,01/07/2025,11:03:46,23902.32,0,0,0,0,0,0
FOCMID.BSE_IDX,01/07/2025,11:03:54,23904.19,0,0,0,0,0,0
FOCMID.BSE_IDX,01/07/2025,11:04:02,23904.69,0,0,0,0,0,0
FOCMID.BSE_IDX,01/07/2025,11:04:10,23901.1,0,0,0,0,0,0
FOCMID.BSE_IDX,01/07/2025,11:04:18,23901.16,0,0,0,0,0,0
FOCMID.BSE_IDX,01/07/2025,11:04:27,23900.53,0,0,0,0,0,0
FOCMID.BSE_IDX,01/07/2025,11:04:34,23901.57,0,0,0,0,0,0
FOCMID.BSE_IDX,01/07/2025,11:04:42,23901.76,0,0,0,0,0,0
FOCMID.BSE_IDX,01/07/2025,11:04:51,23900.8,0,0,0,0,0,0
FOCMID.BSE_IDX,01/07/2025,11:04:58,23903.04,0,0,0,0,0,0
FOCMID.BSE_IDX,01/07/2025,11:05:06,23902.78,0,0,0,0,0,0
FOCMID.BSE_IDX,01/07/2025,11:05:14,23907.41,0,0,0,0,0,0
FOCMID.BSE_IDX,01/07/2025,11:05:22,23907.36,0,0,0,0,0,0
FOCMID.BSE_IDX,01/07/2025,11:05:31,23908.35,0,0,0,0,0,0
FOCMID.BSE_IDX,01/07/2025,11:05:39,23910.46,0,0,0,0,0,0
FOCMID.BSE_IDX,01/07/2025,11:05:46,23911.21,0,0,0,0,0,0
FOCMID.BSE_IDX,01/07/2025,11:05:54,23914.97,0,0,0,0,0,0
FOCMID.BSE_IDX,01/07/2025,11:06:03,23916.03,0,0,0,0,0,0
FOCMID.BSE_IDX,01/07/2025,11:06:11,23919.8,0,0,0,0,0,0
FOCMID.BSE_IDX,01/07/2025,11:06:19,23921.37,0,0,0,0,0,0
FOCMID.BSE_IDX,01/07/2025,11:06:27,23921.25,0,0,0,0,0,0
FOCMID.BSE_IDX,01/07/2025,11:06:34,23919.25,0,0,0,0,0,0
FOCMID.BSE_IDX,01/07/2025,11:06:43,23919.07,0,0,0,0,0,0
FOCMID.BSE_IDX,01/07/2025,11:06:51,23921.09,0,0,0,0,0,0
FOCMID.BSE_IDX,01/07/2025,11:06:58,23922.14,0,0,0,0,0,0
FOCMID.BSE_IDX,01/07/2025,11:07:06,23924.88,0,0,0,0,0,0
FOCMID.BSE_IDX,01/07/2025,11:07:15,23929.72,0,0,0,0,0,0
FOCMID.BSE_IDX,01/07/2025,11:07:22,23930.26,0,0,0,0,0,0
FOCMID.BSE_IDX,01/07/2025,11:07:31,23931.88,0,0,0,0,0,0
FOCMID.BSE_IDX,01/07/2025,11:07:39,23931.21,0,0,0,0,0,0
FOCMID.BSE_IDX,01/07/2025,11:07:46,23930.79,0,0,0,0,0,0
FOCMID.BSE_IDX,01/07/2025,11:07:55,23930.73,0,0,0,0,0,0
FOCMID.BSE_IDX,01/07/2025,11:08:02,23932.14,0,0,0,0,0,0
FOCMID.BSE_IDX,01/07/2025,11:08:11,23935.48,0,0,0,0,0,0
FOCMID.BSE_IDX,01/07/2025,11:08:18,23936.32,0,0,0,0,0,0
FOCMID.BSE_IDX,01/07/2025,11:08:27,23936.17,0,0,0,0,0,0
FOCMID.BSE_IDX,01/07/2025,11:08:35,23937.18,0,0,0,0,0,0
FOCMID.BSE_IDX,01/07/2025,11:08:43,23942.24,0,0,0,0,0,0
FOCMID.BSE_IDX,01/07/2025,11:08:51,23944.98,0,0,0,0,0,0
FOCMID.BSE_IDX,01/07/2025,11:08:58,23946.29,0,0,0,0,0,0
FOCMID.BSE_IDX,01/07/2025,11:09:07,23946.53,0,0,0,0,0,0
FOCMID.BSE_IDX,01/07/2025,11:09:15,23949,0,0,0,0,0,0
FOCMID.BSE_IDX,01/07/2025,11:09:23,23947.79,0,0,0,0,0,0
FOCMID.BSE_IDX,01/07/2025,11:09:31,23948.64,0,0,0,0,0,0
FOCMID.BSE_IDX,01/07/2025,11:09:39,23948.32,0,0,0,0,0,0
FOCMID.BSE_IDX,01/07/2025,11:09:47,23951.03,0,0,0,0,0,0
FOCMID.BSE_IDX,01/07/2025,11:09:55,23951.83,0,0,0,0,0,0
FOCMID.BSE_IDX,01/07/2025,11:10:03,23953.7,0,0,0,0,0,0
FOCMID.BSE_IDX,01/07/2025,11:10:11,23953.4,0,0,0,0,0,0
FOCMID.BSE_IDX,01/07/2025,11:10:19,23953.09,0,0,0,0,0,0
FOCMID.BSE_IDX,01/07/2025,11:10:27,23953.53,0,0,0,0,0,0
FOCMID.BSE_IDX,01/07/2025,11:10:35,23949.84,0,0,0,0,0,0
FOCMID.BSE_IDX,01/07/2025,11:10:43,23954.69,0,0,0,0,0,0
FOCMID.BSE_IDX,01/07/2025,11:10:51,23957.08,0,0,0,0,0,0
FOCMID.BSE_IDX,01/07/2025,11:10:59,23955.96,0,0,0,0,0,0
FOCMID.BSE_IDX,01/07/2025,11:11:07,23954.29,0,0,0,0,0,0
FOCMID.BSE_IDX,01/07/2025,11:11:15,23955.36,0,0,0,0,0,0
FOCMID.BSE_IDX,01/07/2025,11:11:23,23954.08,0,0,0,0,0,0
FOCMID.BSE_IDX,01/07/2025,11:11:31,23955.1,0,0,0,0,0,0
FOCMID.BSE_IDX,01/07/2025,11:11:39,23953.54,0,0,0,0,0,0
FOCMID.BSE_IDX,01/07/2025,11:11:47,23948.22,0,0,0,0,0,0
FOCMID.BSE_IDX,01/07/2025,11:11:55,23948.17,0,0,0,0,0,0
FOCMID.BSE_IDX,01/07/2025,11:12:03,23951.99,0,0,0,0,0,0
FOCMID.BSE_IDX,01/07/2025,11:12:11,23951.01,0,0,0,0,0,0
FOCMID.BSE_IDX,01/07/2025,11:12:19,23951.68,0,0,0,0,0,0
FOCMID.BSE_IDX,01/07/2025,11:12:27,23952.32,0,0,0,0,0,0
FOCMID.BSE_IDX,01/07/2025,11:12:35,23956.76,0,0,0,0,0,0
FOCMID.BSE_IDX,01/07/2025,11:12:43,23955.28,0,0,0,0,0,0
FOCMID.BSE_IDX,01/07/2025,11:12:51,23954.99,0,0,0,0,0,0
FOCMID.BSE_IDX,01/07/2025,11:12:59,23957.55,0,0,0,0,0,0
FOCMID.BSE_IDX,01/07/2025,11:13:07,23955.15,0,0,0,0,0,0
FOCMID.BSE_IDX,01/07/2025,11:13:16,23954.6,0,0,0,0,0,0
FOCMID.BSE_IDX,01/07/2025,11:13:23,23953.87,0,0,0,0,0,0
FOCMID.BSE_IDX,01/07/2025,11:13:31,23955.59,0,0,0,0,0,0
FOCMID.BSE_IDX,01/07/2025,11:13:39,23955.49,0,0,0,0,0,0
FOCMID.BSE_IDX,01/07/2025,11:13:47,23956.9,0,0,0,0,0,0
FOCMID.BSE_IDX,01/07/2025,11:13:55,23955.24,0,0,0,0,0,0
FOCMID.BSE_IDX,01/07/2025,11:14:03,23954.14,0,0,0,0,0,0
FOCMID.BSE_IDX,01/07/2025,11:14:11,23953.67,0,0,0,0,0,0
FOCMID.BSE_IDX,01/07/2025,11:14:19,23951.62,0,0,0,0,0,0
FOCMID.BSE_IDX,01/07/2025,11:14:27,23951.88,0,0,0,0,0,0
FOCMID.BSE_IDX,01/07/2025,11:14:35,23954.45,0,0,0,0,0,0
FOCMID.BSE_IDX,01/07/2025,11:14:43,23952.93,0,0,0,0,0,0
FOCMID.BSE_IDX,01/07/2025,11:14:51,23953.36,0,0,0,0,0,0
FOCMID.BSE_IDX,01/07/2025,11:14:59,23953.08,0,0,0,0,0,0
FOCMID.BSE_IDX,01/07/2025,11:15:07,23953.99,0,0,0,0,0,0
FOCMID.BSE_IDX,01/07/2025,11:15:15,23951.16,0,0,0,0,0,0
FOCMID.BSE_IDX,01/07/2025,11:15:23,23952.23,0,0,0,0,0,0
FOCMID.BSE_IDX,01/07/2025,11:15:31,23952.51,0,0,0,0,0,0
FOCMID.BSE_IDX,01/07/2025,11:15:39,23953.13,0,0,0,0,0,0
FOCMID.BSE_IDX,01/07/2025,11:15:47,23953.62,0,0,0,0,0,0
FOCMID.BSE_IDX,01/07/2025,11:15:56,23950.66,0,0,0,0,0,0
FOCMID.BSE_IDX,01/07/2025,11:16:03,23951.31,0,0,0,0,0,0
FOCMID.BSE_IDX,01/07/2025,11:16:11,23949.29,0,0,0,0,0,0
FOCMID.BSE_IDX,01/07/2025,11:16:19,23948.72,0,0,0,0,0,0
FOCMID.BSE_IDX,01/07/2025,11:16:27,23945.97,0,0,0,0,0,0
FOCMID.BSE_IDX,01/07/2025,11:16:35,23943.04,0,0,0,0,0,0
FOCMID.BSE_IDX,01/07/2025,11:16:43,23942.26,0,0,0,0,0,0
FOCMID.BSE_IDX,01/07/2025,11:16:51,23940.14,0,0,0,0,0,0
FOCMID.BSE_IDX,01/07/2025,11:16:59,23943.6,0,0,0,0,0,0
FOCMID.BSE_IDX,01/07/2025,11:17:07,23943.06,0,0,0,0,0,0
FOCMID.BSE_IDX,01/07/2025,11:17:15,23944.42,0,0,0,0,0,0
FOCMID.BSE_IDX,01/07/2025,11:17:23,23943.3,0,0,0,0,0,0
FOCMID.BSE_IDX,01/07/2025,11:17:31,23944.22,0,0,0,0,0,0
FOCMID.BSE_IDX,01/07/2025,11:17:39,23944.52,0,0,0,0,0,0
FOCMID.BSE_IDX,01/07/2025,11:17:47,23947.32,0,0,0,0,0,0
FOCMID.BSE_IDX,01/07/2025,11:17:57,23949.57,0,0,0,0,0,0
FOCMID.BSE_IDX,01/07/2025,11:18:03,23952.13,0,0,0,0,0,0
FOCMID.BSE_IDX,01/07/2025,11:18:11,23952.44,0,0,0,0,0,0
FOCMID.BSE_IDX,01/07/2025,11:18:19,23953.6,0,0,0,0,0,0
FOCMID.BSE_IDX,01/07/2025,11:18:27,23954.87,0,0,0,0,0,0
FOCMID.BSE_IDX,01/07/2025,11:18:35,23956.36,0,0,0,0,0,0
FOCMID.BSE_IDX,01/07/2025,11:18:44,23957.92,0,0,0,0,0,0
FOCMID.BSE_IDX,01/07/2025,11:18:51,23956.4,0,0,0,0,0,0
FOCMID.BSE_IDX,01/07/2025,11:18:59,23954.33,0,0,0,0,0,0
FOCMID.BSE_IDX,01/07/2025,11:19:08,23955.37,0,0,0,0,0,0
FOCMID.BSE_IDX,01/07/2025,11:19:15,23955.25,0,0,0,0,0,0
FOCMID.BSE_IDX,01/07/2025,11:19:23,23953.44,0,0,0,0,0,0
FOCMID.BSE_IDX,01/07/2025,11:19:31,23949.55,0,0,0,0,0,0
FOCMID.BSE_IDX,01/07/2025,11:19:39,23949.22,0,0,0,0,0,0
FOCMID.BSE_IDX,01/07/2025,11:19:47,23946.03,0,0,0,0,0,0
FOCMID.BSE_IDX,01/07/2025,11:19:55,23944.43,0,0,0,0,0,0
FOCMID.BSE_IDX,01/07/2025,11:20:03,23945.51,0,0,0,0,0,0
FOCMID.BSE_IDX,01/07/2025,11:20:11,23942.83,0,0,0,0,0,0
FOCMID.BSE_IDX,01/07/2025,11:20:19,23940.57,0,0,0,0,0,0
FOCMID.BSE_IDX,01/07/2025,11:20:27,23941.94,0,0,0,0,0,0
FOCMID.BSE_IDX,01/07/2025,11:20:35,23946.69,0,0,0,0,0,0
FOCMID.BSE_IDX,01/07/2025,11:20:43,23944.03,0,0,0,0,0,0
FOCMID.BSE_IDX,01/07/2025,11:20:51,23941.2,0,0,0,0,0,0
FOCMID.BSE_IDX,01/07/2025,11:20:59,23941.32,0,0,0,0,0,0
FOCMID.BSE_IDX,01/07/2025,11:21:07,23944.01,0,0,0,0,0,0
FOCMID.BSE_IDX,01/07/2025,11:21:15,23945.26,0,0,0,0,0,0
FOCMID.BSE_IDX,01/07/2025,11:21:24,23948.19,0,0,0,0,0,0
FOCMID.BSE_IDX,01/07/2025,11:21:31,23948.92,0,0,0,0,0,0
FOCMID.BSE_IDX,01/07/2025,11:21:39,23950.31,0,0,0,0,0,0
FOCMID.BSE_IDX,01/07/2025,11:21:47,23950.35,0,0,0,0,0,0
FOCMID.BSE_IDX,01/07/2025,11:21:56,23949.66,0,0,0,0,0,0
FOCMID.BSE_IDX,01/07/2025,11:22:03,23951.6,0,0,0,0,0,0
FOCMID.BSE_IDX,01/07/2025,11:22:11,23950.31,0,0,0,0,0,0
FOCMID.BSE_IDX,01/07/2025,11:22:19,23951.23,0,0,0,0,0,0
FOCMID.BSE_IDX,01/07/2025,11:22:28,23951.23,0,0,0,0,0,0
FOCMID.BSE_IDX,01/07/2025,11:22:35,23948.81,0,0,0,0,0,0
FOCMID.BSE_IDX,01/07/2025,11:22:43,23946.76,0,0,0,0,0,0
FOCMID.BSE_IDX,01/07/2025,11:22:51,23944.04,0,0,0,0,0,0
FOCMID.BSE_IDX,01/07/2025,11:22:59,23944.93,0,0,0,0,0,0
FOCMID.BSE_IDX,01/07/2025,11:23:07,23944.68,0,0,0,0,0,0
FOCMID.BSE_IDX,01/07/2025,11:23:15,23944.76,0,0,0,0,0,0
FOCMID.BSE_IDX,01/07/2025,11:23:23,23944.09,0,0,0,0,0,0
FOCMID.BSE_IDX,01/07/2025,11:23:31,23942.59,0,0,0,0,0,0
FOCMID.BSE_IDX,01/07/2025,11:23:39,23943.88,0,0,0,0,0,0
FOCMID.BSE_IDX,01/07/2025,11:23:47,23941.28,0,0,0,0,0,0
FOCMID.BSE_IDX,01/07/2025,11:23:55,23943.69,0,0,0,0,0,0
FOCMID.BSE_IDX,01/07/2025,11:24:04,23946.86,0,0,0,0,0,0
FOCMID.BSE_IDX,01/07/2025,11:24:11,23948.16,0,0,0,0,0,0
FOCMID.BSE_IDX,01/07/2025,11:24:19,23948.14,0,0,0,0,0,0
FOCMID.BSE_IDX,01/07/2025,11:24:27,23950.82,0,0,0,0,0,0
FOCMID.BSE_IDX,01/07/2025,11:24:35,23949.27,0,0,0,0,0,0
FOCMID.BSE_IDX,01/07/2025,11:24:43,23948.19,0,0,0,0,0,0
FOCMID.BSE_IDX,01/07/2025,11:24:52,23947.15,0,0,0,0,0,0
FOCMID.BSE_IDX,01/07/2025,11:25:00,23946.89,0,0,0,0,0,0
FOCMID.BSE_IDX,01/07/2025,11:25:07,23946.56,0,0,0,0,0,0
FOCMID.BSE_IDX,01/07/2025,11:25:15,23948.97,0,0,0,0,0,0
FOCMID.BSE_IDX,01/07/2025,11:25:23,23947.8,0,0,0,0,0,0
FOCMID.BSE_IDX,01/07/2025,11:25:31,23944.9,0,0,0,0,0,0
FOCMID.BSE_IDX,01/07/2025,11:25:41,23946.64,0,0,0,0,0,0
FOCMID.BSE_IDX,01/07/2025,11:25:47,23948.26,0,0,0,0,0,0
FOCMID.BSE_IDX,01/07/2025,11:25:55,23947.93,0,0,0,0,0,0
FOCMID.BSE_IDX,01/07/2025,11:26:03,23948.13,0,0,0,0,0,0
FOCMID.BSE_IDX,01/07/2025,11:26:11,23949.03,0,0,0,0,0,0
FOCMID.BSE_IDX,01/07/2025,11:26:19,23950.63,0,0,0,0,0,0
FOCMID.BSE_IDX,01/07/2025,11:26:27,23951.09,0,0,0,0,0,0
FOCMID.BSE_IDX,01/07/2025,11:26:35,23952.33,0,0,0,0,0,0
FOCMID.BSE_IDX,01/07/2025,11:26:43,23950.99,0,0,0,0,0,0
FOCMID.BSE_IDX,01/07/2025,11:26:51,23950.8,0,0,0,0,0,0
FOCMID.BSE_IDX,01/07/2025,11:26:59,23953.83,0,0,0,0,0,0
FOCMID.BSE_IDX,01/07/2025,11:27:07,23952.02,0,0,0,0,0,0
FOCMID.BSE_IDX,01/07/2025,11:27:15,23950.33,0,0,0,0,0,0
FOCMID.BSE_IDX,01/07/2025,11:27:23,23951.18,0,0,0,0,0,0
FOCMID.BSE_IDX,01/07/2025,11:27:31,23951.55,0,0,0,0,0,0
FOCMID.BSE_IDX,01/07/2025,11:27:39,23951.21,0,0,0,0,0,0
FOCMID.BSE_IDX,01/07/2025,11:27:47,23951.1,0,0,0,0,0,0
FOCMID.BSE_IDX,01/07/2025,11:27:55,23951.96,0,0,0,0,0,0
FOCMID.BSE_IDX,01/07/2025,11:28:03,23952.31,0,0,0,0,0,0
FOCMID.BSE_IDX,01/07/2025,11:28:11,23953.35,0,0,0,0,0,0
FOCMID.BSE_IDX,01/07/2025,11:28:19,23952.98,0,0,0,0,0,0
FOCMID.BSE_IDX,01/07/2025,11:28:27,23951.11,0,0,0,0,0,0
FOCMID.BSE_IDX,01/07/2025,11:28:36,23954.88,0,0,0,0,0,0
FOCMID.BSE_IDX,01/07/2025,11:28:43,23953.73,0,0,0,0,0,0
FOCMID.BSE_IDX,01/07/2025,11:28:51,23954.61,0,0,0,0,0,0
FOCMID.BSE_IDX,01/07/2025,11:28:59,23955.03,0,0,0,0,0,0
FOCMID.BSE_IDX,01/07/2025,11:29:07,23952.06,0,0,0,0,0,0
FOCMID.BSE_IDX,01/07/2025,11:29:16,23951.76,0,0,0,0,0,0
FOCMID.BSE_IDX,01/07/2025,11:29:24,23952.48,0,0,0,0,0,0
FOCMID.BSE_IDX,01/07/2025,11:29:31,23951.18,0,0,0,0,0,0
FOCMID.BSE_IDX,01/07/2025,11:29:39,23952.78,0,0,0,0,0,0
FOCMID.BSE_IDX,01/07/2025,11:29:47,23952.3,0,0,0,0,0,0
FOCMID.BSE_IDX,01/07/2025,11:29:55,23955,0,0,0,0,0,0
FOCMID.BSE_IDX,01/07/2025,11:30:03,23955.97,0,0,0,0,0,0
FOCMID.BSE_IDX,01/07/2025,11:30:11,23956.2,0,0,0,0,0,0
FOCMID.BSE_IDX,01/07/2025,11:30:19,23957.13,0,0,0,0,0,0
FOCMID.BSE_IDX,01/07/2025,11:30:27,23955.63,0,0,0,0,0,0
FOCMID.BSE_IDX,01/07/2025,11:30:35,23957.28,0,0,0,0,0,0
FOCMID.BSE_IDX,01/07/2025,11:30:43,23957.57,0,0,0,0,0,0
FOCMID.BSE_IDX,01/07/2025,11:30:52,23953.76,0,0,0,0,0,0
FOCMID.BSE_IDX,01/07/2025,11:30:59,23953.75,0,0,0,0,0,0
FOCMID.BSE_IDX,01/07/2025,11:31:07,23956.26,0,0,0,0,0,0
FOCMID.BSE_IDX,01/07/2025,11:31:16,23956.07,0,0,0,0,0,0
FOCMID.BSE_IDX,01/07/2025,11:31:23,23954.9,0,0,0,0,0,0
FOCMID.BSE_IDX,01/07/2025,11:31:31,23954.61,0,0,0,0,0,0
FOCMID.BSE_IDX,01/07/2025,11:31:39,23955.31,0,0,0,0,0,0
FOCMID.BSE_IDX,01/07/2025,11:31:47,23955.89,0,0,0,0,0,0
FOCMID.BSE_IDX,01/07/2025,11:31:55,23958.67,0,0,0,0,0,0
FOCMID.BSE_IDX,01/07/2025,11:32:04,23955.52,0,0,0,0,0,0
FOCMID.BSE_IDX,01/07/2025,11:32:11,23954.53,0,0,0,0,0,0
FOCMID.BSE_IDX,01/07/2025,11:32:19,23954.82,0,0,0,0,0,0
FOCMID.BSE_IDX,01/07/2025,11:32:27,23953.42,0,0,0,0,0,0
FOCMID.BSE_IDX,01/07/2025,11:32:35,23951.75,0,0,0,0,0,0
FOCMID.BSE_IDX,01/07/2025,11:32:43,23952.91,0,0,0,0,0,0
FOCMID.BSE_IDX,01/07/2025,11:32:51,23954.5,0,0,0,0,0,0
FOCMID.BSE_IDX,01/07/2025,11:32:59,23951.24,0,0,0,0,0,0
FOCMID.BSE_IDX,01/07/2025,11:33:07,23949.14,0,0,0,0,0,0
FOCMID.BSE_IDX,01/07/2025,11:33:15,23948.35,0,0,0,0,0,0
FOCMID.BSE_IDX,01/07/2025,11:33:23,23948.54,0,0,0,0,0,0
FOCMID.BSE_IDX,01/07/2025,11:33:31,23948.95,0,0,0,0,0,0
FOCMID.BSE_IDX,01/07/2025,11:33:39,23948.1,0,0,0,0,0,0
FOCMID.BSE_IDX,01/07/2025,11:33:47,23948.4,0,0,0,0,0,0
FOCMID.BSE_IDX,01/07/2025,11:33:55,23949.44,0,0,0,0,0,0
FOCMID.BSE_IDX,01/07/2025,11:34:03,23948.49,0,0,0,0,0,0
FOCMID.BSE_IDX,01/07/2025,11:34:12,23947.95,0,0,0,0,0,0
FOCMID.BSE_IDX,01/07/2025,11:34:19,23947.48,0,0,0,0,0,0
FOCMID.BSE_IDX,01/07/2025,11:34:27,23946.41,0,0,0,0,0,0
FOCMID.BSE_IDX,01/07/2025,11:34:35,23945.27,0,0,0,0,0,0
FOCMID.BSE_IDX,01/07/2025,11:34:43,23944.97,0,0,0,0,0,0
FOCMID.BSE_IDX,01/07/2025,11:34:52,23944.87,0,0,0,0,0,0
FOCMID.BSE_IDX,01/07/2025,11:35:00,23945.24,0,0,0,0,0,0
FOCMID.BSE_IDX,01/07/2025,11:35:07,23944.99,0,0,0,0,0,0
FOCMID.BSE_IDX,01/07/2025,11:35:16,23944.13,0,0,0,0,0,0
FOCMID.BSE_IDX,01/07/2025,11:35:23,23943.88,0,0,0,0,0,0
FOCMID.BSE_IDX,01/07/2025,11:35:32,23941.07,0,0,0,0,0,0
FOCMID.BSE_IDX,01/07/2025,11:35:40,23943.57,0,0,0,0,0,0
FOCMID.BSE_IDX,01/07/2025,11:35:47,23945.5,0,0,0,0,0,0
FOCMID.BSE_IDX,01/07/2025,11:35:55,23945.94,0,0,0,0,0,0
FOCMID.BSE_IDX,01/07/2025,11:36:04,23944.3,0,0,0,0,0,0
FOCMID.BSE_IDX,01/07/2025,11:36:11,23947.33,0,0,0,0,0,0
FOCMID.BSE_IDX,01/07/2025,11:36:20,23944.9,0,0,0,0,0,0
FOCMID.BSE_IDX,01/07/2025,11:36:28,23944.52,0,0,0,0,0,0
FOCMID.BSE_IDX,01/07/2025,11:36:35,23944.03,0,0,0,0,0,0
FOCMID.BSE_IDX,01/07/2025,11:36:44,23946.81,0,0,0,0,0,0
FOCMID.BSE_IDX,01/07/2025,11:36:54,23946.83,0,0,0,0,0,0
FOCMID.BSE_IDX,01/07/2025,11:36:59,23945.39,0,0,0,0,0,0
FOCMID.BSE_IDX,01/07/2025,11:37:08,23945.85,0,0,0,0,0,0
FOCMID.BSE_IDX,01/07/2025,11:37:15,23946.04,0,0,0,0,0,0
FOCMID.BSE_IDX,01/07/2025,11:37:23,23945.35,0,0,0,0,0,0
FOCMID.BSE_IDX,01/07/2025,11:37:32,23944.94,0,0,0,0,0,0
FOCMID.BSE_IDX,01/07/2025,11:37:41,23944.62,0,0,0,0,0,0
FOCMID.BSE_IDX,01/07/2025,11:37:47,23945.84,0,0,0,0,0,0
FOCMID.BSE_IDX,01/07/2025,11:37:55,23945.72,0,0,0,0,0,0
FOCMID.BSE_IDX,01/07/2025,11:38:03,23947.42,0,0,0,0,0,0
FOCMID.BSE_IDX,01/07/2025,11:38:11,23947.5,0,0,0,0,0,0
FOCMID.BSE_IDX,01/07/2025,11:38:20,23946.58,0,0,0,0,0,0
FOCMID.BSE_IDX,01/07/2025,11:38:27,23945.59,0,0,0,0,0,0
FOCMID.BSE_IDX,01/07/2025,11:38:35,23947.09,0,0,0,0,0,0
FOCMID.BSE_IDX,01/07/2025,11:38:43,23946.71,0,0,0,0,0,0
FOCMID.BSE_IDX,01/07/2025,11:38:51,23945.96,0,0,0,0,0,0
FOCMID.BSE_IDX,01/07/2025,11:38:59,23947.02,0,0,0,0,0,0
FOCMID.BSE_IDX,01/07/2025,11:39:07,23947.18,0,0,0,0,0,0
FOCMID.BSE_IDX,01/07/2025,11:39:16,23949.06,0,0,0,0,0,0
FOCMID.BSE_IDX,01/07/2025,11:39:24,23951.69,0,0,0,0,0,0
FOCMID.BSE_IDX,01/07/2025,11:39:31,23951.54,0,0,0,0,0,0
FOCMID.BSE_IDX,01/07/2025,11:39:39,23950.9,0,0,0,0,0,0
FOCMID.BSE_IDX,01/07/2025,11:39:48,23952.84,0,0,0,0,0,0
FOCMID.BSE_IDX,01/07/2025,11:39:55,23953.3,0,0,0,0,0,0
FOCMID.BSE_IDX,01/07/2025,11:40:03,23953.58,0,0,0,0,0,0
FOCMID.BSE_IDX,01/07/2025,11:40:12,23955.74,0,0,0,0,0,0
FOCMID.BSE_IDX,01/07/2025,11:40:20,23957.77,0,0,0,0,0,0
FOCMID.BSE_IDX,01/07/2025,11:40:28,23959.25,0,0,0,0,0,0
FOCMID.BSE_IDX,01/07/2025,11:40:36,23957.8,0,0,0,0,0,0
FOCMID.BSE_IDX,01/07/2025,11:40:44,23959.49,0,0,0,0,0,0
FOCMID.BSE_IDX,01/07/2025,11:40:52,23958.22,0,0,0,0,0,0
FOCMID.BSE_IDX,01/07/2025,11:41:00,23953.27,0,0,0,0,0,0
FOCMID.BSE_IDX,01/07/2025,11:41:07,23951.54,0,0,0,0,0,0
FOCMID.BSE_IDX,01/07/2025,11:41:16,23950.95,0,0,0,0,0,0
FOCMID.BSE_IDX,01/07/2025,11:41:24,23951.07,0,0,0,0,0,0
FOCMID.BSE_IDX,01/07/2025,11:41:32,23950.97,0,0,0,0,0,0
FOCMID.BSE_IDX,01/07/2025,11:41:40,23951.33,0,0,0,0,0,0
FOCMID.BSE_IDX,01/07/2025,11:41:48,23951.82,0,0,0,0,0,0
FOCMID.BSE_IDX,01/07/2025,11:41:56,23951.74,0,0,0,0,0,0
FOCMID.BSE_IDX,01/07/2025,11:42:04,23951.21,0,0,0,0,0,0
FOCMID.BSE_IDX,01/07/2025,11:42:12,23951.95,0,0,0,0,0,0
FOCMID.BSE_IDX,01/07/2025,11:42:20,23953.39,0,0,0,0,0,0
FOCMID.BSE_IDX,01/07/2025,11:42:28,23955.69,0,0,0,0,0,0
FOCMID.BSE_IDX,01/07/2025,11:42:36,23956.58,0,0,0,0,0,0
FOCMID.BSE_IDX,01/07/2025,11:42:44,23954.5,0,0,0,0,0,0
FOCMID.BSE_IDX,01/07/2025,11:42:52,23955.31,0,0,0,0,0,0
FOCMID.BSE_IDX,01/07/2025,11:43:00,23954.81,0,0,0,0,0,0
FOCMID.BSE_IDX,01/07/2025,11:43:08,23954.97,0,0,0,0,0,0
FOCMID.BSE_IDX,01/07/2025,11:43:16,23955.52,0,0,0,0,0,0
FOCMID.BSE_IDX,01/07/2025,11:43:24,23955.44,0,0,0,0,0,0
FOCMID.BSE_IDX,01/07/2025,11:43:32,23954.08,0,0,0,0,0,0
FOCMID.BSE_IDX,01/07/2025,11:43:40,23952.85,0,0,0,0,0,0
FOCMID.BSE_IDX,01/07/2025,11:43:48,23952.11,0,0,0,0,0,0
FOCMID.BSE_IDX,01/07/2025,11:43:56,23951.18,0,0,0,0,0,0
FOCMID.BSE_IDX,01/07/2025,11:44:04,23951.05,0,0,0,0,0,0
FOCMID.BSE_IDX,01/07/2025,11:44:12,23952.01,0,0,0,0,0,0
FOCMID.BSE_IDX,01/07/2025,11:44:20,23954.05,0,0,0,0,0,0
FOCMID.BSE_IDX,01/07/2025,11:44:28,23952.43,0,0,0,0,0,0
FOCMID.BSE_IDX,01/07/2025,11:44:36,23953.09,0,0,0,0,0,0
FOCMID.BSE_IDX,01/07/2025,11:44:44,23952.62,0,0,0,0,0,0
FOCMID.BSE_IDX,01/07/2025,11:44:52,23949.4,0,0,0,0,0,0
FOCMID.BSE_IDX,01/07/2025,11:45:00,23948.98,0,0,0,0,0,0
FOCMID.BSE_IDX,01/07/2025,11:45:08,23948.18,0,0,0,0,0,0
FOCMID.BSE_IDX,01/07/2025,11:45:16,23950.37,0,0,0,0,0,0
FOCMID.BSE_IDX,01/07/2025,11:45:24,23950.06,0,0,0,0,0,0
FOCMID.BSE_IDX,01/07/2025,11:45:32,23950.5,0,0,0,0,0,0
FOCMID.BSE_IDX,01/07/2025,11:45:40,23949.02,0,0,0,0,0,0
FOCMID.BSE_IDX,01/07/2025,11:45:48,23950.04,0,0,0,0,0,0
FOCMID.BSE_IDX,01/07/2025,11:45:56,23953.85,0,0,0,0,0,0
FOCMID.BSE_IDX,01/07/2025,11:46:04,23950.89,0,0,0,0,0,0
FOCMID.BSE_IDX,01/07/2025,11:46:12,23950.46,0,0,0,0,0,0
FOCMID.BSE_IDX,01/07/2025,11:46:20,23948.28,0,0,0,0,0,0
FOCMID.BSE_IDX,01/07/2025,11:46:28,23948.09,0,0,0,0,0,0
FOCMID.BSE_IDX,01/07/2025,11:46:36,23949.85,0,0,0,0,0,0
FOCMID.BSE_IDX,01/07/2025,11:46:44,23950.49,0,0,0,0,0,0
FOCMID.BSE_IDX,01/07/2025,11:46:52,23949.56,0,0,0,0,0,0
FOCMID.BSE_IDX,01/07/2025,11:47:00,23951.2,0,0,0,0,0,0
FOCMID.BSE_IDX,01/07/2025,11:47:08,23949.53,0,0,0,0,0,0
FOCMID.BSE_IDX,01/07/2025,11:47:16,23949.36,0,0,0,0,0,0
FOCMID.BSE_IDX,01/07/2025,11:47:24,23951.35,0,0,0,0,0,0
FOCMID.BSE_IDX,01/07/2025,11:47:32,23952.47,0,0,0,0,0,0
FOCMID.BSE_IDX,01/07/2025,11:47:40,23951.58,0,0,0,0,0,0
FOCMID.BSE_IDX,01/07/2025,11:47:48,23950.46,0,0,0,0,0,0
FOCMID.BSE_IDX,01/07/2025,11:47:56,23950.36,0,0,0,0,0,0
FOCMID.BSE_IDX,01/07/2025,11:48:04,23948.68,0,0,0,0,0,0
FOCMID.BSE_IDX,01/07/2025,11:48:12,23951.17,0,0,0,0,0,0
FOCMID.BSE_IDX,01/07/2025,11:48:20,23951.65,0,0,0,0,0,0
FOCMID.BSE_IDX,01/07/2025,11:48:28,23951.18,0,0,0,0,0,0
FOCMID.BSE_IDX,01/07/2025,11:48:36,23950.56,0,0,0,0,0,0
FOCMID.BSE_IDX,01/07/2025,11:48:44,23950.07,0,0,0,0,0,0
FOCMID.BSE_IDX,01/07/2025,11:48:52,23950.45,0,0,0,0,0,0
FOCMID.BSE_IDX,01/07/2025,11:49:01,23950.72,0,0,0,0,0,0
FOCMID.BSE_IDX,01/07/2025,11:49:09,23951.78,0,0,0,0,0,0
FOCMID.BSE_IDX,01/07/2025,11:49:16,23952.46,0,0,0,0,0,0
FOCMID.BSE_IDX,01/07/2025,11:49:24,23953.98,0,0,0,0,0,0
FOCMID.BSE_IDX,01/07/2025,11:49:32,23953.63,0,0,0,0,0,0
FOCMID.BSE_IDX,01/07/2025,11:49:40,23954,0,0,0,0,0,0
FOCMID.BSE_IDX,01/07/2025,11:49:49,23952.56,0,0,0,0,0,0
FOCMID.BSE_IDX,01/07/2025,11:49:56,23954.59,0,0,0,0,0,0
FOCMID.BSE_IDX,01/07/2025,11:50:04,23950.96,0,0,0,0,0,0
FOCMID.BSE_IDX,01/07/2025,11:50:12,23951.19,0,0,0,0,0,0
FOCMID.BSE_IDX,01/07/2025,11:50:20,23951.32,0,0,0,0,0,0
FOCMID.BSE_IDX,01/07/2025,11:50:28,23949.97,0,0,0,0,0,0
FOCMID.BSE_IDX,01/07/2025,11:50:36,23951.72,0,0,0,0,0,0
FOCMID.BSE_IDX,01/07/2025,11:50:44,23952.07,0,0,0,0,0,0
FOCMID.BSE_IDX,01/07/2025,11:50:52,23952.71,0,0,0,0,0,0
FOCMID.BSE_IDX,01/07/2025,11:51:00,23951.52,0,0,0,0,0,0
FOCMID.BSE_IDX,01/07/2025,11:51:08,23952.9,0,0,0,0,0,0
FOCMID.BSE_IDX,01/07/2025,11:51:16,23950.23,0,0,0,0,0,0
FOCMID.BSE_IDX,01/07/2025,11:51:24,23945.98,0,0,0,0,0,0
FOCMID.BSE_IDX,01/07/2025,11:51:32,23943.88,0,0,0,0,0,0
FOCMID.BSE_IDX,01/07/2025,11:51:40,23943.26,0,0,0,0,0,0
FOCMID.BSE_IDX,01/07/2025,11:51:48,23942.02,0,0,0,0,0,0
FOCMID.BSE_IDX,01/07/2025,11:51:56,23941.66,0,0,0,0,0,0
FOCMID.BSE_IDX,01/07/2025,11:52:04,23944.32,0,0,0,0,0,0
FOCMID.BSE_IDX,01/07/2025,11:52:12,23944.92,0,0,0,0,0,0
FOCMID.BSE_IDX,01/07/2025,11:52:20,23945.53,0,0,0,0,0,0
FOCMID.BSE_IDX,01/07/2025,11:52:28,23947.16,0,0,0,0,0,0
FOCMID.BSE_IDX,01/07/2025,11:52:36,23948.44,0,0,0,0,0,0
FOCMID.BSE_IDX,01/07/2025,11:52:44,23944.09,0,0,0,0,0,0
FOCMID.BSE_IDX,01/07/2025,11:52:52,23943.14,0,0,0,0,0,0
FOCMID.BSE_IDX,01/07/2025,11:53:00,23940.26,0,0,0,0,0,0
FOCMID.BSE_IDX,01/07/2025,11:53:08,23935.7,0,0,0,0,0,0
FOCMID.BSE_IDX,01/07/2025,11:53:16,23937.45,0,0,0,0,0,0
FOCMID.BSE_IDX,01/07/2025,11:53:24,23936.66,0,0,0,0,0,0
FOCMID.BSE_IDX,01/07/2025,11:53:32,23934.02,0,0,0,0,0,0
FOCMID.BSE_IDX,01/07/2025,11:53:40,23933.51,0,0,0,0,0,0
FOCMID.BSE_IDX,01/07/2025,11:53:48,23932.62,0,0,0,0,0,0
FOCMID.BSE_IDX,01/07/2025,11:53:56,23933.24,0,0,0,0,0,0
FOCMID.BSE_IDX,01/07/2025,11:54:04,23929.31,0,0,0,0,0,0
FOCMID.BSE_IDX,01/07/2025,11:54:12,23925.55,0,0,0,0,0,0
FOCMID.BSE_IDX,01/07/2025,11:54:20,23926.66,0,0,0,0,0,0
FOCMID.BSE_IDX,01/07/2025,11:54:28,23925.76,0,0,0,0,0,0
FOCMID.BSE_IDX,01/07/2025,11:54:36,23925.61,0,0,0,0,0,0
FOCMID.BSE_IDX,01/07/2025,11:54:44,23923.83,0,0,0,0,0,0
FOCMID.BSE_IDX,01/07/2025,11:54:52,23920.11,0,0,0,0,0,0
FOCMID.BSE_IDX,01/07/2025,11:55:00,23920.76,0,0,0,0,0,0
FOCMID.BSE_IDX,01/07/2025,11:55:08,23920.62,0,0,0,0,0,0
FOCMID.BSE_IDX,01/07/2025,11:55:17,23917.11,0,0,0,0,0,0
FOCMID.BSE_IDX,01/07/2025,11:55:24,23918.84,0,0,0,0,0,0
FOCMID.BSE_IDX,01/07/2025,11:55:32,23918.85,0,0,0,0,0,0
FOCMID.BSE_IDX,01/07/2025,11:55:40,23922.85,0,0,0,0,0,0
FOCMID.BSE_IDX,01/07/2025,11:55:48,23923.66,0,0,0,0,0,0
FOCMID.BSE_IDX,01/07/2025,11:55:56,23921.11,0,0,0,0,0,0
FOCMID.BSE_IDX,01/07/2025,11:56:05,23919.73,0,0,0,0,0,0
FOCMID.BSE_IDX,01/07/2025,11:56:12,23913.57,0,0,0,0,0,0
FOCMID.BSE_IDX,01/07/2025,11:56:20,23907.26,0,0,0,0,0,0
FOCMID.BSE_IDX,01/07/2025,11:56:28,23906.1,0,0,0,0,0,0
FOCMID.BSE_IDX,01/07/2025,11:56:36,23908.43,0,0,0,0,0,0
FOCMID.BSE_IDX,01/07/2025,11:56:44,23906.95,0,0,0,0,0,0
FOCMID.BSE_IDX,01/07/2025,11:56:52,23908.52,0,0,0,0,0,0
FOCMID.BSE_IDX,01/07/2025,11:57:00,23907.9,0,0,0,0,0,0
FOCMID.BSE_IDX,01/07/2025,11:57:08,23906.7,0,0,0,0,0,0
FOCMID.BSE_IDX,01/07/2025,11:57:16,23909.43,0,0,0,0,0,0
FOCMID.BSE_IDX,01/07/2025,11:57:24,23910.9,0,0,0,0,0,0
FOCMID.BSE_IDX,01/07/2025,11:57:32,23910.39,0,0,0,0,0,0
FOCMID.BSE_IDX,01/07/2025,11:57:40,23910.24,0,0,0,0,0,0
FOCMID.BSE_IDX,01/07/2025,11:57:48,23908.57,0,0,0,0,0,0
FOCMID.BSE_IDX,01/07/2025,11:57:56,23906.95,0,0,0,0,0,0
FOCMID.BSE_IDX,01/07/2025,11:58:04,23906.76,0,0,0,0,0,0
FOCMID.BSE_IDX,01/07/2025,11:58:12,23904.38,0,0,0,0,0,0
FOCMID.BSE_IDX,01/07/2025,11:58:20,23903.85,0,0,0,0,0,0
FOCMID.BSE_IDX,01/07/2025,11:58:28,23906.2,0,0,0,0,0,0
FOCMID.BSE_IDX,01/07/2025,11:58:36,23907.39,0,0,0,0,0,0
FOCMID.BSE_IDX,01/07/2025,11:58:44,23906.06,0,0,0,0,0,0
FOCMID.BSE_IDX,01/07/2025,11:58:52,23907.7,0,0,0,0,0,0
FOCMID.BSE_IDX,01/07/2025,11:59:00,23908.36,0,0,0,0,0,0
FOCMID.BSE_IDX,01/07/2025,11:59:08,23907.09,0,0,0,0,0,0
FOCMID.BSE_IDX,01/07/2025,11:59:16,23909.32,0,0,0,0,0,0
FOCMID.BSE_IDX,01/07/2025,11:59:24,23909.95,0,0,0,0,0,0
FOCMID.BSE_IDX,01/07/2025,11:59:32,23913.38,0,0,0,0,0,0
FOCMID.BSE_IDX,01/07/2025,11:59:40,23913.8,0,0,0,0,0,0
FOCMID.BSE_IDX,01/07/2025,11:59:48,23914.85,0,0,0,0,0,0
FOCMID.BSE_IDX,01/07/2025,11:59:56,23914.66,0,0,0,0,0,0
FOCMID.BSE_IDX,01/07/2025,12:00:05,23917.04,0,0,0,0,0,0
FOCMID.BSE_IDX,01/07/2025,12:00:12,23918.85,0,0,0,0,0,0
FOCMID.BSE_IDX,01/07/2025,12:00:20,23919.73,0,0,0,0,0,0
FOCMID.BSE_IDX,01/07/2025,12:00:28,23918.88,0,0,0,0,0,0
FOCMID.BSE_IDX,01/07/2025,12:00:37,23915.97,0,0,0,0,0,0
FOCMID.BSE_IDX,01/07/2025,12:00:44,23913.68,0,0,0,0,0,0
FOCMID.BSE_IDX,01/07/2025,12:00:52,23913.44,0,0,0,0,0,0
FOCMID.BSE_IDX,01/07/2025,12:01:00,23912.1,0,0,0,0,0,0
FOCMID.BSE_IDX,01/07/2025,12:01:08,23906.84,0,0,0,0,0,0
FOCMID.BSE_IDX,01/07/2025,12:01:16,23908.35,0,0,0,0,0,0
FOCMID.BSE_IDX,01/07/2025,12:01:24,23912,0,0,0,0,0,0
FOCMID.BSE_IDX,01/07/2025,12:01:32,23913.8,0,0,0,0,0,0
FOCMID.BSE_IDX,01/07/2025,12:01:40,23915.58,0,0,0,0,0,0
FOCMID.BSE_IDX,01/07/2025,12:01:48,23914.55,0,0,0,0,0,0
FOCMID.BSE_IDX,01/07/2025,12:01:57,23916.01,0,0,0,0,0,0
FOCMID.BSE_IDX,01/07/2025,12:02:04,23917.15,0,0,0,0,0,0
FOCMID.BSE_IDX,01/07/2025,12:02:12,23916.22,0,0,0,0,0,0
FOCMID.BSE_IDX,01/07/2025,12:02:20,23915.25,0,0,0,0,0,0
FOCMID.BSE_IDX,01/07/2025,12:02:28,23915.83,0,0,0,0,0,0
FOCMID.BSE_IDX,01/07/2025,12:02:36,23915.76,0,0,0,0,0,0
FOCMID.BSE_IDX,01/07/2025,12:02:44,23914.79,0,0,0,0,0,0
FOCMID.BSE_IDX,01/07/2025,12:02:52,23914.55,0,0,0,0,0,0
FOCMID.BSE_IDX,01/07/2025,12:03:00,23915.03,0,0,0,0,0,0
FOCMID.BSE_IDX,01/07/2025,12:03:08,23914.79,0,0,0,0,0,0
FOCMID.BSE_IDX,01/07/2025,12:03:17,23912.79,0,0,0,0,0,0
FOCMID.BSE_IDX,01/07/2025,12:03:24,23909.17,0,0,0,0,0,0
FOCMID.BSE_IDX,01/07/2025,12:03:32,23909.06,0,0,0,0,0,0
FOCMID.BSE_IDX,01/07/2025,12:03:40,23908.84,0,0,0,0,0,0
FOCMID.BSE_IDX,01/07/2025,12:03:48,23910.27,0,0,0,0,0,0
FOCMID.BSE_IDX,01/07/2025,12:03:56,23911.09,0,0,0,0,0,0
FOCMID.BSE_IDX,01/07/2025,12:04:04,23911.81,0,0,0,0,0,0
FOCMID.BSE_IDX,01/07/2025,12:04:12,23911.25,0,0,0,0,0,0
FOCMID.BSE_IDX,01/07/2025,12:04:20,23909.53,0,0,0,0,0,0
FOCMID.BSE_IDX,01/07/2025,12:04:28,23911.31,0,0,0,0,0,0
FOCMID.BSE_IDX,01/07/2025,12:04:36,23910.35,0,0,0,0,0,0
FOCMID.BSE_IDX,01/07/2025,12:04:44,23910.26,0,0,0,0,0,0
FOCMID.BSE_IDX,01/07/2025,12:04:52,23906.17,0,0,0,0,0,0
FOCMID.BSE_IDX,01/07/2025,12:05:01,23907.98,0,0,0,0,0,0
FOCMID.BSE_IDX,01/07/2025,12:05:08,23907.81,0,0,0,0,0,0
FOCMID.BSE_IDX,01/07/2025,12:05:16,23911.05,0,0,0,0,0,0
FOCMID.BSE_IDX,01/07/2025,12:05:24,23911.45,0,0,0,0,0,0
FOCMID.BSE_IDX,01/07/2025,12:05:32,23911.42,0,0,0,0,0,0
FOCMID.BSE_IDX,01/07/2025,12:05:40,23909.12,0,0,0,0,0,0
FOCMID.BSE_IDX,01/07/2025,12:05:48,23909.07,0,0,0,0,0,0
FOCMID.BSE_IDX,01/07/2025,12:05:56,23908.54,0,0,0,0,0,0
FOCMID.BSE_IDX,01/07/2025,12:06:04,23909.25,0,0,0,0,0,0
FOCMID.BSE_IDX,01/07/2025,12:06:12,23911.94,0,0,0,0,0,0
FOCMID.BSE_IDX,01/07/2025,12:06:20,23912.34,0,0,0,0,0,0
FOCMID.BSE_IDX,01/07/2025,12:06:28,23912.62,0,0,0,0,0,0
FOCMID.BSE_IDX,01/07/2025,12:06:36,23908.08,0,0,0,0,0,0
FOCMID.BSE_IDX,01/07/2025,12:06:44,23909.25,0,0,0,0,0,0
FOCMID.BSE_IDX,01/07/2025,12:06:53,23902.57,0,0,0,0,0,0
FOCMID.BSE_IDX,01/07/2025,12:07:00,23902.59,0,0,0,0,0,0
FOCMID.BSE_IDX,01/07/2025,12:07:08,23901.65,0,0,0,0,0,0
FOCMID.BSE_IDX,01/07/2025,12:07:17,23899.19,0,0,0,0,0,0
FOCMID.BSE_IDX,01/07/2025,12:07:24,23898.02,0,0,0,0,0,0
FOCMID.BSE_IDX,01/07/2025,12:07:33,23902.04,0,0,0,0,0,0
FOCMID.BSE_IDX,01/07/2025,12:07:40,23905.09,0,0,0,0,0,0
FOCMID.BSE_IDX,01/07/2025,12:07:49,23901.81,0,0,0,0,0,0
FOCMID.BSE_IDX,01/07/2025,12:07:57,23902.51,0,0,0,0,0,0
FOCMID.BSE_IDX,01/07/2025,12:08:05,23904.68,0,0,0,0,0,0
FOCMID.BSE_IDX,01/07/2025,12:08:13,23899.7,0,0,0,0,0,0
FOCMID.BSE_IDX,01/07/2025,12:08:21,23898.57,0,0,0,0,0,0
FOCMID.BSE_IDX,01/07/2025,12:08:28,23897.23,0,0,0,0,0,0
FOCMID.BSE_IDX,01/07/2025,12:08:36,23898.55,0,0,0,0,0,0
FOCMID.BSE_IDX,01/07/2025,12:08:45,23898.22,0,0,0,0,0,0
FOCMID.BSE_IDX,01/07/2025,12:08:52,23898.56,0,0,0,0,0,0
FOCMID.BSE_IDX,01/07/2025,12:09:00,23897.38,0,0,0,0,0,0
FOCMID.BSE_IDX,01/07/2025,12:09:08,23899.97,0,0,0,0,0,0
FOCMID.BSE_IDX,01/07/2025,12:09:16,23900.94,0,0,0,0,0,0
FOCMID.BSE_IDX,01/07/2025,12:09:25,23898.01,0,0,0,0,0,0
FOCMID.BSE_IDX,01/07/2025,12:09:32,23898.92,0,0,0,0,0,0
FOCMID.BSE_IDX,01/07/2025,12:09:40,23896.59,0,0,0,0,0,0
FOCMID.BSE_IDX,01/07/2025,12:09:48,23896.29,0,0,0,0,0,0
FOCMID.BSE_IDX,01/07/2025,12:09:57,23898.42,0,0,0,0,0,0
FOCMID.BSE_IDX,01/07/2025,12:10:05,23898.43,0,0,0,0,0,0
FOCMID.BSE_IDX,01/07/2025,12:10:13,23898.1,0,0,0,0,0,0
FOCMID.BSE_IDX,01/07/2025,12:10:22,23900.66,0,0,0,0,0,0
FOCMID.BSE_IDX,01/07/2025,12:10:28,23901.09,0,0,0,0,0,0
FOCMID.BSE_IDX,01/07/2025,12:10:36,23902.42,0,0,0,0,0,0
FOCMID.BSE_IDX,01/07/2025,12:10:45,23901.4,0,0,0,0,0,0
FOCMID.BSE_IDX,01/07/2025,12:10:52,23900.78,0,0,0,0,0,0
FOCMID.BSE_IDX,01/07/2025,12:11:00,23902.79,0,0,0,0,0,0
FOCMID.BSE_IDX,01/07/2025,12:11:08,23901.53,0,0,0,0,0,0
FOCMID.BSE_IDX,01/07/2025,12:11:17,23900.65,0,0,0,0,0,0
FOCMID.BSE_IDX,01/07/2025,12:11:24,23897.22,0,0,0,0,0,0
FOCMID.BSE_IDX,01/07/2025,12:11:32,23897.42,0,0,0,0,0,0
FOCMID.BSE_IDX,01/07/2025,12:11:41,23898.92,0,0,0,0,0,0
FOCMID.BSE_IDX,01/07/2025,12:11:49,23900.83,0,0,0,0,0,0
FOCMID.BSE_IDX,01/07/2025,12:11:57,23901.94,0,0,0,0,0,0
FOCMID.BSE_IDX,01/07/2025,12:12:05,23901.97,0,0,0,0,0,0
FOCMID.BSE_IDX,01/07/2025,12:12:13,23900.23,0,0,0,0,0,0
FOCMID.BSE_IDX,01/07/2025,12:12:21,23905.5,0,0,0,0,0,0
FOCMID.BSE_IDX,01/07/2025,12:12:29,23905.71,0,0,0,0,0,0
FOCMID.BSE_IDX,01/07/2025,12:12:37,23910.73,0,0,0,0,0,0
FOCMID.BSE_IDX,01/07/2025,12:12:45,23911.78,0,0,0,0,0,0
FOCMID.BSE_IDX,01/07/2025,12:12:53,23910.71,0,0,0,0,0,0
FOCMID.BSE_IDX,01/07/2025,12:13:01,23912.21,0,0,0,0,0,0
FOCMID.BSE_IDX,01/07/2025,12:13:09,23911.48,0,0,0,0,0,0
FOCMID.BSE_IDX,01/07/2025,12:13:17,23911.57,0,0,0,0,0,0
FOCMID.BSE_IDX,01/07/2025,12:13:25,23912.5,0,0,0,0,0,0
FOCMID.BSE_IDX,01/07/2025,12:13:33,23913.27,0,0,0,0,0,0
FOCMID.BSE_IDX,01/07/2025,12:13:41,23916.75,0,0,0,0,0,0
FOCMID.BSE_IDX,01/07/2025,12:13:49,23917.65,0,0,0,0,0,0
FOCMID.BSE_IDX,01/07/2025,12:13:57,23917.65,0,0,0,0,0,0
FOCMID.BSE_IDX,01/07/2025,12:14:05,23919.1,0,0,0,0,0,0
FOCMID.BSE_IDX,01/07/2025,12:14:13,23918.35,0,0,0,0,0,0
FOCMID.BSE_IDX,01/07/2025,12:14:21,23919.5,0,0,0,0,0,0
FOCMID.BSE_IDX,01/07/2025,12:14:29,23919.38,0,0,0,0,0,0
FOCMID.BSE_IDX,01/07/2025,12:14:37,23917.43,0,0,0,0,0,0
FOCMID.BSE_IDX,01/07/2025,12:14:46,23917.67,0,0,0,0,0,0
FOCMID.BSE_IDX,01/07/2025,12:14:54,23917.03,0,0,0,0,0,0
FOCMID.BSE_IDX,01/07/2025,12:15:01,23917.96,0,0,0,0,0,0
FOCMID.BSE_IDX,01/07/2025,12:15:09,23918.54,0,0,0,0,0,0
FOCMID.BSE_IDX,01/07/2025,12:15:17,23919.8,0,0,0,0,0,0
FOCMID.BSE_IDX,01/07/2025,12:15:25,23920.03,0,0,0,0,0,0
FOCMID.BSE_IDX,01/07/2025,12:15:33,23918.45,0,0,0,0,0,0
FOCMID.BSE_IDX,01/07/2025,12:15:41,23918.61,0,0,0,0,0,0
FOCMID.BSE_IDX,01/07/2025,12:15:49,23918.45,0,0,0,0,0,0
FOCMID.BSE_IDX,01/07/2025,12:15:57,23919.59,0,0,0,0,0,0
FOCMID.BSE_IDX,01/07/2025,12:16:05,23919.76,0,0,0,0,0,0
FOCMID.BSE_IDX,01/07/2025,12:16:13,23918.75,0,0,0,0,0,0
FOCMID.BSE_IDX,01/07/2025,12:16:21,23920.03,0,0,0,0,0,0
FOCMID.BSE_IDX,01/07/2025,12:16:29,23919.15,0,0,0,0,0,0
FOCMID.BSE_IDX,01/07/2025,12:16:37,23918.72,0,0,0,0,0,0
FOCMID.BSE_IDX,01/07/2025,12:16:45,23917.6,0,0,0,0,0,0
FOCMID.BSE_IDX,01/07/2025,12:16:53,23917.38,0,0,0,0,0,0
FOCMID.BSE_IDX,01/07/2025,12:17:01,23918.68,0,0,0,0,0,0
FOCMID.BSE_IDX,01/07/2025,12:17:09,23919.15,0,0,0,0,0,0
FOCMID.BSE_IDX,01/07/2025,12:17:17,23917,0,0,0,0,0,0
FOCMID.BSE_IDX,01/07/2025,12:17:25,23916.42,0,0,0,0,0,0
FOCMID.BSE_IDX,01/07/2025,12:17:33,23916.56,0,0,0,0,0,0
FOCMID.BSE_IDX,01/07/2025,12:17:41,23916.26,0,0,0,0,0,0
FOCMID.BSE_IDX,01/07/2025,12:17:49,23916.12,0,0,0,0,0,0
FOCMID.BSE_IDX,01/07/2025,12:17:57,23918.64,0,0,0,0,0,0
FOCMID.BSE_IDX,01/07/2025,12:18:05,23920.41,0,0,0,0,0,0
FOCMID.BSE_IDX,01/07/2025,12:18:13,23918.92,0,0,0,0,0,0
FOCMID.BSE_IDX,01/07/2025,12:18:21,23920.73,0,0,0,0,0,0
FOCMID.BSE_IDX,01/07/2025,12:18:29,23918.32,0,0,0,0,0,0
FOCMID.BSE_IDX,01/07/2025,12:18:37,23918.2,0,0,0,0,0,0
FOCMID.BSE_IDX,01/07/2025,12:18:45,23919.24,0,0,0,0,0,0
FOCMID.BSE_IDX,01/07/2025,12:18:53,23919.55,0,0,0,0,0,0
FOCMID.BSE_IDX,01/07/2025,12:19:01,23920.19,0,0,0,0,0,0
FOCMID.BSE_IDX,01/07/2025,12:19:09,23919.73,0,0,0,0,0,0
FOCMID.BSE_IDX,01/07/2025,12:19:17,23917.79,0,0,0,0,0,0
FOCMID.BSE_IDX,01/07/2025,12:19:25,23919.11,0,0,0,0,0,0
FOCMID.BSE_IDX,01/07/2025,12:19:33,23919.58,0,0,0,0,0,0
FOCMID.BSE_IDX,01/07/2025,12:19:41,23924.43,0,0,0,0,0,0
FOCMID.BSE_IDX,01/07/2025,12:19:49,23925.86,0,0,0,0,0,0
FOCMID.BSE_IDX,01/07/2025,12:19:57,23926.19,0,0,0,0,0,0
FOCMID.BSE_IDX,01/07/2025,12:20:05,23926.71,0,0,0,0,0,0
FOCMID.BSE_IDX,01/07/2025,12:20:13,23926.44,0,0,0,0,0,0
FOCMID.BSE_IDX,01/07/2025,12:20:21,23931.59,0,0,0,0,0,0
FOCMID.BSE_IDX,01/07/2025,12:20:29,23935.48,0,0,0,0,0,0
FOCMID.BSE_IDX,01/07/2025,12:20:37,23936.12,0,0,0,0,0,0
FOCMID.BSE_IDX,01/07/2025,12:20:45,23937.2,0,0,0,0,0,0
FOCMID.BSE_IDX,01/07/2025,12:20:53,23936.16,0,0,0,0,0,0
FOCMID.BSE_IDX,01/07/2025,12:21:01,23937.27,0,0,0,0,0,0
FOCMID.BSE_IDX,01/07/2025,12:21:09,23936.53,0,0,0,0,0,0
FOCMID.BSE_IDX,01/07/2025,12:21:17,23934.84,0,0,0,0,0,0
FOCMID.BSE_IDX,01/07/2025,12:21:25,23935.4,0,0,0,0,0,0
FOCMID.BSE_IDX,01/07/2025,12:21:33,23934.07,0,0,0,0,0,0
FOCMID.BSE_IDX,01/07/2025,12:21:41,23935.13,0,0,0,0,0,0
FOCMID.BSE_IDX,01/07/2025,12:21:49,23936.61,0,0,0,0,0,0
FOCMID.BSE_IDX,01/07/2025,12:21:57,23939.92,0,0,0,0,0,0
FOCMID.BSE_IDX,01/07/2025,12:22:05,23942.98,0,0,0,0,0,0
FOCMID.BSE_IDX,01/07/2025,12:22:13,23943.17,0,0,0,0,0,0
FOCMID.BSE_IDX,01/07/2025,12:22:21,23943.18,0,0,0,0,0,0
FOCMID.BSE_IDX,01/07/2025,12:22:29,23942.53,0,0,0,0,0,0
FOCMID.BSE_IDX,01/07/2025,12:22:37,23941.9,0,0,0,0,0,0
FOCMID.BSE_IDX,01/07/2025,12:22:45,23943.46,0,0,0,0,0,0
FOCMID.BSE_IDX,01/07/2025,12:22:53,23945.48,0,0,0,0,0,0
FOCMID.BSE_IDX,01/07/2025,12:23:02,23948.01,0,0,0,0,0,0
FOCMID.BSE_IDX,01/07/2025,12:23:09,23944.74,0,0,0,0,0,0
FOCMID.BSE_IDX,01/07/2025,12:23:17,23944.93,0,0,0,0,0,0
FOCMID.BSE_IDX,01/07/2025,12:23:25,23945.75,0,0,0,0,0,0
FOCMID.BSE_IDX,01/07/2025,12:23:33,23946.21,0,0,0,0,0,0
FOCMID.BSE_IDX,01/07/2025,12:23:41,23945.7,0,0,0,0,0,0
FOCMID.BSE_IDX,01/07/2025,12:23:49,23944.73,0,0,0,0,0,0
FOCMID.BSE_IDX,01/07/2025,12:23:57,23945.45,0,0,0,0,0,0
FOCMID.BSE_IDX,01/07/2025,12:24:05,23943.87,0,0,0,0,0,0
FOCMID.BSE_IDX,01/07/2025,12:24:13,23941.59,0,0,0,0,0,0
FOCMID.BSE_IDX,01/07/2025,12:24:21,23941.69,0,0,0,0,0,0
FOCMID.BSE_IDX,01/07/2025,12:24:29,23941.69,0,0,0,0,0,0
FOCMID.BSE_IDX,01/07/2025,12:24:37,23941.52,0,0,0,0,0,0
FOCMID.BSE_IDX,01/07/2025,12:24:45,23942.51,0,0,0,0,0,0
FOCMID.BSE_IDX,01/07/2025,12:24:53,23947.3,0,0,0,0,0,0
FOCMID.BSE_IDX,01/07/2025,12:25:01,23948.03,0,0,0,0,0,0
FOCMID.BSE_IDX,01/07/2025,12:25:09,23947.57,0,0,0,0,0,0
FOCMID.BSE_IDX,01/07/2025,12:25:17,23948.66,0,0,0,0,0,0
FOCMID.BSE_IDX,01/07/2025,12:25:25,23950,0,0,0,0,0,0
FOCMID.BSE_IDX,01/07/2025,12:25:33,23951.34,0,0,0,0,0,0
FOCMID.BSE_IDX,01/07/2025,12:25:41,23950.69,0,0,0,0,0,0
FOCMID.BSE_IDX,01/07/2025,12:25:49,23952.77,0,0,0,0,0,0
FOCMID.BSE_IDX,01/07/2025,12:25:57,23952.54,0,0,0,0,0,0
FOCMID.BSE_IDX,01/07/2025,12:26:05,23952.21,0,0,0,0,0,0
FOCMID.BSE_IDX,01/07/2025,12:26:13,23952.55,0,0,0,0,0,0
FOCMID.BSE_IDX,01/07/2025,12:26:21,23953.35,0,0,0,0,0,0
FOCMID.BSE_IDX,01/07/2025,12:26:31,23950.91,0,0,0,0,0,0
FOCMID.BSE_IDX,01/07/2025,12:26:37,23952.45,0,0,0,0,0,0
FOCMID.BSE_IDX,01/07/2025,12:26:45,23950.1,0,0,0,0,0,0
FOCMID.BSE_IDX,01/07/2025,12:26:53,23948.95,0,0,0,0,0,0
FOCMID.BSE_IDX,01/07/2025,12:27:01,23950.55,0,0,0,0,0,0
FOCMID.BSE_IDX,01/07/2025,12:27:09,23949.67,0,0,0,0,0,0
FOCMID.BSE_IDX,01/07/2025,12:27:17,23950.31,0,0,0,0,0,0
FOCMID.BSE_IDX,01/07/2025,12:27:25,23947.4,0,0,0,0,0,0
FOCMID.BSE_IDX,01/07/2025,12:27:33,23947.42,0,0,0,0,0,0
FOCMID.BSE_IDX,01/07/2025,12:27:41,23945.67,0,0,0,0,0,0
FOCMID.BSE_IDX,01/07/2025,12:27:49,23947.11,0,0,0,0,0,0
FOCMID.BSE_IDX,01/07/2025,12:27:57,23947.87,0,0,0,0,0,0
FOCMID.BSE_IDX,01/07/2025,12:28:05,23946.76,0,0,0,0,0,0
FOCMID.BSE_IDX,01/07/2025,12:28:13,23949.54,0,0,0,0,0,0
FOCMID.BSE_IDX,01/07/2025,12:28:21,23949.47,0,0,0,0,0,0
FOCMID.BSE_IDX,01/07/2025,12:28:29,23948.99,0,0,0,0,0,0
FOCMID.BSE_IDX,01/07/2025,12:28:37,23950.27,0,0,0,0,0,0
FOCMID.BSE_IDX,01/07/2025,12:28:45,23949.17,0,0,0,0,0,0
FOCMID.BSE_IDX,01/07/2025,12:28:53,23945.83,0,0,0,0,0,0
FOCMID.BSE_IDX,01/07/2025,12:29:01,23942.17,0,0,0,0,0,0
FOCMID.BSE_IDX,01/07/2025,12:29:10,23943.15,0,0,0,0,0,0
FOCMID.BSE_IDX,01/07/2025,12:29:18,23942.76,0,0,0,0,0,0
FOCMID.BSE_IDX,01/07/2025,12:29:25,23944.89,0,0,0,0,0,0
FOCMID.BSE_IDX,01/07/2025,12:29:33,23945.68,0,0,0,0,0,0
FOCMID.BSE_IDX,01/07/2025,12:29:41,23947.17,0,0,0,0,0,0
FOCMID.BSE_IDX,01/07/2025,12:29:49,23946.65,0,0,0,0,0,0
FOCMID.BSE_IDX,01/07/2025,12:29:57,23946.99,0,0,0,0,0,0
FOCMID.BSE_IDX,01/07/2025,12:30:05,23950.54,0,0,0,0,0,0
FOCMID.BSE_IDX,01/07/2025,12:30:13,23951.43,0,0,0,0,0,0
FOCMID.BSE_IDX,01/07/2025,12:30:22,23949.37,0,0,0,0,0,0
FOCMID.BSE_IDX,01/07/2025,12:30:29,23949.95,0,0,0,0,0,0
FOCMID.BSE_IDX,01/07/2025,12:30:37,23951,0,0,0,0,0,0
FOCMID.BSE_IDX,01/07/2025,12:30:45,23946.26,0,0,0,0,0,0
FOCMID.BSE_IDX,01/07/2025,12:30:53,23948.25,0,0,0,0,0,0
FOCMID.BSE_IDX,01/07/2025,12:31:01,23944,0,0,0,0,0,0
FOCMID.BSE_IDX,01/07/2025,12:31:09,23942.33,0,0,0,0,0,0
FOCMID.BSE_IDX,01/07/2025,12:31:17,23946.21,0,0,0,0,0,0
FOCMID.BSE_IDX,01/07/2025,12:31:25,23947.65,0,0,0,0,0,0
FOCMID.BSE_IDX,01/07/2025,12:31:34,23944.63,0,0,0,0,0,0
FOCMID.BSE_IDX,01/07/2025,12:31:41,23944.4,0,0,0,0,0,0
FOCMID.BSE_IDX,01/07/2025,12:31:49,23943.29,0,0,0,0,0,0
FOCMID.BSE_IDX,01/07/2025,12:31:57,23939.18,0,0,0,0,0,0
FOCMID.BSE_IDX,01/07/2025,12:32:05,23937.59,0,0,0,0,0,0
FOCMID.BSE_IDX,01/07/2025,12:32:13,23939.53,0,0,0,0,0,0
FOCMID.BSE_IDX,01/07/2025,12:32:21,23939.94,0,0,0,0,0,0
FOCMID.BSE_IDX,01/07/2025,12:32:29,23940.75,0,0,0,0,0,0
FOCMID.BSE_IDX,01/07/2025,12:32:37,23939.46,0,0,0,0,0,0
FOCMID.BSE_IDX,01/07/2025,12:32:45,23939.94,0,0,0,0,0,0
FOCMID.BSE_IDX,01/07/2025,12:32:53,23939.62,0,0,0,0,0,0
FOCMID.BSE_IDX,01/07/2025,12:33:01,23941.89,0,0,0,0,0,0
FOCMID.BSE_IDX,01/07/2025,12:33:09,23942.54,0,0,0,0,0,0
FOCMID.BSE_IDX,01/07/2025,12:33:17,23942.77,0,0,0,0,0,0
FOCMID.BSE_IDX,01/07/2025,12:33:26,23942.23,0,0,0,0,0,0
FOCMID.BSE_IDX,01/07/2025,12:33:33,23943.15,0,0,0,0,0,0
FOCMID.BSE_IDX,01/07/2025,12:33:41,23941.07,0,0,0,0,0,0
FOCMID.BSE_IDX,01/07/2025,12:33:49,23938.51,0,0,0,0,0,0
FOCMID.BSE_IDX,01/07/2025,12:33:57,23940.42,0,0,0,0,0,0
FOCMID.BSE_IDX,01/07/2025,12:34:05,23941.42,0,0,0,0,0,0
FOCMID.BSE_IDX,01/07/2025,12:34:13,23941.31,0,0,0,0,0,0
FOCMID.BSE_IDX,01/07/2025,12:34:21,23942.63,0,0,0,0,0,0
FOCMID.BSE_IDX,01/07/2025,12:34:29,23944.4,0,0,0,0,0,0
FOCMID.BSE_IDX,01/07/2025,12:34:37,23943.16,0,0,0,0,0,0
FOCMID.BSE_IDX,01/07/2025,12:34:45,23942.68,0,0,0,0,0,0
FOCMID.BSE_IDX,01/07/2025,12:34:53,23946.02,0,0,0,0,0,0
FOCMID.BSE_IDX,01/07/2025,12:35:01,23945.41,0,0,0,0,0,0
FOCMID.BSE_IDX,01/07/2025,12:35:09,23949.58,0,0,0,0,0,0
FOCMID.BSE_IDX,01/07/2025,12:35:17,23949.45,0,0,0,0,0,0
FOCMID.BSE_IDX,01/07/2025,12:35:25,23948.94,0,0,0,0,0,0
FOCMID.BSE_IDX,01/07/2025,12:35:33,23949.24,0,0,0,0,0,0
FOCMID.BSE_IDX,01/07/2025,12:35:41,23947.66,0,0,0,0,0,0
FOCMID.BSE_IDX,01/07/2025,12:35:49,23947.15,0,0,0,0,0,0
FOCMID.BSE_IDX,01/07/2025,12:35:57,23947.04,0,0,0,0,0,0
FOCMID.BSE_IDX,01/07/2025,12:36:05,23945,0,0,0,0,0,0
FOCMID.BSE_IDX,01/07/2025,12:36:13,23943.61,0,0,0,0,0,0
FOCMID.BSE_IDX,01/07/2025,12:36:21,23944.45,0,0,0,0,0,0
FOCMID.BSE_IDX,01/07/2025,12:36:29,23944.85,0,0,0,0,0,0
FOCMID.BSE_IDX,01/07/2025,12:36:37,23946.99,0,0,0,0,0,0
FOCMID.BSE_IDX,01/07/2025,12:36:45,23947.5,0,0,0,0,0,0
FOCMID.BSE_IDX,01/07/2025,12:36:53,23946.88,0,0,0,0,0,0
FOCMID.BSE_IDX,01/07/2025,12:37:01,23948.47,0,0,0,0,0,0
FOCMID.BSE_IDX,01/07/2025,12:37:09,23949.66,0,0,0,0,0,0
FOCMID.BSE_IDX,01/07/2025,12:37:17,23950.57,0,0,0,0,0,0
FOCMID.BSE_IDX,01/07/2025,12:37:25,23950.85,0,0,0,0,0,0
FOCMID.BSE_IDX,01/07/2025,12:37:33,23950.68,0,0,0,0,0,0
FOCMID.BSE_IDX,01/07/2025,12:37:41,23950.26,0,0,0,0,0,0
FOCMID.BSE_IDX,01/07/2025,12:37:49,23949,0,0,0,0,0,0
FOCMID.BSE_IDX,01/07/2025,12:37:57,23950.88,0,0,0,0,0,0
FOCMID.BSE_IDX,01/07/2025,12:38:05,23949.23,0,0,0,0,0,0
FOCMID.BSE_IDX,01/07/2025,12:38:13,23947.47,0,0,0,0,0,0
FOCMID.BSE_IDX,01/07/2025,12:38:22,23948.04,0,0,0,0,0,0
FOCMID.BSE_IDX,01/07/2025,12:38:29,23947.52,0,0,0,0,0,0
FOCMID.BSE_IDX,01/07/2025,12:38:39,23947.68,0,0,0,0,0,0
FOCMID.BSE_IDX,01/07/2025,12:38:45,23949.47,0,0,0,0,0,0
FOCMID.BSE_IDX,01/07/2025,12:38:53,23949.33,0,0,0,0,0,0
FOCMID.BSE_IDX,01/07/2025,12:39:01,23948.02,0,0,0,0,0,0
FOCMID.BSE_IDX,01/07/2025,12:39:10,23948.24,0,0,0,0,0,0
FOCMID.BSE_IDX,01/07/2025,12:39:18,23950.05,0,0,0,0,0,0
FOCMID.BSE_IDX,01/07/2025,12:39:25,23951.81,0,0,0,0,0,0
FOCMID.BSE_IDX,01/07/2025,12:39:34,23953.3,0,0,0,0,0,0
FOCMID.BSE_IDX,01/07/2025,12:39:42,23954.24,0,0,0,0,0,0
FOCMID.BSE_IDX,01/07/2025,12:39:49,23956.08,0,0,0,0,0,0
FOCMID.BSE_IDX,01/07/2025,12:39:57,23954.68,0,0,0,0,0,0
FOCMID.BSE_IDX,01/07/2025,12:40:05,23956.2,0,0,0,0,0,0
FOCMID.BSE_IDX,01/07/2025,12:40:14,23955.02,0,0,0,0,0,0
FOCMID.BSE_IDX,01/07/2025,12:40:21,23955.65,0,0,0,0,0,0
FOCMID.BSE_IDX,01/07/2025,12:40:29,23955.32,0,0,0,0,0,0
FOCMID.BSE_IDX,01/07/2025,12:40:37,23955.32,0,0,0,0,0,0
FOCMID.BSE_IDX,01/07/2025,12:40:45,23956.22,0,0,0,0,0,0
FOCMID.BSE_IDX,01/07/2025,12:40:54,23956.5,0,0,0,0,0,0
FOCMID.BSE_IDX,01/07/2025,12:41:01,23956.56,0,0,0,0,0,0
FOCMID.BSE_IDX,01/07/2025,12:41:09,23954.77,0,0,0,0,0,0
FOCMID.BSE_IDX,01/07/2025,12:41:17,23954.74,0,0,0,0,0,0
FOCMID.BSE_IDX,01/07/2025,12:41:25,23954.52,0,0,0,0,0,0
FOCMID.BSE_IDX,01/07/2025,12:41:33,23954.1,0,0,0,0,0,0
FOCMID.BSE_IDX,01/07/2025,12:41:50,23956.78,0,0,0,0,0,0
FOCMID.BSE_IDX,01/07/2025,12:41:58,23958.92,0,0,0,0,0,0
FOCMID.BSE_IDX,01/07/2025,12:42:05,23960.35,0,0,0,0,0,0
FOCMID.BSE_IDX,01/07/2025,12:42:13,23957.74,0,0,0,0,0,0
FOCMID.BSE_IDX,01/07/2025,12:42:21,23959.73,0,0,0,0,0,0
FOCMID.BSE_IDX,01/07/2025,12:42:29,23957.99,0,0,0,0,0,0
FOCMID.BSE_IDX,01/07/2025,12:42:37,23961.09,0,0,0,0,0,0
FOCMID.BSE_IDX,01/07/2025,12:42:46,23959.98,0,0,0,0,0,0
FOCMID.BSE_IDX,01/07/2025,12:42:53,23960.43,0,0,0,0,0,0
FOCMID.BSE_IDX,01/07/2025,12:43:01,23962.51,0,0,0,0,0,0
FOCMID.BSE_IDX,01/07/2025,12:43:10,23963.07,0,0,0,0,0,0
FOCMID.BSE_IDX,01/07/2025,12:43:17,23962.31,0,0,0,0,0,0
FOCMID.BSE_IDX,01/07/2025,12:43:26,23961.88,0,0,0,0,0,0
FOCMID.BSE_IDX,01/07/2025,12:43:34,23962.88,0,0,0,0,0,0
FOCMID.BSE_IDX,01/07/2025,12:43:42,23964.89,0,0,0,0,0,0
FOCMID.BSE_IDX,01/07/2025,12:43:49,23964.96,0,0,0,0,0,0
FOCMID.BSE_IDX,01/07/2025,12:43:58,23964.64,0,0,0,0,0,0
FOCMID.BSE_IDX,01/07/2025,12:44:05,23960.69,0,0,0,0,0,0
FOCMID.BSE_IDX,01/07/2025,12:44:14,23958.72,0,0,0,0,0,0
FOCMID.BSE_IDX,01/07/2025,12:44:22,23956.83,0,0,0,0,0,0
FOCMID.BSE_IDX,01/07/2025,12:44:29,23953.34,0,0,0,0,0,0
FOCMID.BSE_IDX,01/07/2025,12:44:38,23957.23,0,0,0,0,0,0
FOCMID.BSE_IDX,01/07/2025,12:44:46,23957,0,0,0,0,0,0
FOCMID.BSE_IDX,01/07/2025,12:44:53,23956.23,0,0,0,0,0,0
FOCMID.BSE_IDX,01/07/2025,12:45:01,23954.65,0,0,0,0,0,0
FOCMID.BSE_IDX,01/07/2025,12:45:11,23950.63,0,0,0,0,0,0
FOCMID.BSE_IDX,01/07/2025,12:45:18,23952.39,0,0,0,0,0,0
FOCMID.BSE_IDX,01/07/2025,12:45:26,23953.27,0,0,0,0,0,0
FOCMID.BSE_IDX,01/07/2025,12:45:34,23954.7,0,0,0,0,0,0
FOCMID.BSE_IDX,01/07/2025,12:45:42,23953.69,0,0,0,0,0,0
FOCMID.BSE_IDX,01/07/2025,12:45:50,23950.96,0,0,0,0,0,0
FOCMID.BSE_IDX,01/07/2025,12:45:58,23948.18,0,0,0,0,0,0
FOCMID.BSE_IDX,01/07/2025,12:46:06,23949.12,0,0,0,0,0,0
FOCMID.BSE_IDX,01/07/2025,12:46:14,23948.66,0,0,0,0,0,0
FOCMID.BSE_IDX,01/07/2025,12:46:22,23946.66,0,0,0,0,0,0
FOCMID.BSE_IDX,01/07/2025,12:46:30,23944.24,0,0,0,0,0,0
FOCMID.BSE_IDX,01/07/2025,12:46:38,23943.08,0,0,0,0,0,0
FOCMID.BSE_IDX,01/07/2025,12:46:46,23941.05,0,0,0,0,0,0
FOCMID.BSE_IDX,01/07/2025,12:46:54,23936.97,0,0,0,0,0,0
FOCMID.BSE_IDX,01/07/2025,12:47:02,23936.49,0,0,0,0,0,0
FOCMID.BSE_IDX,01/07/2025,12:47:10,23936.55,0,0,0,0,0,0
FOCMID.BSE_IDX,01/07/2025,12:47:18,23938.7,0,0,0,0,0,0
FOCMID.BSE_IDX,01/07/2025,12:47:26,23939.92,0,0,0,0,0,0
FOCMID.BSE_IDX,01/07/2025,12:47:34,23942.02,0,0,0,0,0,0
FOCMID.BSE_IDX,01/07/2025,12:47:42,23941.44,0,0,0,0,0,0
FOCMID.BSE_IDX,01/07/2025,12:47:50,23938.95,0,0,0,0,0,0
FOCMID.BSE_IDX,01/07/2025,12:47:58,23936.88,0,0,0,0,0,0
FOCMID.BSE_IDX,01/07/2025,12:48:06,23936.89,0,0,0,0,0,0
FOCMID.BSE_IDX,01/07/2025,12:48:14,23939.41,0,0,0,0,0,0
FOCMID.BSE_IDX,01/07/2025,12:48:22,23941.15,0,0,0,0,0,0
FOCMID.BSE_IDX,01/07/2025,12:48:30,23941.17,0,0,0,0,0,0
FOCMID.BSE_IDX,01/07/2025,12:48:38,23938.93,0,0,0,0,0,0
FOCMID.BSE_IDX,01/07/2025,12:48:46,23938.93,0,0,0,0,0,0
FOCMID.BSE_IDX,01/07/2025,12:48:54,23937.11,0,0,0,0,0,0
FOCMID.BSE_IDX,01/07/2025,12:49:02,23936.26,0,0,0,0,0,0
FOCMID.BSE_IDX,01/07/2025,12:49:10,23936.64,0,0,0,0,0,0
FOCMID.BSE_IDX,01/07/2025,12:49:18,23933.01,0,0,0,0,0,0
FOCMID.BSE_IDX,01/07/2025,12:49:26,23931.02,0,0,0,0,0,0
FOCMID.BSE_IDX,01/07/2025,12:49:34,23931.8,0,0,0,0,0,0
FOCMID.BSE_IDX,01/07/2025,12:49:42,23933.58,0,0,0,0,0,0
FOCMID.BSE_IDX,01/07/2025,12:49:50,23937.18,0,0,0,0,0,0
FOCMID.BSE_IDX,01/07/2025,12:49:58,23936.48,0,0,0,0,0,0
FOCMID.BSE_IDX,01/07/2025,12:50:06,23937.9,0,0,0,0,0,0
FOCMID.BSE_IDX,01/07/2025,12:50:14,23936.46,0,0,0,0,0,0
FOCMID.BSE_IDX,01/07/2025,12:50:22,23933.23,0,0,0,0,0,0
FOCMID.BSE_IDX,01/07/2025,12:50:30,23933.28,0,0,0,0,0,0
FOCMID.BSE_IDX,01/07/2025,12:50:38,23934.8,0,0,0,0,0,0
FOCMID.BSE_IDX,01/07/2025,12:50:47,23933.23,0,0,0,0,0,0
FOCMID.BSE_IDX,01/07/2025,12:50:54,23936.43,0,0,0,0,0,0
FOCMID.BSE_IDX,01/07/2025,12:51:02,23934.34,0,0,0,0,0,0
FOCMID.BSE_IDX,01/07/2025,12:51:10,23934.24,0,0,0,0,0,0
FOCMID.BSE_IDX,01/07/2025,12:51:19,23934.33,0,0,0,0,0,0
FOCMID.BSE_IDX,01/07/2025,12:51:26,23935.41,0,0,0,0,0,0
FOCMID.BSE_IDX,01/07/2025,12:51:34,23935.35,0,0,0,0,0,0
FOCMID.BSE_IDX,01/07/2025,12:51:42,23936.65,0,0,0,0,0,0
FOCMID.BSE_IDX,01/07/2025,12:51:50,23936.49,0,0,0,0,0,0
FOCMID.BSE_IDX,01/07/2025,12:51:58,23934.02,0,0,0,0,0,0
FOCMID.BSE_IDX,01/07/2025,12:52:06,23932.15,0,0,0,0,0,0
FOCMID.BSE_IDX,01/07/2025,12:52:14,23932.19,0,0,0,0,0,0
FOCMID.BSE_IDX,01/07/2025,12:52:22,23930.96,0,0,0,0,0,0
FOCMID.BSE_IDX,01/07/2025,12:52:30,23930.52,0,0,0,0,0,0
FOCMID.BSE_IDX,01/07/2025,12:52:38,23928.94,0,0,0,0,0,0
FOCMID.BSE_IDX,01/07/2025,12:52:46,23931.96,0,0,0,0,0,0
FOCMID.BSE_IDX,01/07/2025,12:52:54,23936.03,0,0,0,0,0,0
FOCMID.BSE_IDX,01/07/2025,12:53:02,23935.63,0,0,0,0,0,0
FOCMID.BSE_IDX,01/07/2025,12:53:10,23939.17,0,0,0,0,0,0
FOCMID.BSE_IDX,01/07/2025,12:53:18,23938.89,0,0,0,0,0,0
FOCMID.BSE_IDX,01/07/2025,12:53:26,23936.64,0,0,0,0,0,0
FOCMID.BSE_IDX,01/07/2025,12:53:34,23937.12,0,0,0,0,0,0
FOCMID.BSE_IDX,01/07/2025,12:53:42,23937.46,0,0,0,0,0,0
FOCMID.BSE_IDX,01/07/2025,12:53:50,23936.73,0,0,0,0,0,0
FOCMID.BSE_IDX,01/07/2025,12:53:58,23937.62,0,0,0,0,0,0
FOCMID.BSE_IDX,01/07/2025,12:54:06,23937.48,0,0,0,0,0,0
FOCMID.BSE_IDX,01/07/2025,12:54:14,23936.88,0,0,0,0,0,0
FOCMID.BSE_IDX,01/07/2025,12:54:22,23937.47,0,0,0,0,0,0
FOCMID.BSE_IDX,01/07/2025,12:54:30,23934.96,0,0,0,0,0,0
