Ticker,Date,Time,LTP,BuyPrice,BuyQty,SellPrice,SellQty,LTQ,OpenInterest
IND150.BSE_IDX,01/07/2025,09:00:00,19068.28,0,0,0,0,0,0
IND150.BSE_IDX,01/07/2025,09:00:07,19165.18,0,0,0,0,0,0
IND150.BSE_IDX,01/07/2025,09:00:15,19164.19,0,0,0,0,0,0
IND150.BSE_IDX,01/07/2025,09:00:23,19156.74,0,0,0,0,0,0
IND150.BSE_IDX,01/07/2025,09:00:31,19163.71,0,0,0,0,0,0
IND150.BSE_IDX,01/07/2025,09:00:39,19148.96,0,0,0,0,0,0
IND150.BSE_IDX,01/07/2025,09:00:47,19127.4,0,0,0,0,0,0
IND150.BSE_IDX,01/07/2025,09:00:55,19127.35,0,0,0,0,0,0
IND150.BSE_IDX,01/07/2025,09:01:03,19126.71,0,0,0,0,0,0
IND150.BSE_IDX,01/07/2025,09:01:11,19127.14,0,0,0,0,0,0
IND150.BSE_IDX,01/07/2025,09:01:19,19134.44,0,0,0,0,0,0
IND150.BSE_IDX,01/07/2025,09:01:27,19129.96,0,0,0,0,0,0
IND150.BSE_IDX,01/07/2025,09:01:35,19120.9,0,0,0,0,0,0
IND150.BSE_IDX,01/07/2025,09:01:43,19114.29,0,0,0,0,0,0
IND150.BSE_IDX,01/07/2025,09:01:51,19102.01,0,0,0,0,0,0
IND150.BSE_IDX,01/07/2025,09:01:59,19107.3,0,0,0,0,0,0
IND150.BSE_IDX,01/07/2025,09:02:07,19109.82,0,0,0,0,0,0
IND150.BSE_IDX,01/07/2025,09:02:15,19111.57,0,0,0,0,0,0
IND150.BSE_IDX,01/07/2025,09:02:23,19108.16,0,0,0,0,0,0
IND150.BSE_IDX,01/07/2025,09:02:31,19113.47,0,0,0,0,0,0
IND150.BSE_IDX,01/07/2025,09:02:39,19113.63,0,0,0,0,0,0
IND150.BSE_IDX,01/07/2025,09:02:47,19108.96,0,0,0,0,0,0
IND150.BSE_IDX,01/07/2025,09:02:55,19109.49,0,0,0,0,0,0
IND150.BSE_IDX,01/07/2025,09:03:03,19120.99,0,0,0,0,0,0
IND150.BSE_IDX,01/07/2025,09:03:11,19118.47,0,0,0,0,0,0
IND150.BSE_IDX,01/07/2025,09:03:19,19117.01,0,0,0,0,0,0
IND150.BSE_IDX,01/07/2025,09:03:27,19112.45,0,0,0,0,0,0
IND150.BSE_IDX,01/07/2025,09:03:35,19114.47,0,0,0,0,0,0
IND150.BSE_IDX,01/07/2025,09:03:43,19112.25,0,0,0,0,0,0
IND150.BSE_IDX,01/07/2025,09:03:51,19104.39,0,0,0,0,0,0
IND150.BSE_IDX,01/07/2025,09:03:59,19095.38,0,0,0,0,0,0
IND150.BSE_IDX,01/07/2025,09:04:07,19093.24,0,0,0,0,0,0
IND150.BSE_IDX,01/07/2025,09:04:15,19090.35,0,0,0,0,0,0
IND150.BSE_IDX,01/07/2025,09:04:23,19090.85,0,0,0,0,0,0
IND150.BSE_IDX,01/07/2025,09:04:31,19090.5,0,0,0,0,0,0
IND150.BSE_IDX,01/07/2025,09:04:39,19089.59,0,0,0,0,0,0
IND150.BSE_IDX,01/07/2025,09:04:47,19085.91,0,0,0,0,0,0
IND150.BSE_IDX,01/07/2025,09:04:55,19080.44,0,0,0,0,0,0
IND150.BSE_IDX,01/07/2025,09:05:03,19080.8,0,0,0,0,0,0
IND150.BSE_IDX,01/07/2025,09:05:11,19077.83,0,0,0,0,0,0
IND150.BSE_IDX,01/07/2025,09:05:19,19086.81,0,0,0,0,0,0
IND150.BSE_IDX,01/07/2025,09:05:27,19087.41,0,0,0,0,0,0
IND150.BSE_IDX,01/07/2025,09:05:35,19088.95,0,0,0,0,0,0
IND150.BSE_IDX,01/07/2025,09:05:43,19087.03,0,0,0,0,0,0
IND150.BSE_IDX,01/07/2025,09:05:51,19088.46,0,0,0,0,0,0
IND150.BSE_IDX,01/07/2025,09:05:59,19092.49,0,0,0,0,0,0
IND150.BSE_IDX,01/07/2025,09:06:07,19092.99,0,0,0,0,0,0
IND150.BSE_IDX,01/07/2025,09:06:15,19092.99,0,0,0,0,0,0
IND150.BSE_IDX,01/07/2025,09:06:23,19097.05,0,0,0,0,0,0
IND150.BSE_IDX,01/07/2025,09:06:31,19101.53,0,0,0,0,0,0
IND150.BSE_IDX,01/07/2025,09:06:39,19101.52,0,0,0,0,0,0
IND150.BSE_IDX,01/07/2025,09:06:47,19095.98,0,0,0,0,0,0
IND150.BSE_IDX,01/07/2025,09:06:55,19097.84,0,0,0,0,0,0
IND150.BSE_IDX,01/07/2025,09:07:04,19098.62,0,0,0,0,0,0
IND150.BSE_IDX,01/07/2025,09:07:11,19098.62,0,0,0,0,0,0
IND150.BSE_IDX,01/07/2025,09:07:19,19098.62,0,0,0,0,0,0
IND150.BSE_IDX,01/07/2025,09:07:27,19098.62,0,0,0,0,0,0
IND150.BSE_IDX,01/07/2025,09:07:35,19098.62,0,0,0,0,0,0
IND150.BSE_IDX,01/07/2025,09:07:43,19098.62,0,0,0,0,0,0
IND150.BSE_IDX,01/07/2025,09:07:51,19098.62,0,0,0,0,0,0
IND150.BSE_IDX,01/07/2025,09:07:59,19098.62,0,0,0,0,0,0
IND150.BSE_IDX,01/07/2025,09:08:07,19098.62,0,0,0,0,0,0
IND150.BSE_IDX,01/07/2025,09:08:15,19098.62,0,0,0,0,0,0
IND150.BSE_IDX,01/07/2025,09:08:23,19098.62,0,0,0,0,0,0
IND150.BSE_IDX,01/07/2025,09:08:31,19098.62,0,0,0,0,0,0
IND150.BSE_IDX,01/07/2025,09:08:39,19098.62,0,0,0,0,0,0
IND150.BSE_IDX,01/07/2025,09:08:47,19098.62,0,0,0,0,0,0
IND150.BSE_IDX,01/07/2025,09:08:55,19098.62,0,0,0,0,0,0
IND150.BSE_IDX,01/07/2025,09:09:03,19097.94,0,0,0,0,0,0
IND150.BSE_IDX,01/07/2025,09:09:11,19097.94,0,0,0,0,0,0
IND150.BSE_IDX,01/07/2025,09:09:20,19097.94,0,0,0,0,0,0
IND150.BSE_IDX,01/07/2025,09:09:27,19097.94,0,0,0,0,0,0
IND150.BSE_IDX,01/07/2025,09:09:36,19097.94,0,0,0,0,0,0
IND150.BSE_IDX,01/07/2025,09:09:43,19097.94,0,0,0,0,0,0
IND150.BSE_IDX,01/07/2025,09:09:51,19097.94,0,0,0,0,0,0
IND150.BSE_IDX,01/07/2025,09:09:59,19097.94,0,0,0,0,0,0
IND150.BSE_IDX,01/07/2025,09:10:07,19097.94,0,0,0,0,0,0
IND150.BSE_IDX,01/07/2025,09:10:16,19097.94,0,0,0,0,0,0
IND150.BSE_IDX,01/07/2025,09:10:24,19097.94,0,0,0,0,0,0
IND150.BSE_IDX,01/07/2025,09:10:32,19097.94,0,0,0,0,0,0
IND150.BSE_IDX,01/07/2025,09:10:39,19097.94,0,0,0,0,0,0
IND150.BSE_IDX,01/07/2025,09:10:47,19097.94,0,0,0,0,0,0
IND150.BSE_IDX,01/07/2025,09:10:55,19097.94,0,0,0,0,0,0
IND150.BSE_IDX,01/07/2025,09:11:03,19097.94,0,0,0,0,0,0
IND150.BSE_IDX,01/07/2025,09:11:11,19097.94,0,0,0,0,0,0
IND150.BSE_IDX,01/07/2025,09:11:19,19097.94,0,0,0,0,0,0
IND150.BSE_IDX,01/07/2025,09:11:27,19097.94,0,0,0,0,0,0
IND150.BSE_IDX,01/07/2025,09:11:35,19097.94,0,0,0,0,0,0
IND150.BSE_IDX,01/07/2025,09:11:43,19097.94,0,0,0,0,0,0
IND150.BSE_IDX,01/07/2025,09:11:51,19097.94,0,0,0,0,0,0
IND150.BSE_IDX,01/07/2025,09:11:59,19097.94,0,0,0,0,0,0
IND150.BSE_IDX,01/07/2025,09:12:07,19097.94,0,0,0,0,0,0
IND150.BSE_IDX,01/07/2025,09:12:16,19097.94,0,0,0,0,0,0
IND150.BSE_IDX,01/07/2025,09:12:23,19097.94,0,0,0,0,0,0
IND150.BSE_IDX,01/07/2025,09:12:31,19097.94,0,0,0,0,0,0
IND150.BSE_IDX,01/07/2025,09:12:39,19097.94,0,0,0,0,0,0
IND150.BSE_IDX,01/07/2025,09:12:47,19097.94,0,0,0,0,0,0
IND150.BSE_IDX,01/07/2025,09:12:55,19097.94,0,0,0,0,0,0
IND150.BSE_IDX,01/07/2025,09:13:03,19097.94,0,0,0,0,0,0
IND150.BSE_IDX,01/07/2025,09:13:11,19097.94,0,0,0,0,0,0
IND150.BSE_IDX,01/07/2025,09:13:19,19097.94,0,0,0,0,0,0
IND150.BSE_IDX,01/07/2025,09:13:27,19097.94,0,0,0,0,0,0
IND150.BSE_IDX,01/07/2025,09:13:35,19097.94,0,0,0,0,0,0
IND150.BSE_IDX,01/07/2025,09:13:43,19097.94,0,0,0,0,0,0
IND150.BSE_IDX,01/07/2025,09:13:51,19097.94,0,0,0,0,0,0
IND150.BSE_IDX,01/07/2025,09:13:59,19097.94,0,0,0,0,0,0
IND150.BSE_IDX,01/07/2025,09:14:07,19097.94,0,0,0,0,0,0
IND150.BSE_IDX,01/07/2025,09:14:15,19097.94,0,0,0,0,0,0
IND150.BSE_IDX,01/07/2025,09:14:23,19097.94,0,0,0,0,0,0
IND150.BSE_IDX,01/07/2025,09:14:31,19097.94,0,0,0,0,0,0
IND150.BSE_IDX,01/07/2025,09:14:39,19097.94,0,0,0,0,0,0
IND150.BSE_IDX,01/07/2025,09:14:47,19097.94,0,0,0,0,0,0
IND150.BSE_IDX,01/07/2025,09:14:55,19097.94,0,0,0,0,0,0
IND150.BSE_IDX,01/07/2025,09:15:04,19104.92,0,0,0,0,0,0
IND150.BSE_IDX,01/07/2025,09:15:11,19109.57,0,0,0,0,0,0
IND150.BSE_IDX,01/07/2025,09:15:19,19101.08,0,0,0,0,0,0
IND150.BSE_IDX,01/07/2025,09:15:27,19092.52,0,0,0,0,0,0
IND150.BSE_IDX,01/07/2025,09:15:35,19092.67,0,0,0,0,0,0
IND150.BSE_IDX,01/07/2025,09:15:43,19090.28,0,0,0,0,0,0
IND150.BSE_IDX,01/07/2025,09:15:51,19087.3,0,0,0,0,0,0
IND150.BSE_IDX,01/07/2025,09:15:59,19082.45,0,0,0,0,0,0
IND150.BSE_IDX,01/07/2025,09:16:07,19081.12,0,0,0,0,0,0
IND150.BSE_IDX,01/07/2025,09:16:15,19085.58,0,0,0,0,0,0
IND150.BSE_IDX,01/07/2025,09:16:24,19086.64,0,0,0,0,0,0
IND150.BSE_IDX,01/07/2025,09:16:31,19084.78,0,0,0,0,0,0
IND150.BSE_IDX,01/07/2025,09:16:39,19084.16,0,0,0,0,0,0
IND150.BSE_IDX,01/07/2025,09:16:48,19080.37,0,0,0,0,0,0
IND150.BSE_IDX,01/07/2025,09:16:55,19080.79,0,0,0,0,0,0
IND150.BSE_IDX,01/07/2025,09:17:03,19083.28,0,0,0,0,0,0
IND150.BSE_IDX,01/07/2025,09:17:12,19078.75,0,0,0,0,0,0
IND150.BSE_IDX,01/07/2025,09:17:19,19078.61,0,0,0,0,0,0
IND150.BSE_IDX,01/07/2025,09:17:27,19080.17,0,0,0,0,0,0
IND150.BSE_IDX,01/07/2025,09:17:35,19082.61,0,0,0,0,0,0
IND150.BSE_IDX,01/07/2025,09:17:44,19087.5,0,0,0,0,0,0
IND150.BSE_IDX,01/07/2025,09:17:51,19090.13,0,0,0,0,0,0
IND150.BSE_IDX,01/07/2025,09:17:59,19089.74,0,0,0,0,0,0
IND150.BSE_IDX,01/07/2025,09:18:07,19092.32,0,0,0,0,0,0
IND150.BSE_IDX,01/07/2025,09:18:15,19091.93,0,0,0,0,0,0
IND150.BSE_IDX,01/07/2025,09:18:23,19091.25,0,0,0,0,0,0
IND150.BSE_IDX,01/07/2025,09:18:31,19090.45,0,0,0,0,0,0
IND150.BSE_IDX,01/07/2025,09:18:39,19092.05,0,0,0,0,0,0
IND150.BSE_IDX,01/07/2025,09:18:47,19092.57,0,0,0,0,0,0
IND150.BSE_IDX,01/07/2025,09:18:56,19092.63,0,0,0,0,0,0
IND150.BSE_IDX,01/07/2025,09:19:03,19091.35,0,0,0,0,0,0
IND150.BSE_IDX,01/07/2025,09:19:11,19089.31,0,0,0,0,0,0
IND150.BSE_IDX,01/07/2025,09:19:19,19089.49,0,0,0,0,0,0
IND150.BSE_IDX,01/07/2025,09:19:28,19088.45,0,0,0,0,0,0
IND150.BSE_IDX,01/07/2025,09:19:35,19091.07,0,0,0,0,0,0
IND150.BSE_IDX,01/07/2025,09:19:43,19090.22,0,0,0,0,0,0
IND150.BSE_IDX,01/07/2025,09:19:52,19091.06,0,0,0,0,0,0
IND150.BSE_IDX,01/07/2025,09:19:59,19089.93,0,0,0,0,0,0
IND150.BSE_IDX,01/07/2025,09:20:07,19092.24,0,0,0,0,0,0
IND150.BSE_IDX,01/07/2025,09:20:15,19094.45,0,0,0,0,0,0
IND150.BSE_IDX,01/07/2025,09:20:24,19092.69,0,0,0,0,0,0
IND150.BSE_IDX,01/07/2025,09:20:31,19094.92,0,0,0,0,0,0
IND150.BSE_IDX,01/07/2025,09:20:39,19095,0,0,0,0,0,0
IND150.BSE_IDX,01/07/2025,09:20:47,19094.28,0,0,0,0,0,0
IND150.BSE_IDX,01/07/2025,09:20:55,19092.42,0,0,0,0,0,0
IND150.BSE_IDX,01/07/2025,09:21:03,19092.44,0,0,0,0,0,0
IND150.BSE_IDX,01/07/2025,09:21:11,19094.65,0,0,0,0,0,0
IND150.BSE_IDX,01/07/2025,09:21:19,19099.93,0,0,0,0,0,0
IND150.BSE_IDX,01/07/2025,09:21:27,19099.79,0,0,0,0,0,0
IND150.BSE_IDX,01/07/2025,09:21:36,19100.98,0,0,0,0,0,0
IND150.BSE_IDX,01/07/2025,09:21:43,19103.53,0,0,0,0,0,0
IND150.BSE_IDX,01/07/2025,09:21:51,19104.98,0,0,0,0,0,0
IND150.BSE_IDX,01/07/2025,09:22:00,19105.29,0,0,0,0,0,0
IND150.BSE_IDX,01/07/2025,09:22:07,19104.7,0,0,0,0,0,0
IND150.BSE_IDX,01/07/2025,09:22:15,19104.44,0,0,0,0,0,0
IND150.BSE_IDX,01/07/2025,09:22:23,19108.37,0,0,0,0,0,0
IND150.BSE_IDX,01/07/2025,09:22:31,19110.68,0,0,0,0,0,0
IND150.BSE_IDX,01/07/2025,09:22:39,19110.44,0,0,0,0,0,0
IND150.BSE_IDX,01/07/2025,09:22:47,19111.58,0,0,0,0,0,0
IND150.BSE_IDX,01/07/2025,09:22:55,19111.62,0,0,0,0,0,0
IND150.BSE_IDX,01/07/2025,09:23:03,19111.1,0,0,0,0,0,0
IND150.BSE_IDX,01/07/2025,09:23:11,19109.51,0,0,0,0,0,0
IND150.BSE_IDX,01/07/2025,09:23:20,19107.69,0,0,0,0,0,0
IND150.BSE_IDX,01/07/2025,09:23:27,19105.94,0,0,0,0,0,0
IND150.BSE_IDX,01/07/2025,09:23:35,19104.56,0,0,0,0,0,0
IND150.BSE_IDX,01/07/2025,09:23:44,19103.65,0,0,0,0,0,0
IND150.BSE_IDX,01/07/2025,09:23:51,19101.09,0,0,0,0,0,0
IND150.BSE_IDX,01/07/2025,09:23:59,19100.64,0,0,0,0,0,0
IND150.BSE_IDX,01/07/2025,09:24:08,19103.43,0,0,0,0,0,0
IND150.BSE_IDX,01/07/2025,09:24:16,19103.46,0,0,0,0,0,0
IND150.BSE_IDX,01/07/2025,09:24:23,19103.3,0,0,0,0,0,0
IND150.BSE_IDX,01/07/2025,09:24:32,19102.22,0,0,0,0,0,0
IND150.BSE_IDX,01/07/2025,09:24:39,19102.2,0,0,0,0,0,0
IND150.BSE_IDX,01/07/2025,09:24:48,19103.64,0,0,0,0,0,0
IND150.BSE_IDX,01/07/2025,09:24:57,19102.76,0,0,0,0,0,0
IND150.BSE_IDX,01/07/2025,09:25:03,19103.26,0,0,0,0,0,0
IND150.BSE_IDX,01/07/2025,09:25:12,19105.16,0,0,0,0,0,0
IND150.BSE_IDX,01/07/2025,09:25:20,19106.41,0,0,0,0,0,0
IND150.BSE_IDX,01/07/2025,09:25:29,19105.75,0,0,0,0,0,0
IND150.BSE_IDX,01/07/2025,09:25:35,19109.79,0,0,0,0,0,0
IND150.BSE_IDX,01/07/2025,09:25:43,19109.96,0,0,0,0,0,0
IND150.BSE_IDX,01/07/2025,09:25:51,19110.47,0,0,0,0,0,0
IND150.BSE_IDX,01/07/2025,09:25:59,19110.86,0,0,0,0,0,0
IND150.BSE_IDX,01/07/2025,09:26:08,19108.82,0,0,0,0,0,0
IND150.BSE_IDX,01/07/2025,09:26:15,19107.92,0,0,0,0,0,0
IND150.BSE_IDX,01/07/2025,09:26:24,19110.06,0,0,0,0,0,0
IND150.BSE_IDX,01/07/2025,09:26:31,19110.82,0,0,0,0,0,0
IND150.BSE_IDX,01/07/2025,09:26:40,19110.84,0,0,0,0,0,0
IND150.BSE_IDX,01/07/2025,09:26:48,19110.99,0,0,0,0,0,0
IND150.BSE_IDX,01/07/2025,09:26:55,19112.86,0,0,0,0,0,0
IND150.BSE_IDX,01/07/2025,09:27:04,19114.18,0,0,0,0,0,0
IND150.BSE_IDX,01/07/2025,09:27:12,19112.96,0,0,0,0,0,0
IND150.BSE_IDX,01/07/2025,09:27:19,19113.76,0,0,0,0,0,0
IND150.BSE_IDX,01/07/2025,09:27:28,19112.54,0,0,0,0,0,0
IND150.BSE_IDX,01/07/2025,09:27:36,19111.78,0,0,0,0,0,0
IND150.BSE_IDX,01/07/2025,09:27:44,19111.58,0,0,0,0,0,0
IND150.BSE_IDX,01/07/2025,09:27:52,19112.05,0,0,0,0,0,0
IND150.BSE_IDX,01/07/2025,09:28:00,19114.4,0,0,0,0,0,0
IND150.BSE_IDX,01/07/2025,09:28:08,19112.57,0,0,0,0,0,0
IND150.BSE_IDX,01/07/2025,09:28:16,19112.76,0,0,0,0,0,0
IND150.BSE_IDX,01/07/2025,09:28:24,19110.31,0,0,0,0,0,0
IND150.BSE_IDX,01/07/2025,09:28:32,19108.87,0,0,0,0,0,0
IND150.BSE_IDX,01/07/2025,09:28:40,19106.25,0,0,0,0,0,0
IND150.BSE_IDX,01/07/2025,09:28:48,19105.83,0,0,0,0,0,0
IND150.BSE_IDX,01/07/2025,09:28:56,19104.84,0,0,0,0,0,0
IND150.BSE_IDX,01/07/2025,09:29:04,19105.8,0,0,0,0,0,0
IND150.BSE_IDX,01/07/2025,09:29:12,19105.58,0,0,0,0,0,0
IND150.BSE_IDX,01/07/2025,09:29:20,19103.76,0,0,0,0,0,0
IND150.BSE_IDX,01/07/2025,09:29:28,19103.6,0,0,0,0,0,0
IND150.BSE_IDX,01/07/2025,09:29:36,19103.97,0,0,0,0,0,0
IND150.BSE_IDX,01/07/2025,09:29:44,19105.69,0,0,0,0,0,0
IND150.BSE_IDX,01/07/2025,09:29:52,19106.01,0,0,0,0,0,0
IND150.BSE_IDX,01/07/2025,09:30:00,19107.28,0,0,0,0,0,0
IND150.BSE_IDX,01/07/2025,09:30:08,19109.48,0,0,0,0,0,0
IND150.BSE_IDX,01/07/2025,09:30:16,19115.64,0,0,0,0,0,0
IND150.BSE_IDX,01/07/2025,09:30:24,19116.57,0,0,0,0,0,0
IND150.BSE_IDX,01/07/2025,09:30:32,19118.36,0,0,0,0,0,0
IND150.BSE_IDX,01/07/2025,09:30:40,19119.38,0,0,0,0,0,0
IND150.BSE_IDX,01/07/2025,09:30:48,19119.63,0,0,0,0,0,0
IND150.BSE_IDX,01/07/2025,09:30:56,19117.63,0,0,0,0,0,0
IND150.BSE_IDX,01/07/2025,09:31:04,19117.96,0,0,0,0,0,0
IND150.BSE_IDX,01/07/2025,09:31:12,19114.43,0,0,0,0,0,0
IND150.BSE_IDX,01/07/2025,09:31:20,19112.57,0,0,0,0,0,0
IND150.BSE_IDX,01/07/2025,09:31:28,19111.65,0,0,0,0,0,0
IND150.BSE_IDX,01/07/2025,09:31:36,19111.07,0,0,0,0,0,0
IND150.BSE_IDX,01/07/2025,09:31:44,19109.87,0,0,0,0,0,0
IND150.BSE_IDX,01/07/2025,09:31:52,19111,0,0,0,0,0,0
IND150.BSE_IDX,01/07/2025,09:32:00,19112.38,0,0,0,0,0,0
IND150.BSE_IDX,01/07/2025,09:32:08,19110.44,0,0,0,0,0,0
IND150.BSE_IDX,01/07/2025,09:32:16,19109.41,0,0,0,0,0,0
IND150.BSE_IDX,01/07/2025,09:32:24,19108.99,0,0,0,0,0,0
IND150.BSE_IDX,01/07/2025,09:32:32,19110.25,0,0,0,0,0,0
IND150.BSE_IDX,01/07/2025,09:32:40,19109.46,0,0,0,0,0,0
IND150.BSE_IDX,01/07/2025,09:32:48,19110.83,0,0,0,0,0,0
IND150.BSE_IDX,01/07/2025,09:32:56,19113.13,0,0,0,0,0,0
IND150.BSE_IDX,01/07/2025,09:33:04,19115.03,0,0,0,0,0,0
IND150.BSE_IDX,01/07/2025,09:33:12,19115.77,0,0,0,0,0,0
IND150.BSE_IDX,01/07/2025,09:33:20,19116.78,0,0,0,0,0,0
IND150.BSE_IDX,01/07/2025,09:33:28,19116.89,0,0,0,0,0,0
IND150.BSE_IDX,01/07/2025,09:33:36,19116.57,0,0,0,0,0,0
IND150.BSE_IDX,01/07/2025,09:33:44,19115.84,0,0,0,0,0,0
IND150.BSE_IDX,01/07/2025,09:33:52,19115.84,0,0,0,0,0,0
IND150.BSE_IDX,01/07/2025,09:34:00,19115.91,0,0,0,0,0,0
IND150.BSE_IDX,01/07/2025,09:34:08,19114.92,0,0,0,0,0,0
IND150.BSE_IDX,01/07/2025,09:34:16,19113.93,0,0,0,0,0,0
IND150.BSE_IDX,01/07/2025,09:34:24,19114.68,0,0,0,0,0,0
IND150.BSE_IDX,01/07/2025,09:34:32,19114.67,0,0,0,0,0,0
IND150.BSE_IDX,01/07/2025,09:34:40,19115.41,0,0,0,0,0,0
IND150.BSE_IDX,01/07/2025,09:34:48,19116.09,0,0,0,0,0,0
IND150.BSE_IDX,01/07/2025,09:34:56,19116.22,0,0,0,0,0,0
IND150.BSE_IDX,01/07/2025,09:35:05,19114.97,0,0,0,0,0,0
IND150.BSE_IDX,01/07/2025,09:35:12,19114.55,0,0,0,0,0,0
IND150.BSE_IDX,01/07/2025,09:35:20,19111.74,0,0,0,0,0,0
IND150.BSE_IDX,01/07/2025,09:35:28,19111.36,0,0,0,0,0,0
IND150.BSE_IDX,01/07/2025,09:35:36,19112.62,0,0,0,0,0,0
IND150.BSE_IDX,01/07/2025,09:35:44,19112.59,0,0,0,0,0,0
IND150.BSE_IDX,01/07/2025,09:35:52,19111.26,0,0,0,0,0,0
IND150.BSE_IDX,01/07/2025,09:36:00,19111.85,0,0,0,0,0,0
IND150.BSE_IDX,01/07/2025,09:36:08,19111.39,0,0,0,0,0,0
IND150.BSE_IDX,01/07/2025,09:36:16,19110.76,0,0,0,0,0,0
IND150.BSE_IDX,01/07/2025,09:36:24,19110.68,0,0,0,0,0,0
IND150.BSE_IDX,01/07/2025,09:36:33,19109.74,0,0,0,0,0,0
IND150.BSE_IDX,01/07/2025,09:36:40,19107.33,0,0,0,0,0,0
IND150.BSE_IDX,01/07/2025,09:36:48,19110.35,0,0,0,0,0,0
IND150.BSE_IDX,01/07/2025,09:36:56,19110.28,0,0,0,0,0,0
IND150.BSE_IDX,01/07/2025,09:37:04,19111.35,0,0,0,0,0,0
IND150.BSE_IDX,01/07/2025,09:37:12,19112.01,0,0,0,0,0,0
IND150.BSE_IDX,01/07/2025,09:37:20,19111.49,0,0,0,0,0,0
IND150.BSE_IDX,01/07/2025,09:37:28,19112.43,0,0,0,0,0,0
IND150.BSE_IDX,01/07/2025,09:37:36,19111.52,0,0,0,0,0,0
IND150.BSE_IDX,01/07/2025,09:37:44,19112.53,0,0,0,0,0,0
IND150.BSE_IDX,01/07/2025,09:37:52,19111.96,0,0,0,0,0,0
IND150.BSE_IDX,01/07/2025,09:38:00,19112.63,0,0,0,0,0,0
IND150.BSE_IDX,01/07/2025,09:38:08,19111.41,0,0,0,0,0,0
IND150.BSE_IDX,01/07/2025,09:38:16,19109.9,0,0,0,0,0,0
IND150.BSE_IDX,01/07/2025,09:38:24,19110.28,0,0,0,0,0,0
IND150.BSE_IDX,01/07/2025,09:38:32,19108.9,0,0,0,0,0,0
IND150.BSE_IDX,01/07/2025,09:38:40,19107.12,0,0,0,0,0,0
IND150.BSE_IDX,01/07/2025,09:38:48,19107.95,0,0,0,0,0,0
IND150.BSE_IDX,01/07/2025,09:38:56,19107.8,0,0,0,0,0,0
IND150.BSE_IDX,01/07/2025,09:39:04,19105.15,0,0,0,0,0,0
IND150.BSE_IDX,01/07/2025,09:39:12,19107.09,0,0,0,0,0,0
IND150.BSE_IDX,01/07/2025,09:39:20,19107.88,0,0,0,0,0,0
IND150.BSE_IDX,01/07/2025,09:39:28,19107.85,0,0,0,0,0,0
IND150.BSE_IDX,01/07/2025,09:39:36,19108.81,0,0,0,0,0,0
IND150.BSE_IDX,01/07/2025,09:39:44,19110.25,0,0,0,0,0,0
IND150.BSE_IDX,01/07/2025,09:39:52,19111.14,0,0,0,0,0,0
IND150.BSE_IDX,01/07/2025,09:40:00,19111.78,0,0,0,0,0,0
IND150.BSE_IDX,01/07/2025,09:40:08,19113.16,0,0,0,0,0,0
IND150.BSE_IDX,01/07/2025,09:40:16,19113.64,0,0,0,0,0,0
IND150.BSE_IDX,01/07/2025,09:40:24,19114.5,0,0,0,0,0,0
IND150.BSE_IDX,01/07/2025,09:40:32,19111.45,0,0,0,0,0,0
IND150.BSE_IDX,01/07/2025,09:40:40,19111.3,0,0,0,0,0,0
IND150.BSE_IDX,01/07/2025,09:40:48,19111.27,0,0,0,0,0,0
IND150.BSE_IDX,01/07/2025,09:40:56,19111.29,0,0,0,0,0,0
IND150.BSE_IDX,01/07/2025,09:41:04,19110.09,0,0,0,0,0,0
IND150.BSE_IDX,01/07/2025,09:41:12,19111.06,0,0,0,0,0,0
IND150.BSE_IDX,01/07/2025,09:41:20,19112.23,0,0,0,0,0,0
IND150.BSE_IDX,01/07/2025,09:41:28,19113.05,0,0,0,0,0,0
IND150.BSE_IDX,01/07/2025,09:41:36,19113.71,0,0,0,0,0,0
IND150.BSE_IDX,01/07/2025,09:41:44,19112.14,0,0,0,0,0,0
IND150.BSE_IDX,01/07/2025,09:41:52,19112.1,0,0,0,0,0,0
IND150.BSE_IDX,01/07/2025,09:42:00,19113.3,0,0,0,0,0,0
IND150.BSE_IDX,01/07/2025,09:42:08,19114.68,0,0,0,0,0,0
IND150.BSE_IDX,01/07/2025,09:42:16,19114.21,0,0,0,0,0,0
IND150.BSE_IDX,01/07/2025,09:42:24,19112.89,0,0,0,0,0,0
IND150.BSE_IDX,01/07/2025,09:42:32,19112.65,0,0,0,0,0,0
IND150.BSE_IDX,01/07/2025,09:42:40,19112.63,0,0,0,0,0,0
IND150.BSE_IDX,01/07/2025,09:42:48,19114.19,0,0,0,0,0,0
IND150.BSE_IDX,01/07/2025,09:42:56,19116.6,0,0,0,0,0,0
IND150.BSE_IDX,01/07/2025,09:43:04,19115.11,0,0,0,0,0,0
IND150.BSE_IDX,01/07/2025,09:43:12,19114.25,0,0,0,0,0,0
IND150.BSE_IDX,01/07/2025,09:43:20,19113.41,0,0,0,0,0,0
IND150.BSE_IDX,01/07/2025,09:43:28,19114.45,0,0,0,0,0,0
IND150.BSE_IDX,01/07/2025,09:43:36,19113.91,0,0,0,0,0,0
IND150.BSE_IDX,01/07/2025,09:43:44,19113.44,0,0,0,0,0,0
IND150.BSE_IDX,01/07/2025,09:43:53,19112.69,0,0,0,0,0,0
IND150.BSE_IDX,01/07/2025,09:44:00,19112.67,0,0,0,0,0,0
IND150.BSE_IDX,01/07/2025,09:44:08,19112.5,0,0,0,0,0,0
IND150.BSE_IDX,01/07/2025,09:44:16,19111.9,0,0,0,0,0,0
IND150.BSE_IDX,01/07/2025,09:44:24,19113.26,0,0,0,0,0,0
IND150.BSE_IDX,01/07/2025,09:44:32,19113.34,0,0,0,0,0,0
IND150.BSE_IDX,01/07/2025,09:44:40,19112.63,0,0,0,0,0,0
IND150.BSE_IDX,01/07/2025,09:44:48,19112.22,0,0,0,0,0,0
IND150.BSE_IDX,01/07/2025,09:44:56,19111.11,0,0,0,0,0,0
IND150.BSE_IDX,01/07/2025,09:45:05,19109.35,0,0,0,0,0,0
IND150.BSE_IDX,01/07/2025,09:45:12,19106.92,0,0,0,0,0,0
IND150.BSE_IDX,01/07/2025,09:45:20,19105.63,0,0,0,0,0,0
IND150.BSE_IDX,01/07/2025,09:45:28,19107.13,0,0,0,0,0,0
IND150.BSE_IDX,01/07/2025,09:45:36,19105.19,0,0,0,0,0,0
IND150.BSE_IDX,01/07/2025,09:45:44,19102.54,0,0,0,0,0,0
IND150.BSE_IDX,01/07/2025,09:45:52,19103.18,0,0,0,0,0,0
IND150.BSE_IDX,01/07/2025,09:46:01,19102.8,0,0,0,0,0,0
IND150.BSE_IDX,01/07/2025,09:46:08,19100.14,0,0,0,0,0,0
IND150.BSE_IDX,01/07/2025,09:46:16,19100.61,0,0,0,0,0,0
IND150.BSE_IDX,01/07/2025,09:46:24,19101.07,0,0,0,0,0,0
IND150.BSE_IDX,01/07/2025,09:46:32,19101.62,0,0,0,0,0,0
IND150.BSE_IDX,01/07/2025,09:46:40,19102.29,0,0,0,0,0,0
IND150.BSE_IDX,01/07/2025,09:46:48,19101.73,0,0,0,0,0,0
IND150.BSE_IDX,01/07/2025,09:46:56,19102.16,0,0,0,0,0,0
IND150.BSE_IDX,01/07/2025,09:47:04,19101.36,0,0,0,0,0,0
IND150.BSE_IDX,01/07/2025,09:47:12,19102.28,0,0,0,0,0,0
IND150.BSE_IDX,01/07/2025,09:47:20,19101.27,0,0,0,0,0,0
IND150.BSE_IDX,01/07/2025,09:47:28,19100.58,0,0,0,0,0,0
IND150.BSE_IDX,01/07/2025,09:47:36,19099.82,0,0,0,0,0,0
IND150.BSE_IDX,01/07/2025,09:47:44,19100.26,0,0,0,0,0,0
IND150.BSE_IDX,01/07/2025,09:47:52,19103.15,0,0,0,0,0,0
IND150.BSE_IDX,01/07/2025,09:48:00,19104.57,0,0,0,0,0,0
IND150.BSE_IDX,01/07/2025,09:48:08,19104.95,0,0,0,0,0,0
IND150.BSE_IDX,01/07/2025,09:48:16,19107.3,0,0,0,0,0,0
IND150.BSE_IDX,01/07/2025,09:48:24,19110.02,0,0,0,0,0,0
IND150.BSE_IDX,01/07/2025,09:48:32,19112.07,0,0,0,0,0,0
IND150.BSE_IDX,01/07/2025,09:48:40,19110.2,0,0,0,0,0,0
IND150.BSE_IDX,01/07/2025,09:48:48,19109.46,0,0,0,0,0,0
IND150.BSE_IDX,01/07/2025,09:48:56,19109.87,0,0,0,0,0,0
IND150.BSE_IDX,01/07/2025,09:49:04,19111.37,0,0,0,0,0,0
IND150.BSE_IDX,01/07/2025,09:49:12,19111.62,0,0,0,0,0,0
IND150.BSE_IDX,01/07/2025,09:49:20,19111.46,0,0,0,0,0,0
IND150.BSE_IDX,01/07/2025,09:49:28,19112.23,0,0,0,0,0,0
IND150.BSE_IDX,01/07/2025,09:49:36,19112.78,0,0,0,0,0,0
IND150.BSE_IDX,01/07/2025,09:49:44,19113.91,0,0,0,0,0,0
IND150.BSE_IDX,01/07/2025,09:49:52,19114.7,0,0,0,0,0,0
IND150.BSE_IDX,01/07/2025,09:50:00,19114.35,0,0,0,0,0,0
IND150.BSE_IDX,01/07/2025,09:50:08,19115.2,0,0,0,0,0,0
IND150.BSE_IDX,01/07/2025,09:50:16,19115.21,0,0,0,0,0,0
IND150.BSE_IDX,01/07/2025,09:50:24,19115.46,0,0,0,0,0,0
IND150.BSE_IDX,01/07/2025,09:50:32,19112.89,0,0,0,0,0,0
IND150.BSE_IDX,01/07/2025,09:50:40,19109.9,0,0,0,0,0,0
IND150.BSE_IDX,01/07/2025,09:50:48,19110.47,0,0,0,0,0,0
IND150.BSE_IDX,01/07/2025,09:50:57,19109.64,0,0,0,0,0,0
IND150.BSE_IDX,01/07/2025,09:51:04,19109.52,0,0,0,0,0,0
IND150.BSE_IDX,01/07/2025,09:51:12,19111.52,0,0,0,0,0,0
IND150.BSE_IDX,01/07/2025,09:51:20,19111.02,0,0,0,0,0,0
IND150.BSE_IDX,01/07/2025,09:51:28,19108.72,0,0,0,0,0,0
IND150.BSE_IDX,01/07/2025,09:51:37,19105.9,0,0,0,0,0,0
IND150.BSE_IDX,01/07/2025,09:51:44,19107.65,0,0,0,0,0,0
IND150.BSE_IDX,01/07/2025,09:51:52,19105.56,0,0,0,0,0,0
IND150.BSE_IDX,01/07/2025,09:52:01,19103.99,0,0,0,0,0,0
IND150.BSE_IDX,01/07/2025,09:52:08,19101.39,0,0,0,0,0,0
IND150.BSE_IDX,01/07/2025,09:52:17,19097.96,0,0,0,0,0,0
IND150.BSE_IDX,01/07/2025,09:52:24,19097.37,0,0,0,0,0,0
IND150.BSE_IDX,01/07/2025,09:52:32,19099.83,0,0,0,0,0,0
IND150.BSE_IDX,01/07/2025,09:52:40,19099.53,0,0,0,0,0,0
IND150.BSE_IDX,01/07/2025,09:52:48,19100.63,0,0,0,0,0,0
IND150.BSE_IDX,01/07/2025,09:52:57,19100.35,0,0,0,0,0,0
IND150.BSE_IDX,01/07/2025,09:53:13,19101.12,0,0,0,0,0,0
IND150.BSE_IDX,01/07/2025,09:53:20,19102.19,0,0,0,0,0,0
IND150.BSE_IDX,01/07/2025,09:53:28,19102.51,0,0,0,0,0,0
IND150.BSE_IDX,01/07/2025,09:53:36,19102.26,0,0,0,0,0,0
IND150.BSE_IDX,01/07/2025,09:53:44,19100.9,0,0,0,0,0,0
IND150.BSE_IDX,01/07/2025,09:53:52,19100.23,0,0,0,0,0,0
IND150.BSE_IDX,01/07/2025,09:54:00,19097.38,0,0,0,0,0,0
IND150.BSE_IDX,01/07/2025,09:54:08,19095.07,0,0,0,0,0,0
IND150.BSE_IDX,01/07/2025,09:54:16,19094.88,0,0,0,0,0,0
IND150.BSE_IDX,01/07/2025,09:54:24,19092.99,0,0,0,0,0,0
IND150.BSE_IDX,01/07/2025,09:54:32,19092.35,0,0,0,0,0,0
IND150.BSE_IDX,01/07/2025,09:54:40,19091.46,0,0,0,0,0,0
IND150.BSE_IDX,01/07/2025,09:54:48,19091.77,0,0,0,0,0,0
IND150.BSE_IDX,01/07/2025,09:54:56,19091.64,0,0,0,0,0,0
IND150.BSE_IDX,01/07/2025,09:55:04,19090.51,0,0,0,0,0,0
IND150.BSE_IDX,01/07/2025,09:55:12,19091.14,0,0,0,0,0,0
IND150.BSE_IDX,01/07/2025,09:55:20,19090.39,0,0,0,0,0,0
IND150.BSE_IDX,01/07/2025,09:55:28,19090.62,0,0,0,0,0,0
IND150.BSE_IDX,01/07/2025,09:55:36,19090.62,0,0,0,0,0,0
IND150.BSE_IDX,01/07/2025,09:55:44,19089.15,0,0,0,0,0,0
IND150.BSE_IDX,01/07/2025,09:55:52,19087.87,0,0,0,0,0,0
IND150.BSE_IDX,01/07/2025,09:56:00,19088.17,0,0,0,0,0,0
IND150.BSE_IDX,01/07/2025,09:56:08,19087.84,0,0,0,0,0,0
IND150.BSE_IDX,01/07/2025,09:56:16,19088.12,0,0,0,0,0,0
IND150.BSE_IDX,01/07/2025,09:56:25,19088.55,0,0,0,0,0,0
IND150.BSE_IDX,01/07/2025,09:56:33,19087.48,0,0,0,0,0,0
IND150.BSE_IDX,01/07/2025,09:56:41,19087.33,0,0,0,0,0,0
IND150.BSE_IDX,01/07/2025,09:56:48,19088.17,0,0,0,0,0,0
IND150.BSE_IDX,01/07/2025,09:56:57,19087.26,0,0,0,0,0,0
IND150.BSE_IDX,01/07/2025,09:57:04,19087.4,0,0,0,0,0,0
IND150.BSE_IDX,01/07/2025,09:57:12,19088.52,0,0,0,0,0,0
IND150.BSE_IDX,01/07/2025,09:57:20,19089.89,0,0,0,0,0,0
IND150.BSE_IDX,01/07/2025,09:57:28,19090.23,0,0,0,0,0,0
IND150.BSE_IDX,01/07/2025,09:57:36,19089.11,0,0,0,0,0,0
IND150.BSE_IDX,01/07/2025,09:57:44,19091.14,0,0,0,0,0,0
IND150.BSE_IDX,01/07/2025,09:57:52,19090.59,0,0,0,0,0,0
IND150.BSE_IDX,01/07/2025,09:58:00,19090.02,0,0,0,0,0,0
IND150.BSE_IDX,01/07/2025,09:58:08,19090.63,0,0,0,0,0,0
IND150.BSE_IDX,01/07/2025,09:58:16,19092.11,0,0,0,0,0,0
IND150.BSE_IDX,01/07/2025,09:58:24,19090.47,0,0,0,0,0,0
IND150.BSE_IDX,01/07/2025,09:58:32,19092.31,0,0,0,0,0,0
IND150.BSE_IDX,01/07/2025,09:58:40,19094.04,0,0,0,0,0,0
IND150.BSE_IDX,01/07/2025,09:58:48,19094.92,0,0,0,0,0,0
IND150.BSE_IDX,01/07/2025,09:58:56,19096.43,0,0,0,0,0,0
IND150.BSE_IDX,01/07/2025,09:59:05,19098.19,0,0,0,0,0,0
IND150.BSE_IDX,01/07/2025,09:59:12,19097.58,0,0,0,0,0,0
IND150.BSE_IDX,01/07/2025,09:59:20,19098.53,0,0,0,0,0,0
IND150.BSE_IDX,01/07/2025,09:59:28,19099.37,0,0,0,0,0,0
IND150.BSE_IDX,01/07/2025,09:59:36,19099.31,0,0,0,0,0,0
IND150.BSE_IDX,01/07/2025,09:59:45,19099.7,0,0,0,0,0,0
IND150.BSE_IDX,01/07/2025,09:59:52,19099.54,0,0,0,0,0,0
IND150.BSE_IDX,01/07/2025,10:00:01,19099.37,0,0,0,0,0,0
IND150.BSE_IDX,01/07/2025,10:00:08,19102.38,0,0,0,0,0,0
IND150.BSE_IDX,01/07/2025,10:00:16,19102.95,0,0,0,0,0,0
IND150.BSE_IDX,01/07/2025,10:00:25,19101.71,0,0,0,0,0,0
IND150.BSE_IDX,01/07/2025,10:00:32,19101.32,0,0,0,0,0,0
IND150.BSE_IDX,01/07/2025,10:00:40,19101.21,0,0,0,0,0,0
IND150.BSE_IDX,01/07/2025,10:00:49,19100.84,0,0,0,0,0,0
IND150.BSE_IDX,01/07/2025,10:00:57,19100.64,0,0,0,0,0,0
IND150.BSE_IDX,01/07/2025,10:01:04,19098.31,0,0,0,0,0,0
IND150.BSE_IDX,01/07/2025,10:01:12,19095.4,0,0,0,0,0,0
IND150.BSE_IDX,01/07/2025,10:01:21,19095.46,0,0,0,0,0,0
IND150.BSE_IDX,01/07/2025,10:01:29,19094.34,0,0,0,0,0,0
IND150.BSE_IDX,01/07/2025,10:01:37,19093.64,0,0,0,0,0,0
IND150.BSE_IDX,01/07/2025,10:01:44,19093.39,0,0,0,0,0,0
IND150.BSE_IDX,01/07/2025,10:01:52,19091.71,0,0,0,0,0,0
IND150.BSE_IDX,01/07/2025,10:02:00,19090.93,0,0,0,0,0,0
IND150.BSE_IDX,01/07/2025,10:02:09,19090.58,0,0,0,0,0,0
IND150.BSE_IDX,01/07/2025,10:02:17,19089.99,0,0,0,0,0,0
IND150.BSE_IDX,01/07/2025,10:02:24,19090.11,0,0,0,0,0,0
IND150.BSE_IDX,01/07/2025,10:02:32,19087.62,0,0,0,0,0,0
IND150.BSE_IDX,01/07/2025,10:02:41,19087.97,0,0,0,0,0,0
IND150.BSE_IDX,01/07/2025,10:02:49,19088.2,0,0,0,0,0,0
IND150.BSE_IDX,01/07/2025,10:02:57,19086.79,0,0,0,0,0,0
IND150.BSE_IDX,01/07/2025,10:03:04,19085.8,0,0,0,0,0,0
IND150.BSE_IDX,01/07/2025,10:03:13,19084.24,0,0,0,0,0,0
IND150.BSE_IDX,01/07/2025,10:03:20,19081.05,0,0,0,0,0,0
IND150.BSE_IDX,01/07/2025,10:03:29,19080.62,0,0,0,0,0,0
IND150.BSE_IDX,01/07/2025,10:03:37,19081.96,0,0,0,0,0,0
IND150.BSE_IDX,01/07/2025,10:03:45,19082.36,0,0,0,0,0,0
IND150.BSE_IDX,01/07/2025,10:03:53,19083.15,0,0,0,0,0,0
IND150.BSE_IDX,01/07/2025,10:04:01,19084.09,0,0,0,0,0,0
IND150.BSE_IDX,01/07/2025,10:04:09,19084.01,0,0,0,0,0,0
IND150.BSE_IDX,01/07/2025,10:04:17,19083.7,0,0,0,0,0,0
IND150.BSE_IDX,01/07/2025,10:04:25,19083.33,0,0,0,0,0,0
IND150.BSE_IDX,01/07/2025,10:04:33,19087.44,0,0,0,0,0,0
IND150.BSE_IDX,01/07/2025,10:04:41,19089.57,0,0,0,0,0,0
IND150.BSE_IDX,01/07/2025,10:04:50,19089.93,0,0,0,0,0,0
IND150.BSE_IDX,01/07/2025,10:04:57,19089.57,0,0,0,0,0,0
IND150.BSE_IDX,01/07/2025,10:05:05,19085.56,0,0,0,0,0,0
IND150.BSE_IDX,01/07/2025,10:05:14,19084.46,0,0,0,0,0,0
IND150.BSE_IDX,01/07/2025,10:05:21,19082.57,0,0,0,0,0,0
IND150.BSE_IDX,01/07/2025,10:05:29,19077.97,0,0,0,0,0,0
IND150.BSE_IDX,01/07/2025,10:05:37,19076.91,0,0,0,0,0,0
IND150.BSE_IDX,01/07/2025,10:05:45,19081.19,0,0,0,0,0,0
IND150.BSE_IDX,01/07/2025,10:05:53,19083,0,0,0,0,0,0
IND150.BSE_IDX,01/07/2025,10:06:01,19083.06,0,0,0,0,0,0
IND150.BSE_IDX,01/07/2025,10:06:09,19084.08,0,0,0,0,0,0
IND150.BSE_IDX,01/07/2025,10:06:17,19085.38,0,0,0,0,0,0
IND150.BSE_IDX,01/07/2025,10:06:25,19086.32,0,0,0,0,0,0
IND150.BSE_IDX,01/07/2025,10:06:33,19087.06,0,0,0,0,0,0
IND150.BSE_IDX,01/07/2025,10:06:41,19087.53,0,0,0,0,0,0
IND150.BSE_IDX,01/07/2025,10:06:49,19086.91,0,0,0,0,0,0
IND150.BSE_IDX,01/07/2025,10:06:57,19086.95,0,0,0,0,0,0
IND150.BSE_IDX,01/07/2025,10:07:05,19088.36,0,0,0,0,0,0
IND150.BSE_IDX,01/07/2025,10:07:13,19088.76,0,0,0,0,0,0
IND150.BSE_IDX,01/07/2025,10:07:21,19089.13,0,0,0,0,0,0
IND150.BSE_IDX,01/07/2025,10:07:29,19089.87,0,0,0,0,0,0
IND150.BSE_IDX,01/07/2025,10:07:37,19091.19,0,0,0,0,0,0
IND150.BSE_IDX,01/07/2025,10:07:45,19092.11,0,0,0,0,0,0
IND150.BSE_IDX,01/07/2025,10:07:53,19092.06,0,0,0,0,0,0
IND150.BSE_IDX,01/07/2025,10:08:01,19092.38,0,0,0,0,0,0
IND150.BSE_IDX,01/07/2025,10:08:09,19092.58,0,0,0,0,0,0
IND150.BSE_IDX,01/07/2025,10:08:17,19094.13,0,0,0,0,0,0
IND150.BSE_IDX,01/07/2025,10:08:25,19094.45,0,0,0,0,0,0
IND150.BSE_IDX,01/07/2025,10:08:33,19093.81,0,0,0,0,0,0
IND150.BSE_IDX,01/07/2025,10:08:41,19092.39,0,0,0,0,0,0
IND150.BSE_IDX,01/07/2025,10:08:49,19092.41,0,0,0,0,0,0
IND150.BSE_IDX,01/07/2025,10:08:57,19091.01,0,0,0,0,0,0
IND150.BSE_IDX,01/07/2025,10:09:05,19086.85,0,0,0,0,0,0
IND150.BSE_IDX,01/07/2025,10:09:13,19086.12,0,0,0,0,0,0
IND150.BSE_IDX,01/07/2025,10:09:21,19084.48,0,0,0,0,0,0
IND150.BSE_IDX,01/07/2025,10:09:29,19083.97,0,0,0,0,0,0
IND150.BSE_IDX,01/07/2025,10:09:37,19086.1,0,0,0,0,0,0
IND150.BSE_IDX,01/07/2025,10:09:45,19086.14,0,0,0,0,0,0
IND150.BSE_IDX,01/07/2025,10:09:53,19086.68,0,0,0,0,0,0
IND150.BSE_IDX,01/07/2025,10:10:01,19088.47,0,0,0,0,0,0
IND150.BSE_IDX,01/07/2025,10:10:09,19087.43,0,0,0,0,0,0
IND150.BSE_IDX,01/07/2025,10:10:17,19087.43,0,0,0,0,0,0
IND150.BSE_IDX,01/07/2025,10:10:25,19087.45,0,0,0,0,0,0
IND150.BSE_IDX,01/07/2025,10:10:33,19088.12,0,0,0,0,0,0
IND150.BSE_IDX,01/07/2025,10:10:41,19087.62,0,0,0,0,0,0
IND150.BSE_IDX,01/07/2025,10:10:49,19087.78,0,0,0,0,0,0
IND150.BSE_IDX,01/07/2025,10:10:57,19087.28,0,0,0,0,0,0
IND150.BSE_IDX,01/07/2025,10:11:05,19086.95,0,0,0,0,0,0
IND150.BSE_IDX,01/07/2025,10:11:13,19085.8,0,0,0,0,0,0
IND150.BSE_IDX,01/07/2025,10:11:22,19085.79,0,0,0,0,0,0
IND150.BSE_IDX,01/07/2025,10:11:29,19083.65,0,0,0,0,0,0
IND150.BSE_IDX,01/07/2025,10:11:37,19083.32,0,0,0,0,0,0
IND150.BSE_IDX,01/07/2025,10:11:45,19082.76,0,0,0,0,0,0
IND150.BSE_IDX,01/07/2025,10:11:53,19083.96,0,0,0,0,0,0
IND150.BSE_IDX,01/07/2025,10:12:01,19086.4,0,0,0,0,0,0
IND150.BSE_IDX,01/07/2025,10:12:09,19086.66,0,0,0,0,0,0
IND150.BSE_IDX,01/07/2025,10:12:17,19083.63,0,0,0,0,0,0
IND150.BSE_IDX,01/07/2025,10:12:25,19082.33,0,0,0,0,0,0
IND150.BSE_IDX,01/07/2025,10:12:33,19081.46,0,0,0,0,0,0
IND150.BSE_IDX,01/07/2025,10:12:41,19080.7,0,0,0,0,0,0
IND150.BSE_IDX,01/07/2025,10:12:49,19078.45,0,0,0,0,0,0
IND150.BSE_IDX,01/07/2025,10:12:57,19073.58,0,0,0,0,0,0
IND150.BSE_IDX,01/07/2025,10:13:05,19072.49,0,0,0,0,0,0
IND150.BSE_IDX,01/07/2025,10:13:13,19072.91,0,0,0,0,0,0
IND150.BSE_IDX,01/07/2025,10:13:21,19076.32,0,0,0,0,0,0
IND150.BSE_IDX,01/07/2025,10:13:29,19076.61,0,0,0,0,0,0
IND150.BSE_IDX,01/07/2025,10:13:37,19076.23,0,0,0,0,0,0
IND150.BSE_IDX,01/07/2025,10:13:45,19075.85,0,0,0,0,0,0
IND150.BSE_IDX,01/07/2025,10:13:53,19075.24,0,0,0,0,0,0
IND150.BSE_IDX,01/07/2025,10:14:01,19072.74,0,0,0,0,0,0
IND150.BSE_IDX,01/07/2025,10:14:09,19072.49,0,0,0,0,0,0
IND150.BSE_IDX,01/07/2025,10:14:17,19073.1,0,0,0,0,0,0
IND150.BSE_IDX,01/07/2025,10:14:25,19072.42,0,0,0,0,0,0
IND150.BSE_IDX,01/07/2025,10:14:33,19073.21,0,0,0,0,0,0
IND150.BSE_IDX,01/07/2025,10:14:41,19070.84,0,0,0,0,0,0
IND150.BSE_IDX,01/07/2025,10:14:49,19070.8,0,0,0,0,0,0
IND150.BSE_IDX,01/07/2025,10:14:57,19071.39,0,0,0,0,0,0
IND150.BSE_IDX,01/07/2025,10:15:05,19069.93,0,0,0,0,0,0
IND150.BSE_IDX,01/07/2025,10:15:13,19068.61,0,0,0,0,0,0
IND150.BSE_IDX,01/07/2025,10:15:21,19068.9,0,0,0,0,0,0
IND150.BSE_IDX,01/07/2025,10:15:29,19067.02,0,0,0,0,0,0
IND150.BSE_IDX,01/07/2025,10:15:37,19068.94,0,0,0,0,0,0
IND150.BSE_IDX,01/07/2025,10:15:45,19070.88,0,0,0,0,0,0
IND150.BSE_IDX,01/07/2025,10:15:53,19071.49,0,0,0,0,0,0
IND150.BSE_IDX,01/07/2025,10:16:01,19070.86,0,0,0,0,0,0
IND150.BSE_IDX,01/07/2025,10:16:09,19072.53,0,0,0,0,0,0
IND150.BSE_IDX,01/07/2025,10:16:17,19072.22,0,0,0,0,0,0
IND150.BSE_IDX,01/07/2025,10:16:25,19072.96,0,0,0,0,0,0
IND150.BSE_IDX,01/07/2025,10:16:33,19072.5,0,0,0,0,0,0
IND150.BSE_IDX,01/07/2025,10:16:41,19072.33,0,0,0,0,0,0
IND150.BSE_IDX,01/07/2025,10:16:49,19072.25,0,0,0,0,0,0
IND150.BSE_IDX,01/07/2025,10:16:57,19072.54,0,0,0,0,0,0
IND150.BSE_IDX,01/07/2025,10:17:05,19072.79,0,0,0,0,0,0
IND150.BSE_IDX,01/07/2025,10:17:13,19072.03,0,0,0,0,0,0
IND150.BSE_IDX,01/07/2025,10:17:21,19074.44,0,0,0,0,0,0
IND150.BSE_IDX,01/07/2025,10:17:29,19074.05,0,0,0,0,0,0
IND150.BSE_IDX,01/07/2025,10:17:37,19075.63,0,0,0,0,0,0
IND150.BSE_IDX,01/07/2025,10:17:45,19076.96,0,0,0,0,0,0
IND150.BSE_IDX,01/07/2025,10:17:53,19078.25,0,0,0,0,0,0
IND150.BSE_IDX,01/07/2025,10:18:01,19078.65,0,0,0,0,0,0
IND150.BSE_IDX,01/07/2025,10:18:09,19079.54,0,0,0,0,0,0
IND150.BSE_IDX,01/07/2025,10:18:17,19081.01,0,0,0,0,0,0
IND150.BSE_IDX,01/07/2025,10:18:25,19081.06,0,0,0,0,0,0
IND150.BSE_IDX,01/07/2025,10:18:33,19080.72,0,0,0,0,0,0
IND150.BSE_IDX,01/07/2025,10:18:41,19080.2,0,0,0,0,0,0
IND150.BSE_IDX,01/07/2025,10:18:49,19079.15,0,0,0,0,0,0
IND150.BSE_IDX,01/07/2025,10:18:57,19078.09,0,0,0,0,0,0
IND150.BSE_IDX,01/07/2025,10:19:05,19076.04,0,0,0,0,0,0
IND150.BSE_IDX,01/07/2025,10:19:13,19076.33,0,0,0,0,0,0
IND150.BSE_IDX,01/07/2025,10:19:21,19077.07,0,0,0,0,0,0
IND150.BSE_IDX,01/07/2025,10:19:29,19077.75,0,0,0,0,0,0
IND150.BSE_IDX,01/07/2025,10:19:37,19075.66,0,0,0,0,0,0
IND150.BSE_IDX,01/07/2025,10:19:45,19076.92,0,0,0,0,0,0
IND150.BSE_IDX,01/07/2025,10:19:53,19074.94,0,0,0,0,0,0
IND150.BSE_IDX,01/07/2025,10:20:01,19075.22,0,0,0,0,0,0
IND150.BSE_IDX,01/07/2025,10:20:09,19076.23,0,0,0,0,0,0
IND150.BSE_IDX,01/07/2025,10:20:17,19076.53,0,0,0,0,0,0
IND150.BSE_IDX,01/07/2025,10:20:25,19076.11,0,0,0,0,0,0
IND150.BSE_IDX,01/07/2025,10:20:33,19075.74,0,0,0,0,0,0
IND150.BSE_IDX,01/07/2025,10:20:41,19076.55,0,0,0,0,0,0
IND150.BSE_IDX,01/07/2025,10:20:49,19074.59,0,0,0,0,0,0
IND150.BSE_IDX,01/07/2025,10:21:05,19072.94,0,0,0,0,0,0
IND150.BSE_IDX,01/07/2025,10:21:13,19071.72,0,0,0,0,0,0
IND150.BSE_IDX,01/07/2025,10:21:21,19071.87,0,0,0,0,0,0
IND150.BSE_IDX,01/07/2025,10:21:29,19071.26,0,0,0,0,0,0
IND150.BSE_IDX,01/07/2025,10:21:37,19071.2,0,0,0,0,0,0
IND150.BSE_IDX,01/07/2025,10:21:45,19069.19,0,0,0,0,0,0
IND150.BSE_IDX,01/07/2025,10:21:53,19070.65,0,0,0,0,0,0
IND150.BSE_IDX,01/07/2025,10:22:01,19070.86,0,0,0,0,0,0
IND150.BSE_IDX,01/07/2025,10:22:09,19070.79,0,0,0,0,0,0
IND150.BSE_IDX,01/07/2025,10:22:17,19069.07,0,0,0,0,0,0
IND150.BSE_IDX,01/07/2025,10:22:25,19069.49,0,0,0,0,0,0
IND150.BSE_IDX,01/07/2025,10:22:33,19068.39,0,0,0,0,0,0
IND150.BSE_IDX,01/07/2025,10:22:41,19069.02,0,0,0,0,0,0
IND150.BSE_IDX,01/07/2025,10:22:49,19068.67,0,0,0,0,0,0
IND150.BSE_IDX,01/07/2025,10:22:57,19069.88,0,0,0,0,0,0
IND150.BSE_IDX,01/07/2025,10:23:05,19069.07,0,0,0,0,0,0
IND150.BSE_IDX,01/07/2025,10:23:13,19069.69,0,0,0,0,0,0
IND150.BSE_IDX,01/07/2025,10:23:21,19068.97,0,0,0,0,0,0
IND150.BSE_IDX,01/07/2025,10:23:29,19070.29,0,0,0,0,0,0
IND150.BSE_IDX,01/07/2025,10:23:37,19070.88,0,0,0,0,0,0
IND150.BSE_IDX,01/07/2025,10:23:45,19071.15,0,0,0,0,0,0
IND150.BSE_IDX,01/07/2025,10:23:53,19070.52,0,0,0,0,0,0
IND150.BSE_IDX,01/07/2025,10:24:01,19071.22,0,0,0,0,0,0
IND150.BSE_IDX,01/07/2025,10:24:09,19070.45,0,0,0,0,0,0
IND150.BSE_IDX,01/07/2025,10:24:17,19068.99,0,0,0,0,0,0
IND150.BSE_IDX,01/07/2025,10:24:25,19069.16,0,0,0,0,0,0
IND150.BSE_IDX,01/07/2025,10:24:33,19067.49,0,0,0,0,0,0
IND150.BSE_IDX,01/07/2025,10:24:41,19067.2,0,0,0,0,0,0
IND150.BSE_IDX,01/07/2025,10:24:49,19067.64,0,0,0,0,0,0
IND150.BSE_IDX,01/07/2025,10:24:57,19067.94,0,0,0,0,0,0
IND150.BSE_IDX,01/07/2025,10:25:05,19067.34,0,0,0,0,0,0
IND150.BSE_IDX,01/07/2025,10:25:13,19067.84,0,0,0,0,0,0
IND150.BSE_IDX,01/07/2025,10:25:21,19067.35,0,0,0,0,0,0
IND150.BSE_IDX,01/07/2025,10:25:29,19066.63,0,0,0,0,0,0
IND150.BSE_IDX,01/07/2025,10:25:37,19067.21,0,0,0,0,0,0
IND150.BSE_IDX,01/07/2025,10:25:45,19067.02,0,0,0,0,0,0
IND150.BSE_IDX,01/07/2025,10:25:53,19067.92,0,0,0,0,0,0
IND150.BSE_IDX,01/07/2025,10:26:01,19068.92,0,0,0,0,0,0
IND150.BSE_IDX,01/07/2025,10:26:09,19069.21,0,0,0,0,0,0
IND150.BSE_IDX,01/07/2025,10:26:17,19069.24,0,0,0,0,0,0
IND150.BSE_IDX,01/07/2025,10:26:25,19069.54,0,0,0,0,0,0
IND150.BSE_IDX,01/07/2025,10:26:33,19069.27,0,0,0,0,0,0
IND150.BSE_IDX,01/07/2025,10:26:49,19069.48,0,0,0,0,0,0
IND150.BSE_IDX,01/07/2025,10:26:57,19069.78,0,0,0,0,0,0
IND150.BSE_IDX,01/07/2025,10:27:05,19070.73,0,0,0,0,0,0
IND150.BSE_IDX,01/07/2025,10:27:13,19071.18,0,0,0,0,0,0
IND150.BSE_IDX,01/07/2025,10:27:21,19070.56,0,0,0,0,0,0
IND150.BSE_IDX,01/07/2025,10:27:29,19072.17,0,0,0,0,0,0
IND150.BSE_IDX,01/07/2025,10:27:37,19072.1,0,0,0,0,0,0
IND150.BSE_IDX,01/07/2025,10:27:45,19072.35,0,0,0,0,0,0
IND150.BSE_IDX,01/07/2025,10:27:53,19073.22,0,0,0,0,0,0
IND150.BSE_IDX,01/07/2025,10:28:01,19075.37,0,0,0,0,0,0
IND150.BSE_IDX,01/07/2025,10:28:09,19076.56,0,0,0,0,0,0
IND150.BSE_IDX,01/07/2025,10:28:17,19075.2,0,0,0,0,0,0
IND150.BSE_IDX,01/07/2025,10:28:25,19074.74,0,0,0,0,0,0
IND150.BSE_IDX,01/07/2025,10:28:33,19075.95,0,0,0,0,0,0
IND150.BSE_IDX,01/07/2025,10:28:41,19075.83,0,0,0,0,0,0
IND150.BSE_IDX,01/07/2025,10:28:49,19077.86,0,0,0,0,0,0
IND150.BSE_IDX,01/07/2025,10:28:57,19077.69,0,0,0,0,0,0
IND150.BSE_IDX,01/07/2025,10:29:05,19078.51,0,0,0,0,0,0
IND150.BSE_IDX,01/07/2025,10:29:13,19078.87,0,0,0,0,0,0
IND150.BSE_IDX,01/07/2025,10:29:21,19079.46,0,0,0,0,0,0
IND150.BSE_IDX,01/07/2025,10:29:29,19078.56,0,0,0,0,0,0
IND150.BSE_IDX,01/07/2025,10:29:37,19077.74,0,0,0,0,0,0
IND150.BSE_IDX,01/07/2025,10:29:46,19077.68,0,0,0,0,0,0
IND150.BSE_IDX,01/07/2025,10:29:54,19078.58,0,0,0,0,0,0
IND150.BSE_IDX,01/07/2025,10:30:01,19078.64,0,0,0,0,0,0
IND150.BSE_IDX,01/07/2025,10:30:09,19078.61,0,0,0,0,0,0
IND150.BSE_IDX,01/07/2025,10:30:17,19080.36,0,0,0,0,0,0
IND150.BSE_IDX,01/07/2025,10:30:25,19082.72,0,0,0,0,0,0
IND150.BSE_IDX,01/07/2025,10:30:33,19082.2,0,0,0,0,0,0
IND150.BSE_IDX,01/07/2025,10:30:41,19082.63,0,0,0,0,0,0
IND150.BSE_IDX,01/07/2025,10:30:49,19081.74,0,0,0,0,0,0
IND150.BSE_IDX,01/07/2025,10:30:57,19079.68,0,0,0,0,0,0
IND150.BSE_IDX,01/07/2025,10:31:05,19080.68,0,0,0,0,0,0
IND150.BSE_IDX,01/07/2025,10:31:13,19080.19,0,0,0,0,0,0
IND150.BSE_IDX,01/07/2025,10:31:22,19079.58,0,0,0,0,0,0
IND150.BSE_IDX,01/07/2025,10:31:29,19079.4,0,0,0,0,0,0
IND150.BSE_IDX,01/07/2025,10:31:37,19078.61,0,0,0,0,0,0
IND150.BSE_IDX,01/07/2025,10:31:46,19077.35,0,0,0,0,0,0
IND150.BSE_IDX,01/07/2025,10:31:53,19078.5,0,0,0,0,0,0
IND150.BSE_IDX,01/07/2025,10:32:01,19079.48,0,0,0,0,0,0
IND150.BSE_IDX,01/07/2025,10:32:10,19077.54,0,0,0,0,0,0
IND150.BSE_IDX,01/07/2025,10:32:17,19078.1,0,0,0,0,0,0
IND150.BSE_IDX,01/07/2025,10:32:25,19079.08,0,0,0,0,0,0
IND150.BSE_IDX,01/07/2025,10:32:33,19079.6,0,0,0,0,0,0
IND150.BSE_IDX,01/07/2025,10:32:41,19079.79,0,0,0,0,0,0
IND150.BSE_IDX,01/07/2025,10:32:49,19080.67,0,0,0,0,0,0
IND150.BSE_IDX,01/07/2025,10:32:57,19082.29,0,0,0,0,0,0
IND150.BSE_IDX,01/07/2025,10:33:06,19082.7,0,0,0,0,0,0
IND150.BSE_IDX,01/07/2025,10:33:13,19083.43,0,0,0,0,0,0
IND150.BSE_IDX,01/07/2025,10:33:22,19083.48,0,0,0,0,0,0
IND150.BSE_IDX,01/07/2025,10:33:29,19083.34,0,0,0,0,0,0
IND150.BSE_IDX,01/07/2025,10:33:37,19084.09,0,0,0,0,0,0
IND150.BSE_IDX,01/07/2025,10:33:45,19084.69,0,0,0,0,0,0
IND150.BSE_IDX,01/07/2025,10:33:53,19084.14,0,0,0,0,0,0
IND150.BSE_IDX,01/07/2025,10:34:01,19082.85,0,0,0,0,0,0
IND150.BSE_IDX,01/07/2025,10:34:09,19082.46,0,0,0,0,0,0
IND150.BSE_IDX,01/07/2025,10:34:17,19081.71,0,0,0,0,0,0
IND150.BSE_IDX,01/07/2025,10:34:25,19082.21,0,0,0,0,0,0
IND150.BSE_IDX,01/07/2025,10:34:33,19082.94,0,0,0,0,0,0
IND150.BSE_IDX,01/07/2025,10:34:41,19082.36,0,0,0,0,0,0
IND150.BSE_IDX,01/07/2025,10:34:49,19082.5,0,0,0,0,0,0
IND150.BSE_IDX,01/07/2025,10:34:58,19081.99,0,0,0,0,0,0
IND150.BSE_IDX,01/07/2025,10:35:06,19082.63,0,0,0,0,0,0
IND150.BSE_IDX,01/07/2025,10:35:14,19082.59,0,0,0,0,0,0
IND150.BSE_IDX,01/07/2025,10:35:21,19082.64,0,0,0,0,0,0
IND150.BSE_IDX,01/07/2025,10:35:29,19081.35,0,0,0,0,0,0
IND150.BSE_IDX,01/07/2025,10:35:37,19080.29,0,0,0,0,0,0
IND150.BSE_IDX,01/07/2025,10:35:45,19079.73,0,0,0,0,0,0
IND150.BSE_IDX,01/07/2025,10:35:54,19080.25,0,0,0,0,0,0
IND150.BSE_IDX,01/07/2025,10:36:02,19080.49,0,0,0,0,0,0
IND150.BSE_IDX,01/07/2025,10:36:10,19079.17,0,0,0,0,0,0
IND150.BSE_IDX,01/07/2025,10:36:18,19079.36,0,0,0,0,0,0
IND150.BSE_IDX,01/07/2025,10:36:25,19078.56,0,0,0,0,0,0
IND150.BSE_IDX,01/07/2025,10:36:34,19080.42,0,0,0,0,0,0
IND150.BSE_IDX,01/07/2025,10:36:42,19080.5,0,0,0,0,0,0
IND150.BSE_IDX,01/07/2025,10:36:49,19080.1,0,0,0,0,0,0
IND150.BSE_IDX,01/07/2025,10:36:58,19079.13,0,0,0,0,0,0
IND150.BSE_IDX,01/07/2025,10:37:06,19079.19,0,0,0,0,0,0
IND150.BSE_IDX,01/07/2025,10:37:14,19078.32,0,0,0,0,0,0
IND150.BSE_IDX,01/07/2025,10:37:22,19077.91,0,0,0,0,0,0
IND150.BSE_IDX,01/07/2025,10:37:30,19077.87,0,0,0,0,0,0
IND150.BSE_IDX,01/07/2025,10:37:38,19076.96,0,0,0,0,0,0
IND150.BSE_IDX,01/07/2025,10:37:46,19076.23,0,0,0,0,0,0
IND150.BSE_IDX,01/07/2025,10:37:54,19074.75,0,0,0,0,0,0
IND150.BSE_IDX,01/07/2025,10:38:02,19074.55,0,0,0,0,0,0
IND150.BSE_IDX,01/07/2025,10:38:10,19075.11,0,0,0,0,0,0
IND150.BSE_IDX,01/07/2025,10:38:18,19075.47,0,0,0,0,0,0
IND150.BSE_IDX,01/07/2025,10:38:26,19076.03,0,0,0,0,0,0
IND150.BSE_IDX,01/07/2025,10:38:34,19075.11,0,0,0,0,0,0
IND150.BSE_IDX,01/07/2025,10:38:42,19076.24,0,0,0,0,0,0
IND150.BSE_IDX,01/07/2025,10:38:50,19077.09,0,0,0,0,0,0
IND150.BSE_IDX,01/07/2025,10:38:58,19077.57,0,0,0,0,0,0
IND150.BSE_IDX,01/07/2025,10:39:06,19080.14,0,0,0,0,0,0
IND150.BSE_IDX,01/07/2025,10:39:14,19081.05,0,0,0,0,0,0
IND150.BSE_IDX,01/07/2025,10:39:22,19081.91,0,0,0,0,0,0
IND150.BSE_IDX,01/07/2025,10:39:30,19082.1,0,0,0,0,0,0
IND150.BSE_IDX,01/07/2025,10:39:38,19082.13,0,0,0,0,0,0
IND150.BSE_IDX,01/07/2025,10:39:46,19082.45,0,0,0,0,0,0
IND150.BSE_IDX,01/07/2025,10:39:54,19083.29,0,0,0,0,0,0
IND150.BSE_IDX,01/07/2025,10:40:02,19084.11,0,0,0,0,0,0
IND150.BSE_IDX,01/07/2025,10:40:10,19082.19,0,0,0,0,0,0
IND150.BSE_IDX,01/07/2025,10:40:18,19082.74,0,0,0,0,0,0
IND150.BSE_IDX,01/07/2025,10:40:26,19081.64,0,0,0,0,0,0
IND150.BSE_IDX,01/07/2025,10:40:34,19081.87,0,0,0,0,0,0
IND150.BSE_IDX,01/07/2025,10:40:42,19080.99,0,0,0,0,0,0
IND150.BSE_IDX,01/07/2025,10:40:50,19081.5,0,0,0,0,0,0
IND150.BSE_IDX,01/07/2025,10:40:58,19081.59,0,0,0,0,0,0
IND150.BSE_IDX,01/07/2025,10:41:06,19081.11,0,0,0,0,0,0
IND150.BSE_IDX,01/07/2025,10:41:14,19079.76,0,0,0,0,0,0
IND150.BSE_IDX,01/07/2025,10:41:22,19081.19,0,0,0,0,0,0
IND150.BSE_IDX,01/07/2025,10:41:30,19080.78,0,0,0,0,0,0
IND150.BSE_IDX,01/07/2025,10:41:38,19083.4,0,0,0,0,0,0
IND150.BSE_IDX,01/07/2025,10:41:46,19082.06,0,0,0,0,0,0
IND150.BSE_IDX,01/07/2025,10:41:54,19082.01,0,0,0,0,0,0
IND150.BSE_IDX,01/07/2025,10:42:02,19082.41,0,0,0,0,0,0
IND150.BSE_IDX,01/07/2025,10:42:10,19082.88,0,0,0,0,0,0
IND150.BSE_IDX,01/07/2025,10:42:18,19083.66,0,0,0,0,0,0
IND150.BSE_IDX,01/07/2025,10:42:26,19083.32,0,0,0,0,0,0
IND150.BSE_IDX,01/07/2025,10:42:34,19082.54,0,0,0,0,0,0
IND150.BSE_IDX,01/07/2025,10:42:42,19081.65,0,0,0,0,0,0
IND150.BSE_IDX,01/07/2025,10:42:50,19081.46,0,0,0,0,0,0
IND150.BSE_IDX,01/07/2025,10:42:58,19080.08,0,0,0,0,0,0
IND150.BSE_IDX,01/07/2025,10:43:06,19081.11,0,0,0,0,0,0
IND150.BSE_IDX,01/07/2025,10:43:14,19081.61,0,0,0,0,0,0
IND150.BSE_IDX,01/07/2025,10:43:22,19081.04,0,0,0,0,0,0
IND150.BSE_IDX,01/07/2025,10:43:30,19081.13,0,0,0,0,0,0
IND150.BSE_IDX,01/07/2025,10:43:38,19079.62,0,0,0,0,0,0
IND150.BSE_IDX,01/07/2025,10:43:46,19080.29,0,0,0,0,0,0
IND150.BSE_IDX,01/07/2025,10:43:54,19079.03,0,0,0,0,0,0
IND150.BSE_IDX,01/07/2025,10:44:02,19078.28,0,0,0,0,0,0
IND150.BSE_IDX,01/07/2025,10:44:10,19076.82,0,0,0,0,0,0
IND150.BSE_IDX,01/07/2025,10:44:18,19076.36,0,0,0,0,0,0
IND150.BSE_IDX,01/07/2025,10:44:26,19076.41,0,0,0,0,0,0
IND150.BSE_IDX,01/07/2025,10:44:34,19075.96,0,0,0,0,0,0
IND150.BSE_IDX,01/07/2025,10:44:42,19076.17,0,0,0,0,0,0
IND150.BSE_IDX,01/07/2025,10:44:50,19076.57,0,0,0,0,0,0
IND150.BSE_IDX,01/07/2025,10:44:58,19074.62,0,0,0,0,0,0
IND150.BSE_IDX,01/07/2025,10:45:07,19073.73,0,0,0,0,0,0
IND150.BSE_IDX,01/07/2025,10:45:14,19074.03,0,0,0,0,0,0
IND150.BSE_IDX,01/07/2025,10:45:22,19073.01,0,0,0,0,0,0
IND150.BSE_IDX,01/07/2025,10:45:30,19073.79,0,0,0,0,0,0
IND150.BSE_IDX,01/07/2025,10:45:38,19073.2,0,0,0,0,0,0
IND150.BSE_IDX,01/07/2025,10:45:46,19074.62,0,0,0,0,0,0
IND150.BSE_IDX,01/07/2025,10:45:54,19072.84,0,0,0,0,0,0
IND150.BSE_IDX,01/07/2025,10:46:02,19072.22,0,0,0,0,0,0
IND150.BSE_IDX,01/07/2025,10:46:10,19071.64,0,0,0,0,0,0
IND150.BSE_IDX,01/07/2025,10:46:18,19071.97,0,0,0,0,0,0
IND150.BSE_IDX,01/07/2025,10:46:26,19072.55,0,0,0,0,0,0
IND150.BSE_IDX,01/07/2025,10:46:34,19071.95,0,0,0,0,0,0
IND150.BSE_IDX,01/07/2025,10:46:42,19072.18,0,0,0,0,0,0
IND150.BSE_IDX,01/07/2025,10:46:50,19073.12,0,0,0,0,0,0
IND150.BSE_IDX,01/07/2025,10:46:58,19072.4,0,0,0,0,0,0
IND150.BSE_IDX,01/07/2025,10:47:06,19072.93,0,0,0,0,0,0
IND150.BSE_IDX,01/07/2025,10:47:14,19072.04,0,0,0,0,0,0
IND150.BSE_IDX,01/07/2025,10:47:22,19071.44,0,0,0,0,0,0
IND150.BSE_IDX,01/07/2025,10:47:30,19071.27,0,0,0,0,0,0
IND150.BSE_IDX,01/07/2025,10:47:38,19072.12,0,0,0,0,0,0
IND150.BSE_IDX,01/07/2025,10:47:46,19072.54,0,0,0,0,0,0
IND150.BSE_IDX,01/07/2025,10:47:54,19073.93,0,0,0,0,0,0
IND150.BSE_IDX,01/07/2025,10:48:02,19073.99,0,0,0,0,0,0
IND150.BSE_IDX,01/07/2025,10:48:10,19073.68,0,0,0,0,0,0
IND150.BSE_IDX,01/07/2025,10:48:18,19073.95,0,0,0,0,0,0
IND150.BSE_IDX,01/07/2025,10:48:26,19075.11,0,0,0,0,0,0
IND150.BSE_IDX,01/07/2025,10:48:34,19074.75,0,0,0,0,0,0
IND150.BSE_IDX,01/07/2025,10:48:42,19075.03,0,0,0,0,0,0
IND150.BSE_IDX,01/07/2025,10:48:50,19076.62,0,0,0,0,0,0
IND150.BSE_IDX,01/07/2025,10:48:58,19076.02,0,0,0,0,0,0
IND150.BSE_IDX,01/07/2025,10:49:06,19075.58,0,0,0,0,0,0
IND150.BSE_IDX,01/07/2025,10:49:14,19073.22,0,0,0,0,0,0
IND150.BSE_IDX,01/07/2025,10:49:22,19071.99,0,0,0,0,0,0
IND150.BSE_IDX,01/07/2025,10:49:30,19071.53,0,0,0,0,0,0
IND150.BSE_IDX,01/07/2025,10:49:38,19070.72,0,0,0,0,0,0
IND150.BSE_IDX,01/07/2025,10:49:46,19071.13,0,0,0,0,0,0
IND150.BSE_IDX,01/07/2025,10:49:54,19070.24,0,0,0,0,0,0
IND150.BSE_IDX,01/07/2025,10:50:02,19070,0,0,0,0,0,0
IND150.BSE_IDX,01/07/2025,10:50:10,19069.08,0,0,0,0,0,0
IND150.BSE_IDX,01/07/2025,10:50:18,19069.18,0,0,0,0,0,0
IND150.BSE_IDX,01/07/2025,10:50:26,19068.76,0,0,0,0,0,0
IND150.BSE_IDX,01/07/2025,10:50:34,19070.15,0,0,0,0,0,0
IND150.BSE_IDX,01/07/2025,10:50:42,19069.95,0,0,0,0,0,0
IND150.BSE_IDX,01/07/2025,10:50:50,19069.25,0,0,0,0,0,0
IND150.BSE_IDX,01/07/2025,10:50:58,19069.47,0,0,0,0,0,0
IND150.BSE_IDX,01/07/2025,10:51:06,19068.97,0,0,0,0,0,0
IND150.BSE_IDX,01/07/2025,10:51:14,19068.74,0,0,0,0,0,0
IND150.BSE_IDX,01/07/2025,10:51:22,19068.01,0,0,0,0,0,0
IND150.BSE_IDX,01/07/2025,10:51:30,19067.8,0,0,0,0,0,0
IND150.BSE_IDX,01/07/2025,10:51:38,19068.07,0,0,0,0,0,0
IND150.BSE_IDX,01/07/2025,10:51:46,19067.76,0,0,0,0,0,0
IND150.BSE_IDX,01/07/2025,10:51:54,19066.12,0,0,0,0,0,0
IND150.BSE_IDX,01/07/2025,10:52:02,19065.67,0,0,0,0,0,0
IND150.BSE_IDX,01/07/2025,10:52:10,19065.84,0,0,0,0,0,0
IND150.BSE_IDX,01/07/2025,10:52:18,19063.91,0,0,0,0,0,0
IND150.BSE_IDX,01/07/2025,10:52:26,19062.58,0,0,0,0,0,0
IND150.BSE_IDX,01/07/2025,10:52:34,19061.97,0,0,0,0,0,0
IND150.BSE_IDX,01/07/2025,10:52:43,19059.81,0,0,0,0,0,0
IND150.BSE_IDX,01/07/2025,10:52:50,19059.18,0,0,0,0,0,0
IND150.BSE_IDX,01/07/2025,10:52:58,19058.17,0,0,0,0,0,0
IND150.BSE_IDX,01/07/2025,10:53:06,19057.65,0,0,0,0,0,0
IND150.BSE_IDX,01/07/2025,10:53:14,19057.34,0,0,0,0,0,0
IND150.BSE_IDX,01/07/2025,10:53:22,19057.31,0,0,0,0,0,0
IND150.BSE_IDX,01/07/2025,10:53:30,19058.47,0,0,0,0,0,0
IND150.BSE_IDX,01/07/2025,10:53:38,19059.2,0,0,0,0,0,0
IND150.BSE_IDX,01/07/2025,10:53:46,19059.95,0,0,0,0,0,0
IND150.BSE_IDX,01/07/2025,10:53:54,19059.87,0,0,0,0,0,0
IND150.BSE_IDX,01/07/2025,10:54:02,19060.71,0,0,0,0,0,0
IND150.BSE_IDX,01/07/2025,10:54:10,19060.74,0,0,0,0,0,0
IND150.BSE_IDX,01/07/2025,10:54:18,19060.84,0,0,0,0,0,0
IND150.BSE_IDX,01/07/2025,10:54:26,19060.59,0,0,0,0,0,0
IND150.BSE_IDX,01/07/2025,10:54:34,19061.82,0,0,0,0,0,0
IND150.BSE_IDX,01/07/2025,10:54:42,19063.12,0,0,0,0,0,0
IND150.BSE_IDX,01/07/2025,10:54:51,19063.54,0,0,0,0,0,0
IND150.BSE_IDX,01/07/2025,10:54:58,19063.3,0,0,0,0,0,0
IND150.BSE_IDX,01/07/2025,10:55:06,19063.43,0,0,0,0,0,0
IND150.BSE_IDX,01/07/2025,10:55:14,19062.58,0,0,0,0,0,0
IND150.BSE_IDX,01/07/2025,10:55:22,19062.73,0,0,0,0,0,0
IND150.BSE_IDX,01/07/2025,10:55:30,19062.4,0,0,0,0,0,0
IND150.BSE_IDX,01/07/2025,10:55:38,19062.22,0,0,0,0,0,0
IND150.BSE_IDX,01/07/2025,10:55:46,19061.42,0,0,0,0,0,0
IND150.BSE_IDX,01/07/2025,10:55:54,19061.2,0,0,0,0,0,0
IND150.BSE_IDX,01/07/2025,10:56:02,19059.65,0,0,0,0,0,0
IND150.BSE_IDX,01/07/2025,10:56:10,19059.49,0,0,0,0,0,0
IND150.BSE_IDX,01/07/2025,10:56:18,19058.68,0,0,0,0,0,0
IND150.BSE_IDX,01/07/2025,10:56:26,19057.58,0,0,0,0,0,0
IND150.BSE_IDX,01/07/2025,10:56:34,19058.06,0,0,0,0,0,0
IND150.BSE_IDX,01/07/2025,10:56:42,19057.58,0,0,0,0,0,0
IND150.BSE_IDX,01/07/2025,10:56:50,19057.56,0,0,0,0,0,0
IND150.BSE_IDX,01/07/2025,10:56:58,19055.94,0,0,0,0,0,0
IND150.BSE_IDX,01/07/2025,10:57:06,19055.52,0,0,0,0,0,0
IND150.BSE_IDX,01/07/2025,10:57:14,19055.03,0,0,0,0,0,0
IND150.BSE_IDX,01/07/2025,10:57:22,19055.06,0,0,0,0,0,0
IND150.BSE_IDX,01/07/2025,10:57:30,19054.41,0,0,0,0,0,0
IND150.BSE_IDX,01/07/2025,10:57:39,19055.73,0,0,0,0,0,0
IND150.BSE_IDX,01/07/2025,10:57:46,19056.08,0,0,0,0,0,0
IND150.BSE_IDX,01/07/2025,10:57:54,19055.69,0,0,0,0,0,0
IND150.BSE_IDX,01/07/2025,10:58:02,19055.5,0,0,0,0,0,0
IND150.BSE_IDX,01/07/2025,10:58:10,19055.86,0,0,0,0,0,0
IND150.BSE_IDX,01/07/2025,10:58:18,19054.23,0,0,0,0,0,0
IND150.BSE_IDX,01/07/2025,10:58:26,19054.06,0,0,0,0,0,0
IND150.BSE_IDX,01/07/2025,10:58:34,19054.9,0,0,0,0,0,0
IND150.BSE_IDX,01/07/2025,10:58:42,19054.8,0,0,0,0,0,0
IND150.BSE_IDX,01/07/2025,10:58:50,19056.29,0,0,0,0,0,0
IND150.BSE_IDX,01/07/2025,10:58:58,19054.54,0,0,0,0,0,0
IND150.BSE_IDX,01/07/2025,10:59:06,19054.21,0,0,0,0,0,0
IND150.BSE_IDX,01/07/2025,10:59:14,19054.17,0,0,0,0,0,0
IND150.BSE_IDX,01/07/2025,10:59:22,19053.86,0,0,0,0,0,0
IND150.BSE_IDX,01/07/2025,10:59:30,19053.53,0,0,0,0,0,0
IND150.BSE_IDX,01/07/2025,10:59:38,19052.42,0,0,0,0,0,0
IND150.BSE_IDX,01/07/2025,10:59:47,19052.49,0,0,0,0,0,0
IND150.BSE_IDX,01/07/2025,10:59:55,19052.43,0,0,0,0,0,0
IND150.BSE_IDX,01/07/2025,11:00:03,19052.35,0,0,0,0,0,0
IND150.BSE_IDX,01/07/2025,11:00:11,19051.3,0,0,0,0,0,0
IND150.BSE_IDX,01/07/2025,11:00:18,19052.42,0,0,0,0,0,0
IND150.BSE_IDX,01/07/2025,11:00:26,19052.74,0,0,0,0,0,0
IND150.BSE_IDX,01/07/2025,11:00:34,19053.19,0,0,0,0,0,0
IND150.BSE_IDX,01/07/2025,11:00:42,19052.54,0,0,0,0,0,0
IND150.BSE_IDX,01/07/2025,11:00:50,19053.34,0,0,0,0,0,0
IND150.BSE_IDX,01/07/2025,11:00:58,19053.67,0,0,0,0,0,0
IND150.BSE_IDX,01/07/2025,11:01:06,19053.77,0,0,0,0,0,0
IND150.BSE_IDX,01/07/2025,11:01:15,19054.45,0,0,0,0,0,0
IND150.BSE_IDX,01/07/2025,11:01:22,19051.88,0,0,0,0,0,0
IND150.BSE_IDX,01/07/2025,11:01:30,19051.9,0,0,0,0,0,0
IND150.BSE_IDX,01/07/2025,11:01:38,19051.3,0,0,0,0,0,0
IND150.BSE_IDX,01/07/2025,11:01:46,19049.6,0,0,0,0,0,0
IND150.BSE_IDX,01/07/2025,11:01:54,19049.32,0,0,0,0,0,0
IND150.BSE_IDX,01/07/2025,11:02:02,19050.73,0,0,0,0,0,0
IND150.BSE_IDX,01/07/2025,11:02:10,19048.85,0,0,0,0,0,0
IND150.BSE_IDX,01/07/2025,11:02:18,19049.37,0,0,0,0,0,0
IND150.BSE_IDX,01/07/2025,11:02:27,19049.87,0,0,0,0,0,0
IND150.BSE_IDX,01/07/2025,11:02:34,19050.23,0,0,0,0,0,0
IND150.BSE_IDX,01/07/2025,11:02:42,19048.45,0,0,0,0,0,0
IND150.BSE_IDX,01/07/2025,11:02:51,19048.89,0,0,0,0,0,0
IND150.BSE_IDX,01/07/2025,11:02:58,19047.77,0,0,0,0,0,0
IND150.BSE_IDX,01/07/2025,11:03:06,19047.14,0,0,0,0,0,0
IND150.BSE_IDX,01/07/2025,11:03:14,19047.04,0,0,0,0,0,0
IND150.BSE_IDX,01/07/2025,11:03:22,19046.96,0,0,0,0,0,0
IND150.BSE_IDX,01/07/2025,11:03:31,19046.44,0,0,0,0,0,0
IND150.BSE_IDX,01/07/2025,11:03:38,19046.68,0,0,0,0,0,0
IND150.BSE_IDX,01/07/2025,11:03:46,19047.16,0,0,0,0,0,0
IND150.BSE_IDX,01/07/2025,11:03:54,19046.66,0,0,0,0,0,0
IND150.BSE_IDX,01/07/2025,11:04:02,19047.23,0,0,0,0,0,0
IND150.BSE_IDX,01/07/2025,11:04:10,19046.29,0,0,0,0,0,0
IND150.BSE_IDX,01/07/2025,11:04:18,19046.35,0,0,0,0,0,0
IND150.BSE_IDX,01/07/2025,11:04:27,19046.31,0,0,0,0,0,0
IND150.BSE_IDX,01/07/2025,11:04:34,19046.81,0,0,0,0,0,0
IND150.BSE_IDX,01/07/2025,11:04:42,19046.35,0,0,0,0,0,0
IND150.BSE_IDX,01/07/2025,11:04:51,19047.75,0,0,0,0,0,0
IND150.BSE_IDX,01/07/2025,11:04:58,19047.86,0,0,0,0,0,0
IND150.BSE_IDX,01/07/2025,11:05:06,19048.95,0,0,0,0,0,0
IND150.BSE_IDX,01/07/2025,11:05:14,19049.78,0,0,0,0,0,0
IND150.BSE_IDX,01/07/2025,11:05:22,19049.34,0,0,0,0,0,0
IND150.BSE_IDX,01/07/2025,11:05:31,19050.28,0,0,0,0,0,0
IND150.BSE_IDX,01/07/2025,11:05:39,19050.18,0,0,0,0,0,0
IND150.BSE_IDX,01/07/2025,11:05:46,19050.56,0,0,0,0,0,0
IND150.BSE_IDX,01/07/2025,11:05:54,19050.93,0,0,0,0,0,0
IND150.BSE_IDX,01/07/2025,11:06:03,19051.11,0,0,0,0,0,0
IND150.BSE_IDX,01/07/2025,11:06:11,19052.55,0,0,0,0,0,0
IND150.BSE_IDX,01/07/2025,11:06:19,19054.41,0,0,0,0,0,0
IND150.BSE_IDX,01/07/2025,11:06:27,19054.14,0,0,0,0,0,0
IND150.BSE_IDX,01/07/2025,11:06:34,19052.67,0,0,0,0,0,0
IND150.BSE_IDX,01/07/2025,11:06:43,19052.88,0,0,0,0,0,0
IND150.BSE_IDX,01/07/2025,11:06:51,19053.94,0,0,0,0,0,0
IND150.BSE_IDX,01/07/2025,11:06:58,19054.25,0,0,0,0,0,0
IND150.BSE_IDX,01/07/2025,11:07:06,19054.31,0,0,0,0,0,0
IND150.BSE_IDX,01/07/2025,11:07:15,19054.8,0,0,0,0,0,0
IND150.BSE_IDX,01/07/2025,11:07:22,19054.75,0,0,0,0,0,0
IND150.BSE_IDX,01/07/2025,11:07:31,19054.92,0,0,0,0,0,0
IND150.BSE_IDX,01/07/2025,11:07:39,19055.11,0,0,0,0,0,0
IND150.BSE_IDX,01/07/2025,11:07:46,19056.3,0,0,0,0,0,0
IND150.BSE_IDX,01/07/2025,11:07:55,19057.28,0,0,0,0,0,0
IND150.BSE_IDX,01/07/2025,11:08:02,19057.75,0,0,0,0,0,0
IND150.BSE_IDX,01/07/2025,11:08:11,19057.32,0,0,0,0,0,0
IND150.BSE_IDX,01/07/2025,11:08:18,19057.47,0,0,0,0,0,0
IND150.BSE_IDX,01/07/2025,11:08:27,19058.07,0,0,0,0,0,0
IND150.BSE_IDX,01/07/2025,11:08:35,19056.03,0,0,0,0,0,0
IND150.BSE_IDX,01/07/2025,11:08:43,19056.71,0,0,0,0,0,0
IND150.BSE_IDX,01/07/2025,11:08:51,19057.88,0,0,0,0,0,0
IND150.BSE_IDX,01/07/2025,11:08:58,19058.66,0,0,0,0,0,0
IND150.BSE_IDX,01/07/2025,11:09:07,19058.69,0,0,0,0,0,0
IND150.BSE_IDX,01/07/2025,11:09:15,19056.39,0,0,0,0,0,0
IND150.BSE_IDX,01/07/2025,11:09:23,19055.22,0,0,0,0,0,0
IND150.BSE_IDX,01/07/2025,11:09:31,19056.39,0,0,0,0,0,0
IND150.BSE_IDX,01/07/2025,11:09:39,19056.05,0,0,0,0,0,0
IND150.BSE_IDX,01/07/2025,11:09:47,19057.39,0,0,0,0,0,0
IND150.BSE_IDX,01/07/2025,11:09:55,19056.67,0,0,0,0,0,0
IND150.BSE_IDX,01/07/2025,11:10:03,19057.3,0,0,0,0,0,0
IND150.BSE_IDX,01/07/2025,11:10:11,19057.54,0,0,0,0,0,0
IND150.BSE_IDX,01/07/2025,11:10:19,19056.83,0,0,0,0,0,0
IND150.BSE_IDX,01/07/2025,11:10:27,19057.17,0,0,0,0,0,0
IND150.BSE_IDX,01/07/2025,11:10:35,19058.03,0,0,0,0,0,0
IND150.BSE_IDX,01/07/2025,11:10:43,19058.43,0,0,0,0,0,0
IND150.BSE_IDX,01/07/2025,11:10:51,19058.25,0,0,0,0,0,0
IND150.BSE_IDX,01/07/2025,11:10:59,19058.24,0,0,0,0,0,0
IND150.BSE_IDX,01/07/2025,11:11:07,19059.26,0,0,0,0,0,0
IND150.BSE_IDX,01/07/2025,11:11:15,19058.55,0,0,0,0,0,0
IND150.BSE_IDX,01/07/2025,11:11:23,19058.33,0,0,0,0,0,0
IND150.BSE_IDX,01/07/2025,11:11:31,19057.93,0,0,0,0,0,0
IND150.BSE_IDX,01/07/2025,11:11:39,19057.65,0,0,0,0,0,0
IND150.BSE_IDX,01/07/2025,11:11:47,19056.77,0,0,0,0,0,0
IND150.BSE_IDX,01/07/2025,11:11:55,19057,0,0,0,0,0,0
IND150.BSE_IDX,01/07/2025,11:12:03,19057.18,0,0,0,0,0,0
IND150.BSE_IDX,01/07/2025,11:12:11,19057.67,0,0,0,0,0,0
IND150.BSE_IDX,01/07/2025,11:12:19,19057.3,0,0,0,0,0,0
IND150.BSE_IDX,01/07/2025,11:12:27,19057.06,0,0,0,0,0,0
IND150.BSE_IDX,01/07/2025,11:12:35,19057.77,0,0,0,0,0,0
IND150.BSE_IDX,01/07/2025,11:12:43,19056.49,0,0,0,0,0,0
IND150.BSE_IDX,01/07/2025,11:12:51,19056.81,0,0,0,0,0,0
IND150.BSE_IDX,01/07/2025,11:12:59,19057.05,0,0,0,0,0,0
IND150.BSE_IDX,01/07/2025,11:13:07,19057.35,0,0,0,0,0,0
IND150.BSE_IDX,01/07/2025,11:13:16,19056.84,0,0,0,0,0,0
IND150.BSE_IDX,01/07/2025,11:13:23,19056.08,0,0,0,0,0,0
IND150.BSE_IDX,01/07/2025,11:13:31,19055.84,0,0,0,0,0,0
IND150.BSE_IDX,01/07/2025,11:13:39,19055.9,0,0,0,0,0,0
IND150.BSE_IDX,01/07/2025,11:13:47,19056.94,0,0,0,0,0,0
IND150.BSE_IDX,01/07/2025,11:13:55,19057.29,0,0,0,0,0,0
IND150.BSE_IDX,01/07/2025,11:14:03,19058.21,0,0,0,0,0,0
IND150.BSE_IDX,01/07/2025,11:14:11,19056.89,0,0,0,0,0,0
IND150.BSE_IDX,01/07/2025,11:14:19,19057.79,0,0,0,0,0,0
IND150.BSE_IDX,01/07/2025,11:14:27,19059.07,0,0,0,0,0,0
IND150.BSE_IDX,01/07/2025,11:14:35,19059.29,0,0,0,0,0,0
IND150.BSE_IDX,01/07/2025,11:14:43,19059.47,0,0,0,0,0,0
IND150.BSE_IDX,01/07/2025,11:14:51,19059.74,0,0,0,0,0,0
IND150.BSE_IDX,01/07/2025,11:14:59,19059.99,0,0,0,0,0,0
IND150.BSE_IDX,01/07/2025,11:15:07,19060.42,0,0,0,0,0,0
IND150.BSE_IDX,01/07/2025,11:15:15,19060.44,0,0,0,0,0,0
IND150.BSE_IDX,01/07/2025,11:15:23,19061.56,0,0,0,0,0,0
IND150.BSE_IDX,01/07/2025,11:15:31,19060.04,0,0,0,0,0,0
IND150.BSE_IDX,01/07/2025,11:15:39,19061.23,0,0,0,0,0,0
IND150.BSE_IDX,01/07/2025,11:15:47,19061.37,0,0,0,0,0,0
IND150.BSE_IDX,01/07/2025,11:15:56,19062.34,0,0,0,0,0,0
IND150.BSE_IDX,01/07/2025,11:16:03,19060.99,0,0,0,0,0,0
IND150.BSE_IDX,01/07/2025,11:16:11,19060.68,0,0,0,0,0,0
IND150.BSE_IDX,01/07/2025,11:16:19,19060.67,0,0,0,0,0,0
IND150.BSE_IDX,01/07/2025,11:16:27,19058.37,0,0,0,0,0,0
IND150.BSE_IDX,01/07/2025,11:16:35,19057.86,0,0,0,0,0,0
IND150.BSE_IDX,01/07/2025,11:16:43,19056.91,0,0,0,0,0,0
IND150.BSE_IDX,01/07/2025,11:16:51,19057.04,0,0,0,0,0,0
IND150.BSE_IDX,01/07/2025,11:16:59,19056.96,0,0,0,0,0,0
IND150.BSE_IDX,01/07/2025,11:17:07,19056.99,0,0,0,0,0,0
IND150.BSE_IDX,01/07/2025,11:17:15,19057.93,0,0,0,0,0,0
IND150.BSE_IDX,01/07/2025,11:17:23,19059.73,0,0,0,0,0,0
IND150.BSE_IDX,01/07/2025,11:17:31,19061.92,0,0,0,0,0,0
IND150.BSE_IDX,01/07/2025,11:17:39,19063.14,0,0,0,0,0,0
IND150.BSE_IDX,01/07/2025,11:17:47,19065.34,0,0,0,0,0,0
IND150.BSE_IDX,01/07/2025,11:17:57,19065.68,0,0,0,0,0,0
IND150.BSE_IDX,01/07/2025,11:18:03,19065.53,0,0,0,0,0,0
IND150.BSE_IDX,01/07/2025,11:18:11,19065.26,0,0,0,0,0,0
IND150.BSE_IDX,01/07/2025,11:18:19,19065.34,0,0,0,0,0,0
IND150.BSE_IDX,01/07/2025,11:18:27,19065.87,0,0,0,0,0,0
IND150.BSE_IDX,01/07/2025,11:18:35,19067.26,0,0,0,0,0,0
IND150.BSE_IDX,01/07/2025,11:18:44,19067.02,0,0,0,0,0,0
IND150.BSE_IDX,01/07/2025,11:18:51,19068.11,0,0,0,0,0,0
IND150.BSE_IDX,01/07/2025,11:18:59,19066.28,0,0,0,0,0,0
IND150.BSE_IDX,01/07/2025,11:19:08,19065.94,0,0,0,0,0,0
IND150.BSE_IDX,01/07/2025,11:19:15,19066.54,0,0,0,0,0,0
IND150.BSE_IDX,01/07/2025,11:19:23,19066.03,0,0,0,0,0,0
IND150.BSE_IDX,01/07/2025,11:19:31,19065.08,0,0,0,0,0,0
IND150.BSE_IDX,01/07/2025,11:19:39,19064.42,0,0,0,0,0,0
IND150.BSE_IDX,01/07/2025,11:19:47,19063.64,0,0,0,0,0,0
IND150.BSE_IDX,01/07/2025,11:19:55,19060.77,0,0,0,0,0,0
IND150.BSE_IDX,01/07/2025,11:20:03,19060.63,0,0,0,0,0,0
IND150.BSE_IDX,01/07/2025,11:20:11,19061.91,0,0,0,0,0,0
IND150.BSE_IDX,01/07/2025,11:20:19,19061.88,0,0,0,0,0,0
IND150.BSE_IDX,01/07/2025,11:20:27,19062.42,0,0,0,0,0,0
IND150.BSE_IDX,01/07/2025,11:20:35,19063.22,0,0,0,0,0,0
IND150.BSE_IDX,01/07/2025,11:20:43,19063.25,0,0,0,0,0,0
IND150.BSE_IDX,01/07/2025,11:20:51,19063.17,0,0,0,0,0,0
IND150.BSE_IDX,01/07/2025,11:20:59,19063.48,0,0,0,0,0,0
IND150.BSE_IDX,01/07/2025,11:21:07,19063.03,0,0,0,0,0,0
IND150.BSE_IDX,01/07/2025,11:21:15,19063.5,0,0,0,0,0,0
IND150.BSE_IDX,01/07/2025,11:21:24,19063.86,0,0,0,0,0,0
IND150.BSE_IDX,01/07/2025,11:21:31,19064,0,0,0,0,0,0
IND150.BSE_IDX,01/07/2025,11:21:39,19062.87,0,0,0,0,0,0
IND150.BSE_IDX,01/07/2025,11:21:47,19062.59,0,0,0,0,0,0
IND150.BSE_IDX,01/07/2025,11:21:56,19063.13,0,0,0,0,0,0
IND150.BSE_IDX,01/07/2025,11:22:03,19063.48,0,0,0,0,0,0
IND150.BSE_IDX,01/07/2025,11:22:11,19062.86,0,0,0,0,0,0
IND150.BSE_IDX,01/07/2025,11:22:19,19063.14,0,0,0,0,0,0
IND150.BSE_IDX,01/07/2025,11:22:28,19063.02,0,0,0,0,0,0
IND150.BSE_IDX,01/07/2025,11:22:35,19063.34,0,0,0,0,0,0
IND150.BSE_IDX,01/07/2025,11:22:43,19062.77,0,0,0,0,0,0
IND150.BSE_IDX,01/07/2025,11:22:51,19062.54,0,0,0,0,0,0
IND150.BSE_IDX,01/07/2025,11:22:59,19062.8,0,0,0,0,0,0
IND150.BSE_IDX,01/07/2025,11:23:07,19062.74,0,0,0,0,0,0
IND150.BSE_IDX,01/07/2025,11:23:15,19063.91,0,0,0,0,0,0
IND150.BSE_IDX,01/07/2025,11:23:23,19063.46,0,0,0,0,0,0
IND150.BSE_IDX,01/07/2025,11:23:31,19062.96,0,0,0,0,0,0
IND150.BSE_IDX,01/07/2025,11:23:39,19062.93,0,0,0,0,0,0
IND150.BSE_IDX,01/07/2025,11:23:47,19063.34,0,0,0,0,0,0
IND150.BSE_IDX,01/07/2025,11:23:55,19062.99,0,0,0,0,0,0
IND150.BSE_IDX,01/07/2025,11:24:04,19061.99,0,0,0,0,0,0
IND150.BSE_IDX,01/07/2025,11:24:11,19062.82,0,0,0,0,0,0
IND150.BSE_IDX,01/07/2025,11:24:19,19062.23,0,0,0,0,0,0
IND150.BSE_IDX,01/07/2025,11:24:27,19062.01,0,0,0,0,0,0
IND150.BSE_IDX,01/07/2025,11:24:35,19060.88,0,0,0,0,0,0
IND150.BSE_IDX,01/07/2025,11:24:43,19060.94,0,0,0,0,0,0
IND150.BSE_IDX,01/07/2025,11:24:52,19060.28,0,0,0,0,0,0
IND150.BSE_IDX,01/07/2025,11:25:00,19060.84,0,0,0,0,0,0
IND150.BSE_IDX,01/07/2025,11:25:07,19061.5,0,0,0,0,0,0
IND150.BSE_IDX,01/07/2025,11:25:15,19061.14,0,0,0,0,0,0
IND150.BSE_IDX,01/07/2025,11:25:23,19060.36,0,0,0,0,0,0
IND150.BSE_IDX,01/07/2025,11:25:31,19060.54,0,0,0,0,0,0
IND150.BSE_IDX,01/07/2025,11:25:41,19059.98,0,0,0,0,0,0
IND150.BSE_IDX,01/07/2025,11:25:47,19058.98,0,0,0,0,0,0
IND150.BSE_IDX,01/07/2025,11:25:55,19058.73,0,0,0,0,0,0
IND150.BSE_IDX,01/07/2025,11:26:03,19059.34,0,0,0,0,0,0
IND150.BSE_IDX,01/07/2025,11:26:11,19058.45,0,0,0,0,0,0
IND150.BSE_IDX,01/07/2025,11:26:19,19059.25,0,0,0,0,0,0
IND150.BSE_IDX,01/07/2025,11:26:27,19059.11,0,0,0,0,0,0
IND150.BSE_IDX,01/07/2025,11:26:35,19059.7,0,0,0,0,0,0
IND150.BSE_IDX,01/07/2025,11:26:43,19059.66,0,0,0,0,0,0
IND150.BSE_IDX,01/07/2025,11:26:51,19059.07,0,0,0,0,0,0
IND150.BSE_IDX,01/07/2025,11:26:59,19059.87,0,0,0,0,0,0
IND150.BSE_IDX,01/07/2025,11:27:07,19059.5,0,0,0,0,0,0
IND150.BSE_IDX,01/07/2025,11:27:15,19059.96,0,0,0,0,0,0
IND150.BSE_IDX,01/07/2025,11:27:23,19058.98,0,0,0,0,0,0
IND150.BSE_IDX,01/07/2025,11:27:31,19059.84,0,0,0,0,0,0
IND150.BSE_IDX,01/07/2025,11:27:39,19060.23,0,0,0,0,0,0
IND150.BSE_IDX,01/07/2025,11:27:47,19059.89,0,0,0,0,0,0
IND150.BSE_IDX,01/07/2025,11:27:55,19060.16,0,0,0,0,0,0
IND150.BSE_IDX,01/07/2025,11:28:03,19060.18,0,0,0,0,0,0
IND150.BSE_IDX,01/07/2025,11:28:11,19059.33,0,0,0,0,0,0
IND150.BSE_IDX,01/07/2025,11:28:19,19058.29,0,0,0,0,0,0
IND150.BSE_IDX,01/07/2025,11:28:27,19058.79,0,0,0,0,0,0
IND150.BSE_IDX,01/07/2025,11:28:36,19060.67,0,0,0,0,0,0
IND150.BSE_IDX,01/07/2025,11:28:43,19060.37,0,0,0,0,0,0
IND150.BSE_IDX,01/07/2025,11:28:51,19060.73,0,0,0,0,0,0
IND150.BSE_IDX,01/07/2025,11:28:59,19060.81,0,0,0,0,0,0
IND150.BSE_IDX,01/07/2025,11:29:07,19060.61,0,0,0,0,0,0
IND150.BSE_IDX,01/07/2025,11:29:16,19060.46,0,0,0,0,0,0
IND150.BSE_IDX,01/07/2025,11:29:24,19059.83,0,0,0,0,0,0
IND150.BSE_IDX,01/07/2025,11:29:31,19060.3,0,0,0,0,0,0
IND150.BSE_IDX,01/07/2025,11:29:39,19061.09,0,0,0,0,0,0
IND150.BSE_IDX,01/07/2025,11:29:47,19062.12,0,0,0,0,0,0
IND150.BSE_IDX,01/07/2025,11:29:55,19062.41,0,0,0,0,0,0
IND150.BSE_IDX,01/07/2025,11:30:03,19063.51,0,0,0,0,0,0
IND150.BSE_IDX,01/07/2025,11:30:11,19062.95,0,0,0,0,0,0
IND150.BSE_IDX,01/07/2025,11:30:19,19063.41,0,0,0,0,0,0
IND150.BSE_IDX,01/07/2025,11:30:27,19063.6,0,0,0,0,0,0
IND150.BSE_IDX,01/07/2025,11:30:35,19063.54,0,0,0,0,0,0
IND150.BSE_IDX,01/07/2025,11:30:43,19064.62,0,0,0,0,0,0
IND150.BSE_IDX,01/07/2025,11:30:52,19064.57,0,0,0,0,0,0
IND150.BSE_IDX,01/07/2025,11:30:59,19064.22,0,0,0,0,0,0
IND150.BSE_IDX,01/07/2025,11:31:07,19062.77,0,0,0,0,0,0
IND150.BSE_IDX,01/07/2025,11:31:16,19061.62,0,0,0,0,0,0
IND150.BSE_IDX,01/07/2025,11:31:23,19060.69,0,0,0,0,0,0
IND150.BSE_IDX,01/07/2025,11:31:31,19060.29,0,0,0,0,0,0
IND150.BSE_IDX,01/07/2025,11:31:39,19060.26,0,0,0,0,0,0
IND150.BSE_IDX,01/07/2025,11:31:47,19060.67,0,0,0,0,0,0
IND150.BSE_IDX,01/07/2025,11:31:55,19060.94,0,0,0,0,0,0
IND150.BSE_IDX,01/07/2025,11:32:04,19060.4,0,0,0,0,0,0
IND150.BSE_IDX,01/07/2025,11:32:11,19059.97,0,0,0,0,0,0
IND150.BSE_IDX,01/07/2025,11:32:19,19060.96,0,0,0,0,0,0
IND150.BSE_IDX,01/07/2025,11:32:27,19060.35,0,0,0,0,0,0
IND150.BSE_IDX,01/07/2025,11:32:35,19060.6,0,0,0,0,0,0
IND150.BSE_IDX,01/07/2025,11:32:43,19060.43,0,0,0,0,0,0
IND150.BSE_IDX,01/07/2025,11:32:51,19059.16,0,0,0,0,0,0
IND150.BSE_IDX,01/07/2025,11:32:59,19058.58,0,0,0,0,0,0
IND150.BSE_IDX,01/07/2025,11:33:07,19057.42,0,0,0,0,0,0
IND150.BSE_IDX,01/07/2025,11:33:15,19055.74,0,0,0,0,0,0
IND150.BSE_IDX,01/07/2025,11:33:23,19056.52,0,0,0,0,0,0
IND150.BSE_IDX,01/07/2025,11:33:31,19055.92,0,0,0,0,0,0
IND150.BSE_IDX,01/07/2025,11:33:39,19056.76,0,0,0,0,0,0
IND150.BSE_IDX,01/07/2025,11:33:47,19055.74,0,0,0,0,0,0
IND150.BSE_IDX,01/07/2025,11:33:55,19055.96,0,0,0,0,0,0
IND150.BSE_IDX,01/07/2025,11:34:03,19055.91,0,0,0,0,0,0
IND150.BSE_IDX,01/07/2025,11:34:12,19054.86,0,0,0,0,0,0
IND150.BSE_IDX,01/07/2025,11:34:19,19055,0,0,0,0,0,0
IND150.BSE_IDX,01/07/2025,11:34:27,19054.23,0,0,0,0,0,0
IND150.BSE_IDX,01/07/2025,11:34:35,19053.97,0,0,0,0,0,0
IND150.BSE_IDX,01/07/2025,11:34:43,19054.75,0,0,0,0,0,0
IND150.BSE_IDX,01/07/2025,11:34:52,19055.23,0,0,0,0,0,0
IND150.BSE_IDX,01/07/2025,11:35:07,19055.06,0,0,0,0,0,0
IND150.BSE_IDX,01/07/2025,11:35:16,19055.19,0,0,0,0,0,0
IND150.BSE_IDX,01/07/2025,11:35:23,19056.65,0,0,0,0,0,0
IND150.BSE_IDX,01/07/2025,11:35:32,19055.81,0,0,0,0,0,0
IND150.BSE_IDX,01/07/2025,11:35:40,19056,0,0,0,0,0,0
IND150.BSE_IDX,01/07/2025,11:35:47,19056.34,0,0,0,0,0,0
IND150.BSE_IDX,01/07/2025,11:35:55,19056,0,0,0,0,0,0
IND150.BSE_IDX,01/07/2025,11:36:04,19055.72,0,0,0,0,0,0
IND150.BSE_IDX,01/07/2025,11:36:11,19056.6,0,0,0,0,0,0
IND150.BSE_IDX,01/07/2025,11:36:20,19055.66,0,0,0,0,0,0
IND150.BSE_IDX,01/07/2025,11:36:28,19056.31,0,0,0,0,0,0
IND150.BSE_IDX,01/07/2025,11:36:35,19055.13,0,0,0,0,0,0
IND150.BSE_IDX,01/07/2025,11:36:44,19055.51,0,0,0,0,0,0
IND150.BSE_IDX,01/07/2025,11:36:54,19056.33,0,0,0,0,0,0
IND150.BSE_IDX,01/07/2025,11:36:59,19056.61,0,0,0,0,0,0
IND150.BSE_IDX,01/07/2025,11:37:08,19056.69,0,0,0,0,0,0
IND150.BSE_IDX,01/07/2025,11:37:15,19056.94,0,0,0,0,0,0
IND150.BSE_IDX,01/07/2025,11:37:23,19056.48,0,0,0,0,0,0
IND150.BSE_IDX,01/07/2025,11:37:32,19057.06,0,0,0,0,0,0
IND150.BSE_IDX,01/07/2025,11:37:41,19056.11,0,0,0,0,0,0
IND150.BSE_IDX,01/07/2025,11:37:47,19056.79,0,0,0,0,0,0
IND150.BSE_IDX,01/07/2025,11:37:55,19057.87,0,0,0,0,0,0
IND150.BSE_IDX,01/07/2025,11:38:03,19057.9,0,0,0,0,0,0
IND150.BSE_IDX,01/07/2025,11:38:11,19057.19,0,0,0,0,0,0
IND150.BSE_IDX,01/07/2025,11:38:20,19056.32,0,0,0,0,0,0
IND150.BSE_IDX,01/07/2025,11:38:27,19056.88,0,0,0,0,0,0
IND150.BSE_IDX,01/07/2025,11:38:35,19057.56,0,0,0,0,0,0
IND150.BSE_IDX,01/07/2025,11:38:43,19057.05,0,0,0,0,0,0
IND150.BSE_IDX,01/07/2025,11:38:51,19057.16,0,0,0,0,0,0
IND150.BSE_IDX,01/07/2025,11:38:59,19056.75,0,0,0,0,0,0
IND150.BSE_IDX,01/07/2025,11:39:07,19056.93,0,0,0,0,0,0
IND150.BSE_IDX,01/07/2025,11:39:16,19057.37,0,0,0,0,0,0
IND150.BSE_IDX,01/07/2025,11:39:24,19058.33,0,0,0,0,0,0
IND150.BSE_IDX,01/07/2025,11:39:31,19058.88,0,0,0,0,0,0
IND150.BSE_IDX,01/07/2025,11:39:39,19057.53,0,0,0,0,0,0
IND150.BSE_IDX,01/07/2025,11:39:48,19057.71,0,0,0,0,0,0
IND150.BSE_IDX,01/07/2025,11:39:55,19057.6,0,0,0,0,0,0
IND150.BSE_IDX,01/07/2025,11:40:03,19058.89,0,0,0,0,0,0
IND150.BSE_IDX,01/07/2025,11:40:12,19059.69,0,0,0,0,0,0
IND150.BSE_IDX,01/07/2025,11:40:20,19059.32,0,0,0,0,0,0
IND150.BSE_IDX,01/07/2025,11:40:28,19059.44,0,0,0,0,0,0
IND150.BSE_IDX,01/07/2025,11:40:36,19059.04,0,0,0,0,0,0
IND150.BSE_IDX,01/07/2025,11:40:44,19059.51,0,0,0,0,0,0
IND150.BSE_IDX,01/07/2025,11:40:52,19059.05,0,0,0,0,0,0
IND150.BSE_IDX,01/07/2025,11:41:00,19060.03,0,0,0,0,0,0
IND150.BSE_IDX,01/07/2025,11:41:07,19059.52,0,0,0,0,0,0
IND150.BSE_IDX,01/07/2025,11:41:16,19059.32,0,0,0,0,0,0
IND150.BSE_IDX,01/07/2025,11:41:24,19059.97,0,0,0,0,0,0
IND150.BSE_IDX,01/07/2025,11:41:32,19060,0,0,0,0,0,0
IND150.BSE_IDX,01/07/2025,11:41:40,19060.98,0,0,0,0,0,0
IND150.BSE_IDX,01/07/2025,11:41:48,19060,0,0,0,0,0,0
IND150.BSE_IDX,01/07/2025,11:41:56,19059.01,0,0,0,0,0,0
IND150.BSE_IDX,01/07/2025,11:42:04,19060.56,0,0,0,0,0,0
IND150.BSE_IDX,01/07/2025,11:42:12,19060.53,0,0,0,0,0,0
IND150.BSE_IDX,01/07/2025,11:42:20,19060.26,0,0,0,0,0,0
IND150.BSE_IDX,01/07/2025,11:42:28,19060.56,0,0,0,0,0,0
IND150.BSE_IDX,01/07/2025,11:42:36,19061.64,0,0,0,0,0,0
IND150.BSE_IDX,01/07/2025,11:42:44,19062.13,0,0,0,0,0,0
IND150.BSE_IDX,01/07/2025,11:42:52,19062.89,0,0,0,0,0,0
IND150.BSE_IDX,01/07/2025,11:43:00,19062.4,0,0,0,0,0,0
IND150.BSE_IDX,01/07/2025,11:43:08,19061.86,0,0,0,0,0,0
IND150.BSE_IDX,01/07/2025,11:43:16,19062.83,0,0,0,0,0,0
IND150.BSE_IDX,01/07/2025,11:43:24,19063.28,0,0,0,0,0,0
IND150.BSE_IDX,01/07/2025,11:43:32,19062.55,0,0,0,0,0,0
IND150.BSE_IDX,01/07/2025,11:43:40,19061.75,0,0,0,0,0,0
IND150.BSE_IDX,01/07/2025,11:43:48,19061.98,0,0,0,0,0,0
IND150.BSE_IDX,01/07/2025,11:43:56,19061.07,0,0,0,0,0,0
IND150.BSE_IDX,01/07/2025,11:44:04,19061.7,0,0,0,0,0,0
IND150.BSE_IDX,01/07/2025,11:44:12,19062.29,0,0,0,0,0,0
IND150.BSE_IDX,01/07/2025,11:44:20,19062.14,0,0,0,0,0,0
IND150.BSE_IDX,01/07/2025,11:44:28,19060.51,0,0,0,0,0,0
IND150.BSE_IDX,01/07/2025,11:44:36,19056.81,0,0,0,0,0,0
IND150.BSE_IDX,01/07/2025,11:44:44,19056.19,0,0,0,0,0,0
IND150.BSE_IDX,01/07/2025,11:44:52,19054.99,0,0,0,0,0,0
IND150.BSE_IDX,01/07/2025,11:45:00,19053.97,0,0,0,0,0,0
IND150.BSE_IDX,01/07/2025,11:45:08,19056.84,0,0,0,0,0,0
IND150.BSE_IDX,01/07/2025,11:45:16,19057.26,0,0,0,0,0,0
IND150.BSE_IDX,01/07/2025,11:45:24,19058.44,0,0,0,0,0,0
IND150.BSE_IDX,01/07/2025,11:45:32,19058.51,0,0,0,0,0,0
IND150.BSE_IDX,01/07/2025,11:45:40,19060.39,0,0,0,0,0,0
IND150.BSE_IDX,01/07/2025,11:45:48,19060.56,0,0,0,0,0,0
IND150.BSE_IDX,01/07/2025,11:45:56,19062,0,0,0,0,0,0
IND150.BSE_IDX,01/07/2025,11:46:04,19065.27,0,0,0,0,0,0
IND150.BSE_IDX,01/07/2025,11:46:12,19067.23,0,0,0,0,0,0
IND150.BSE_IDX,01/07/2025,11:46:20,19065.38,0,0,0,0,0,0
IND150.BSE_IDX,01/07/2025,11:46:28,19064.62,0,0,0,0,0,0
IND150.BSE_IDX,01/07/2025,11:46:36,19064.64,0,0,0,0,0,0
IND150.BSE_IDX,01/07/2025,11:46:44,19063.75,0,0,0,0,0,0
IND150.BSE_IDX,01/07/2025,11:46:52,19064.15,0,0,0,0,0,0
IND150.BSE_IDX,01/07/2025,11:47:00,19063.37,0,0,0,0,0,0
IND150.BSE_IDX,01/07/2025,11:47:08,19063.04,0,0,0,0,0,0
IND150.BSE_IDX,01/07/2025,11:47:16,19060.95,0,0,0,0,0,0
IND150.BSE_IDX,01/07/2025,11:47:24,19060.28,0,0,0,0,0,0
IND150.BSE_IDX,01/07/2025,11:47:32,19060.49,0,0,0,0,0,0
IND150.BSE_IDX,01/07/2025,11:47:40,19060.67,0,0,0,0,0,0
IND150.BSE_IDX,01/07/2025,11:47:48,19060.56,0,0,0,0,0,0
IND150.BSE_IDX,01/07/2025,11:47:56,19058.42,0,0,0,0,0,0
IND150.BSE_IDX,01/07/2025,11:48:04,19058.34,0,0,0,0,0,0
IND150.BSE_IDX,01/07/2025,11:48:12,19058.69,0,0,0,0,0,0
IND150.BSE_IDX,01/07/2025,11:48:20,19059.97,0,0,0,0,0,0
IND150.BSE_IDX,01/07/2025,11:48:28,19060.27,0,0,0,0,0,0
IND150.BSE_IDX,01/07/2025,11:48:36,19059.84,0,0,0,0,0,0
IND150.BSE_IDX,01/07/2025,11:48:44,19060.74,0,0,0,0,0,0
IND150.BSE_IDX,01/07/2025,11:48:52,19060.63,0,0,0,0,0,0
IND150.BSE_IDX,01/07/2025,11:49:01,19060.24,0,0,0,0,0,0
IND150.BSE_IDX,01/07/2025,11:49:09,19060.16,0,0,0,0,0,0
IND150.BSE_IDX,01/07/2025,11:49:16,19060.45,0,0,0,0,0,0
IND150.BSE_IDX,01/07/2025,11:49:24,19060.22,0,0,0,0,0,0
IND150.BSE_IDX,01/07/2025,11:49:32,19060.02,0,0,0,0,0,0
IND150.BSE_IDX,01/07/2025,11:49:40,19060.03,0,0,0,0,0,0
IND150.BSE_IDX,01/07/2025,11:49:49,19058.75,0,0,0,0,0,0
IND150.BSE_IDX,01/07/2025,11:49:56,19058.97,0,0,0,0,0,0
IND150.BSE_IDX,01/07/2025,11:50:04,19059.1,0,0,0,0,0,0
IND150.BSE_IDX,01/07/2025,11:50:12,19058.12,0,0,0,0,0,0
IND150.BSE_IDX,01/07/2025,11:50:20,19057.66,0,0,0,0,0,0
IND150.BSE_IDX,01/07/2025,11:50:28,19058.37,0,0,0,0,0,0
IND150.BSE_IDX,01/07/2025,11:50:36,19058.29,0,0,0,0,0,0
IND150.BSE_IDX,01/07/2025,11:50:44,19058.14,0,0,0,0,0,0
IND150.BSE_IDX,01/07/2025,11:50:52,19058.06,0,0,0,0,0,0
IND150.BSE_IDX,01/07/2025,11:51:00,19057.95,0,0,0,0,0,0
IND150.BSE_IDX,01/07/2025,11:51:08,19059.09,0,0,0,0,0,0
IND150.BSE_IDX,01/07/2025,11:51:16,19059.1,0,0,0,0,0,0
IND150.BSE_IDX,01/07/2025,11:51:24,19057.3,0,0,0,0,0,0
IND150.BSE_IDX,01/07/2025,11:51:32,19057.59,0,0,0,0,0,0
IND150.BSE_IDX,01/07/2025,11:51:40,19057.88,0,0,0,0,0,0
IND150.BSE_IDX,01/07/2025,11:51:48,19058.41,0,0,0,0,0,0
IND150.BSE_IDX,01/07/2025,11:51:56,19058.38,0,0,0,0,0,0
IND150.BSE_IDX,01/07/2025,11:52:04,19058.19,0,0,0,0,0,0
IND150.BSE_IDX,01/07/2025,11:52:12,19056.85,0,0,0,0,0,0
IND150.BSE_IDX,01/07/2025,11:52:20,19056.83,0,0,0,0,0,0
IND150.BSE_IDX,01/07/2025,11:52:28,19057.6,0,0,0,0,0,0
IND150.BSE_IDX,01/07/2025,11:52:36,19056.89,0,0,0,0,0,0
IND150.BSE_IDX,01/07/2025,11:52:44,19056.41,0,0,0,0,0,0
IND150.BSE_IDX,01/07/2025,11:52:52,19056.03,0,0,0,0,0,0
IND150.BSE_IDX,01/07/2025,11:53:00,19054.56,0,0,0,0,0,0
IND150.BSE_IDX,01/07/2025,11:53:08,19053.88,0,0,0,0,0,0
IND150.BSE_IDX,01/07/2025,11:53:16,19052.87,0,0,0,0,0,0
IND150.BSE_IDX,01/07/2025,11:53:24,19052.22,0,0,0,0,0,0
IND150.BSE_IDX,01/07/2025,11:53:32,19051.98,0,0,0,0,0,0
IND150.BSE_IDX,01/07/2025,11:53:40,19052.8,0,0,0,0,0,0
IND150.BSE_IDX,01/07/2025,11:53:48,19051.97,0,0,0,0,0,0
IND150.BSE_IDX,01/07/2025,11:53:56,19051.2,0,0,0,0,0,0
IND150.BSE_IDX,01/07/2025,11:54:04,19049.95,0,0,0,0,0,0
IND150.BSE_IDX,01/07/2025,11:54:12,19047.79,0,0,0,0,0,0
IND150.BSE_IDX,01/07/2025,11:54:20,19047.67,0,0,0,0,0,0
IND150.BSE_IDX,01/07/2025,11:54:28,19048.03,0,0,0,0,0,0
IND150.BSE_IDX,01/07/2025,11:54:36,19047.85,0,0,0,0,0,0
IND150.BSE_IDX,01/07/2025,11:54:44,19047.71,0,0,0,0,0,0
IND150.BSE_IDX,01/07/2025,11:54:52,19047.3,0,0,0,0,0,0
IND150.BSE_IDX,01/07/2025,11:55:00,19047.15,0,0,0,0,0,0
IND150.BSE_IDX,01/07/2025,11:55:08,19047.67,0,0,0,0,0,0
IND150.BSE_IDX,01/07/2025,11:55:17,19047.23,0,0,0,0,0,0
IND150.BSE_IDX,01/07/2025,11:55:24,19047.37,0,0,0,0,0,0
IND150.BSE_IDX,01/07/2025,11:55:32,19046.95,0,0,0,0,0,0
IND150.BSE_IDX,01/07/2025,11:55:40,19046.88,0,0,0,0,0,0
IND150.BSE_IDX,01/07/2025,11:55:48,19046,0,0,0,0,0,0
IND150.BSE_IDX,01/07/2025,11:55:56,19046.55,0,0,0,0,0,0
IND150.BSE_IDX,01/07/2025,11:56:05,19046.74,0,0,0,0,0,0
IND150.BSE_IDX,01/07/2025,11:56:12,19045.69,0,0,0,0,0,0
IND150.BSE_IDX,01/07/2025,11:56:20,19041.73,0,0,0,0,0,0
IND150.BSE_IDX,01/07/2025,11:56:28,19040.33,0,0,0,0,0,0
IND150.BSE_IDX,01/07/2025,11:56:36,19040.7,0,0,0,0,0,0
IND150.BSE_IDX,01/07/2025,11:56:44,19043.12,0,0,0,0,0,0
IND150.BSE_IDX,01/07/2025,11:56:52,19041.17,0,0,0,0,0,0
IND150.BSE_IDX,01/07/2025,11:57:00,19041.15,0,0,0,0,0,0
IND150.BSE_IDX,01/07/2025,11:57:08,19040.39,0,0,0,0,0,0
IND150.BSE_IDX,01/07/2025,11:57:16,19041.06,0,0,0,0,0,0
IND150.BSE_IDX,01/07/2025,11:57:24,19041.51,0,0,0,0,0,0
IND150.BSE_IDX,01/07/2025,11:57:32,19041.53,0,0,0,0,0,0
IND150.BSE_IDX,01/07/2025,11:57:40,19041.27,0,0,0,0,0,0
IND150.BSE_IDX,01/07/2025,11:57:48,19041.58,0,0,0,0,0,0
IND150.BSE_IDX,01/07/2025,11:57:56,19041.59,0,0,0,0,0,0
IND150.BSE_IDX,01/07/2025,11:58:04,19041.44,0,0,0,0,0,0
IND150.BSE_IDX,01/07/2025,11:58:12,19041.54,0,0,0,0,0,0
IND150.BSE_IDX,01/07/2025,11:58:20,19041.32,0,0,0,0,0,0
IND150.BSE_IDX,01/07/2025,11:58:28,19041.07,0,0,0,0,0,0
IND150.BSE_IDX,01/07/2025,11:58:36,19042.12,0,0,0,0,0,0
IND150.BSE_IDX,01/07/2025,11:58:44,19043.27,0,0,0,0,0,0
IND150.BSE_IDX,01/07/2025,11:58:52,19043.73,0,0,0,0,0,0
IND150.BSE_IDX,01/07/2025,11:59:00,19043.04,0,0,0,0,0,0
IND150.BSE_IDX,01/07/2025,11:59:08,19044.07,0,0,0,0,0,0
IND150.BSE_IDX,01/07/2025,11:59:16,19044.22,0,0,0,0,0,0
IND150.BSE_IDX,01/07/2025,11:59:24,19045.42,0,0,0,0,0,0
IND150.BSE_IDX,01/07/2025,11:59:32,19046.99,0,0,0,0,0,0
IND150.BSE_IDX,01/07/2025,11:59:40,19047.57,0,0,0,0,0,0
IND150.BSE_IDX,01/07/2025,11:59:48,19048.33,0,0,0,0,0,0
IND150.BSE_IDX,01/07/2025,11:59:56,19048.52,0,0,0,0,0,0
IND150.BSE_IDX,01/07/2025,12:00:05,19049.2,0,0,0,0,0,0
IND150.BSE_IDX,01/07/2025,12:00:12,19048.72,0,0,0,0,0,0
IND150.BSE_IDX,01/07/2025,12:00:20,19047.42,0,0,0,0,0,0
IND150.BSE_IDX,01/07/2025,12:00:28,19046.87,0,0,0,0,0,0
IND150.BSE_IDX,01/07/2025,12:00:37,19046.72,0,0,0,0,0,0
IND150.BSE_IDX,01/07/2025,12:00:44,19046.01,0,0,0,0,0,0
IND150.BSE_IDX,01/07/2025,12:00:52,19046.3,0,0,0,0,0,0
IND150.BSE_IDX,01/07/2025,12:01:00,19046.45,0,0,0,0,0,0
IND150.BSE_IDX,01/07/2025,12:01:08,19046.41,0,0,0,0,0,0
IND150.BSE_IDX,01/07/2025,12:01:16,19046.97,0,0,0,0,0,0
IND150.BSE_IDX,01/07/2025,12:01:24,19047.53,0,0,0,0,0,0
IND150.BSE_IDX,01/07/2025,12:01:32,19047.71,0,0,0,0,0,0
IND150.BSE_IDX,01/07/2025,12:01:40,19047.9,0,0,0,0,0,0
IND150.BSE_IDX,01/07/2025,12:01:48,19047.45,0,0,0,0,0,0
IND150.BSE_IDX,01/07/2025,12:01:57,19047.02,0,0,0,0,0,0
IND150.BSE_IDX,01/07/2025,12:02:04,19047.48,0,0,0,0,0,0
IND150.BSE_IDX,01/07/2025,12:02:12,19047.91,0,0,0,0,0,0
IND150.BSE_IDX,01/07/2025,12:02:20,19047.55,0,0,0,0,0,0
IND150.BSE_IDX,01/07/2025,12:02:28,19046.53,0,0,0,0,0,0
IND150.BSE_IDX,01/07/2025,12:02:36,19047.17,0,0,0,0,0,0
IND150.BSE_IDX,01/07/2025,12:02:44,19047.33,0,0,0,0,0,0
IND150.BSE_IDX,01/07/2025,12:02:52,19048.38,0,0,0,0,0,0
IND150.BSE_IDX,01/07/2025,12:03:00,19048.22,0,0,0,0,0,0
IND150.BSE_IDX,01/07/2025,12:03:08,19047.76,0,0,0,0,0,0
IND150.BSE_IDX,01/07/2025,12:03:17,19047.94,0,0,0,0,0,0
IND150.BSE_IDX,01/07/2025,12:03:24,19047.73,0,0,0,0,0,0
IND150.BSE_IDX,01/07/2025,12:03:32,19048.47,0,0,0,0,0,0
IND150.BSE_IDX,01/07/2025,12:03:40,19048.68,0,0,0,0,0,0
IND150.BSE_IDX,01/07/2025,12:03:48,19048.02,0,0,0,0,0,0
IND150.BSE_IDX,01/07/2025,12:03:56,19047.61,0,0,0,0,0,0
IND150.BSE_IDX,01/07/2025,12:04:04,19048.12,0,0,0,0,0,0
IND150.BSE_IDX,01/07/2025,12:04:12,19048.15,0,0,0,0,0,0
IND150.BSE_IDX,01/07/2025,12:04:20,19047.82,0,0,0,0,0,0
IND150.BSE_IDX,01/07/2025,12:04:28,19048.96,0,0,0,0,0,0
IND150.BSE_IDX,01/07/2025,12:04:36,19049.47,0,0,0,0,0,0
IND150.BSE_IDX,01/07/2025,12:04:44,19049.17,0,0,0,0,0,0
IND150.BSE_IDX,01/07/2025,12:04:52,19048.73,0,0,0,0,0,0
IND150.BSE_IDX,01/07/2025,12:05:01,19048.29,0,0,0,0,0,0
IND150.BSE_IDX,01/07/2025,12:05:08,19048.38,0,0,0,0,0,0
IND150.BSE_IDX,01/07/2025,12:05:16,19049.24,0,0,0,0,0,0
IND150.BSE_IDX,01/07/2025,12:05:24,19048.37,0,0,0,0,0,0
IND150.BSE_IDX,01/07/2025,12:05:32,19047.39,0,0,0,0,0,0
IND150.BSE_IDX,01/07/2025,12:05:40,19048.02,0,0,0,0,0,0
IND150.BSE_IDX,01/07/2025,12:05:48,19046.55,0,0,0,0,0,0
IND150.BSE_IDX,01/07/2025,12:05:56,19047.81,0,0,0,0,0,0
IND150.BSE_IDX,01/07/2025,12:06:04,19048.25,0,0,0,0,0,0
IND150.BSE_IDX,01/07/2025,12:06:12,19048.82,0,0,0,0,0,0
IND150.BSE_IDX,01/07/2025,12:06:20,19049.04,0,0,0,0,0,0
IND150.BSE_IDX,01/07/2025,12:06:28,19048.24,0,0,0,0,0,0
IND150.BSE_IDX,01/07/2025,12:06:36,19047.21,0,0,0,0,0,0
IND150.BSE_IDX,01/07/2025,12:06:44,19047.99,0,0,0,0,0,0
IND150.BSE_IDX,01/07/2025,12:06:53,19047.4,0,0,0,0,0,0
IND150.BSE_IDX,01/07/2025,12:07:00,19046.43,0,0,0,0,0,0
IND150.BSE_IDX,01/07/2025,12:07:08,19046.63,0,0,0,0,0,0
IND150.BSE_IDX,01/07/2025,12:07:17,19046.85,0,0,0,0,0,0
IND150.BSE_IDX,01/07/2025,12:07:24,19046.27,0,0,0,0,0,0
IND150.BSE_IDX,01/07/2025,12:07:33,19045.8,0,0,0,0,0,0
IND150.BSE_IDX,01/07/2025,12:07:40,19045.89,0,0,0,0,0,0
IND150.BSE_IDX,01/07/2025,12:07:49,19046.57,0,0,0,0,0,0
IND150.BSE_IDX,01/07/2025,12:07:57,19045.56,0,0,0,0,0,0
IND150.BSE_IDX,01/07/2025,12:08:05,19046.08,0,0,0,0,0,0
IND150.BSE_IDX,01/07/2025,12:08:13,19046.13,0,0,0,0,0,0
IND150.BSE_IDX,01/07/2025,12:08:21,19044.94,0,0,0,0,0,0
IND150.BSE_IDX,01/07/2025,12:08:28,19044.68,0,0,0,0,0,0
IND150.BSE_IDX,01/07/2025,12:08:36,19044.53,0,0,0,0,0,0
IND150.BSE_IDX,01/07/2025,12:08:45,19045.18,0,0,0,0,0,0
IND150.BSE_IDX,01/07/2025,12:08:52,19046.45,0,0,0,0,0,0
IND150.BSE_IDX,01/07/2025,12:09:00,19046.33,0,0,0,0,0,0
IND150.BSE_IDX,01/07/2025,12:09:08,19046.24,0,0,0,0,0,0
IND150.BSE_IDX,01/07/2025,12:09:16,19047.18,0,0,0,0,0,0
IND150.BSE_IDX,01/07/2025,12:09:25,19046.53,0,0,0,0,0,0
IND150.BSE_IDX,01/07/2025,12:09:32,19046.96,0,0,0,0,0,0
IND150.BSE_IDX,01/07/2025,12:09:40,19048.12,0,0,0,0,0,0
IND150.BSE_IDX,01/07/2025,12:09:48,19047.89,0,0,0,0,0,0
IND150.BSE_IDX,01/07/2025,12:09:57,19048.5,0,0,0,0,0,0
IND150.BSE_IDX,01/07/2025,12:10:05,19047.74,0,0,0,0,0,0
IND150.BSE_IDX,01/07/2025,12:10:13,19047.06,0,0,0,0,0,0
IND150.BSE_IDX,01/07/2025,12:10:22,19048.63,0,0,0,0,0,0
IND150.BSE_IDX,01/07/2025,12:10:28,19048.64,0,0,0,0,0,0
IND150.BSE_IDX,01/07/2025,12:10:36,19047.87,0,0,0,0,0,0
IND150.BSE_IDX,01/07/2025,12:10:45,19047.46,0,0,0,0,0,0
IND150.BSE_IDX,01/07/2025,12:10:52,19047.91,0,0,0,0,0,0
IND150.BSE_IDX,01/07/2025,12:11:00,19047.8,0,0,0,0,0,0
IND150.BSE_IDX,01/07/2025,12:11:08,19048.38,0,0,0,0,0,0
IND150.BSE_IDX,01/07/2025,12:11:17,19048.44,0,0,0,0,0,0
IND150.BSE_IDX,01/07/2025,12:11:24,19048.79,0,0,0,0,0,0
IND150.BSE_IDX,01/07/2025,12:11:32,19048.36,0,0,0,0,0,0
IND150.BSE_IDX,01/07/2025,12:11:49,19050.81,0,0,0,0,0,0
IND150.BSE_IDX,01/07/2025,12:11:57,19051.77,0,0,0,0,0,0
IND150.BSE_IDX,01/07/2025,12:12:05,19052.49,0,0,0,0,0,0
IND150.BSE_IDX,01/07/2025,12:12:13,19053.12,0,0,0,0,0,0
IND150.BSE_IDX,01/07/2025,12:12:21,19054.07,0,0,0,0,0,0
IND150.BSE_IDX,01/07/2025,12:12:29,19053.63,0,0,0,0,0,0
IND150.BSE_IDX,01/07/2025,12:12:37,19054.38,0,0,0,0,0,0
IND150.BSE_IDX,01/07/2025,12:12:45,19054.2,0,0,0,0,0,0
IND150.BSE_IDX,01/07/2025,12:12:53,19052.96,0,0,0,0,0,0
IND150.BSE_IDX,01/07/2025,12:13:01,19053.7,0,0,0,0,0,0
IND150.BSE_IDX,01/07/2025,12:13:09,19054.05,0,0,0,0,0,0
IND150.BSE_IDX,01/07/2025,12:13:17,19054.17,0,0,0,0,0,0
IND150.BSE_IDX,01/07/2025,12:13:25,19054.52,0,0,0,0,0,0
IND150.BSE_IDX,01/07/2025,12:13:33,19054.97,0,0,0,0,0,0
IND150.BSE_IDX,01/07/2025,12:13:41,19055.97,0,0,0,0,0,0
IND150.BSE_IDX,01/07/2025,12:13:49,19055.07,0,0,0,0,0,0
IND150.BSE_IDX,01/07/2025,12:13:57,19055.01,0,0,0,0,0,0
IND150.BSE_IDX,01/07/2025,12:14:05,19055.2,0,0,0,0,0,0
IND150.BSE_IDX,01/07/2025,12:14:13,19055.25,0,0,0,0,0,0
IND150.BSE_IDX,01/07/2025,12:14:21,19055.95,0,0,0,0,0,0
IND150.BSE_IDX,01/07/2025,12:14:29,19055.78,0,0,0,0,0,0
IND150.BSE_IDX,01/07/2025,12:14:37,19055.64,0,0,0,0,0,0
IND150.BSE_IDX,01/07/2025,12:14:46,19056.02,0,0,0,0,0,0
IND150.BSE_IDX,01/07/2025,12:14:54,19055.21,0,0,0,0,0,0
IND150.BSE_IDX,01/07/2025,12:15:01,19055.33,0,0,0,0,0,0
IND150.BSE_IDX,01/07/2025,12:15:09,19055.5,0,0,0,0,0,0
IND150.BSE_IDX,01/07/2025,12:15:17,19056.5,0,0,0,0,0,0
IND150.BSE_IDX,01/07/2025,12:15:25,19056.67,0,0,0,0,0,0
IND150.BSE_IDX,01/07/2025,12:15:33,19056.35,0,0,0,0,0,0
IND150.BSE_IDX,01/07/2025,12:15:41,19056.03,0,0,0,0,0,0
IND150.BSE_IDX,01/07/2025,12:15:49,19055.55,0,0,0,0,0,0
IND150.BSE_IDX,01/07/2025,12:15:57,19056.27,0,0,0,0,0,0
IND150.BSE_IDX,01/07/2025,12:16:05,19056.1,0,0,0,0,0,0
IND150.BSE_IDX,01/07/2025,12:16:13,19056.62,0,0,0,0,0,0
IND150.BSE_IDX,01/07/2025,12:16:21,19057.4,0,0,0,0,0,0
IND150.BSE_IDX,01/07/2025,12:16:29,19058.4,0,0,0,0,0,0
IND150.BSE_IDX,01/07/2025,12:16:37,19059,0,0,0,0,0,0
IND150.BSE_IDX,01/07/2025,12:16:45,19058.5,0,0,0,0,0,0
IND150.BSE_IDX,01/07/2025,12:16:53,19056.8,0,0,0,0,0,0
IND150.BSE_IDX,01/07/2025,12:17:01,19056.46,0,0,0,0,0,0
IND150.BSE_IDX,01/07/2025,12:17:09,19057.2,0,0,0,0,0,0
IND150.BSE_IDX,01/07/2025,12:17:17,19058.25,0,0,0,0,0,0
IND150.BSE_IDX,01/07/2025,12:17:25,19056.9,0,0,0,0,0,0
IND150.BSE_IDX,01/07/2025,12:17:33,19057.93,0,0,0,0,0,0
IND150.BSE_IDX,01/07/2025,12:17:41,19057.68,0,0,0,0,0,0
IND150.BSE_IDX,01/07/2025,12:17:49,19058.08,0,0,0,0,0,0
IND150.BSE_IDX,01/07/2025,12:17:57,19058.45,0,0,0,0,0,0
IND150.BSE_IDX,01/07/2025,12:18:05,19059.36,0,0,0,0,0,0
IND150.BSE_IDX,01/07/2025,12:18:13,19059.42,0,0,0,0,0,0
IND150.BSE_IDX,01/07/2025,12:18:21,19058.97,0,0,0,0,0,0
IND150.BSE_IDX,01/07/2025,12:18:29,19059.54,0,0,0,0,0,0
IND150.BSE_IDX,01/07/2025,12:18:37,19059.63,0,0,0,0,0,0
IND150.BSE_IDX,01/07/2025,12:18:45,19060.14,0,0,0,0,0,0
IND150.BSE_IDX,01/07/2025,12:18:53,19060.43,0,0,0,0,0,0
IND150.BSE_IDX,01/07/2025,12:19:01,19061.55,0,0,0,0,0,0
IND150.BSE_IDX,01/07/2025,12:19:09,19062.41,0,0,0,0,0,0
IND150.BSE_IDX,01/07/2025,12:19:17,19062.06,0,0,0,0,0,0
IND150.BSE_IDX,01/07/2025,12:19:25,19062.77,0,0,0,0,0,0
IND150.BSE_IDX,01/07/2025,12:19:33,19063.44,0,0,0,0,0,0
IND150.BSE_IDX,01/07/2025,12:19:41,19064.57,0,0,0,0,0,0
IND150.BSE_IDX,01/07/2025,12:19:49,19065.32,0,0,0,0,0,0
IND150.BSE_IDX,01/07/2025,12:19:57,19065.62,0,0,0,0,0,0
IND150.BSE_IDX,01/07/2025,12:20:05,19066.8,0,0,0,0,0,0
IND150.BSE_IDX,01/07/2025,12:20:13,19065.88,0,0,0,0,0,0
IND150.BSE_IDX,01/07/2025,12:20:21,19068.46,0,0,0,0,0,0
IND150.BSE_IDX,01/07/2025,12:20:29,19071.23,0,0,0,0,0,0
IND150.BSE_IDX,01/07/2025,12:20:37,19072.04,0,0,0,0,0,0
IND150.BSE_IDX,01/07/2025,12:20:45,19070.43,0,0,0,0,0,0
IND150.BSE_IDX,01/07/2025,12:20:53,19071.39,0,0,0,0,0,0
IND150.BSE_IDX,01/07/2025,12:21:01,19071.46,0,0,0,0,0,0
IND150.BSE_IDX,01/07/2025,12:21:09,19071.44,0,0,0,0,0,0
IND150.BSE_IDX,01/07/2025,12:21:17,19069.59,0,0,0,0,0,0
IND150.BSE_IDX,01/07/2025,12:21:25,19069.97,0,0,0,0,0,0
IND150.BSE_IDX,01/07/2025,12:21:33,19070.09,0,0,0,0,0,0
IND150.BSE_IDX,01/07/2025,12:21:41,19071.78,0,0,0,0,0,0
IND150.BSE_IDX,01/07/2025,12:21:49,19072.62,0,0,0,0,0,0
IND150.BSE_IDX,01/07/2025,12:21:57,19072.98,0,0,0,0,0,0
IND150.BSE_IDX,01/07/2025,12:22:05,19074.55,0,0,0,0,0,0
IND150.BSE_IDX,01/07/2025,12:22:13,19073.97,0,0,0,0,0,0
IND150.BSE_IDX,01/07/2025,12:22:21,19073.71,0,0,0,0,0,0
IND150.BSE_IDX,01/07/2025,12:22:29,19073.18,0,0,0,0,0,0
IND150.BSE_IDX,01/07/2025,12:22:37,19072,0,0,0,0,0,0
IND150.BSE_IDX,01/07/2025,12:22:45,19071.47,0,0,0,0,0,0
IND150.BSE_IDX,01/07/2025,12:22:53,19071.48,0,0,0,0,0,0
IND150.BSE_IDX,01/07/2025,12:23:02,19072.31,0,0,0,0,0,0
IND150.BSE_IDX,01/07/2025,12:23:09,19072.39,0,0,0,0,0,0
IND150.BSE_IDX,01/07/2025,12:23:17,19072.13,0,0,0,0,0,0
IND150.BSE_IDX,01/07/2025,12:23:25,19071.73,0,0,0,0,0,0
IND150.BSE_IDX,01/07/2025,12:23:33,19071.05,0,0,0,0,0,0
IND150.BSE_IDX,01/07/2025,12:23:41,19071.83,0,0,0,0,0,0
IND150.BSE_IDX,01/07/2025,12:23:49,19072.38,0,0,0,0,0,0
IND150.BSE_IDX,01/07/2025,12:23:57,19072.61,0,0,0,0,0,0
IND150.BSE_IDX,01/07/2025,12:24:05,19072.77,0,0,0,0,0,0
IND150.BSE_IDX,01/07/2025,12:24:13,19073.44,0,0,0,0,0,0
IND150.BSE_IDX,01/07/2025,12:24:21,19074.29,0,0,0,0,0,0
IND150.BSE_IDX,01/07/2025,12:24:29,19073.79,0,0,0,0,0,0
IND150.BSE_IDX,01/07/2025,12:24:37,19073.83,0,0,0,0,0,0
IND150.BSE_IDX,01/07/2025,12:24:45,19074.36,0,0,0,0,0,0
IND150.BSE_IDX,01/07/2025,12:24:53,19073.77,0,0,0,0,0,0
IND150.BSE_IDX,01/07/2025,12:25:01,19074.14,0,0,0,0,0,0
IND150.BSE_IDX,01/07/2025,12:25:09,19074.27,0,0,0,0,0,0
IND150.BSE_IDX,01/07/2025,12:25:17,19074.09,0,0,0,0,0,0
IND150.BSE_IDX,01/07/2025,12:25:25,19074.84,0,0,0,0,0,0
IND150.BSE_IDX,01/07/2025,12:25:33,19075.73,0,0,0,0,0,0
IND150.BSE_IDX,01/07/2025,12:25:41,19075.9,0,0,0,0,0,0
IND150.BSE_IDX,01/07/2025,12:25:49,19075.69,0,0,0,0,0,0
IND150.BSE_IDX,01/07/2025,12:25:57,19076.64,0,0,0,0,0,0
IND150.BSE_IDX,01/07/2025,12:26:05,19076.72,0,0,0,0,0,0
IND150.BSE_IDX,01/07/2025,12:26:13,19076.67,0,0,0,0,0,0
IND150.BSE_IDX,01/07/2025,12:26:21,19076.2,0,0,0,0,0,0
IND150.BSE_IDX,01/07/2025,12:26:31,19076.34,0,0,0,0,0,0
IND150.BSE_IDX,01/07/2025,12:26:37,19077.84,0,0,0,0,0,0
IND150.BSE_IDX,01/07/2025,12:26:45,19078.03,0,0,0,0,0,0
IND150.BSE_IDX,01/07/2025,12:26:53,19077.56,0,0,0,0,0,0
IND150.BSE_IDX,01/07/2025,12:27:01,19076.15,0,0,0,0,0,0
IND150.BSE_IDX,01/07/2025,12:27:09,19075.76,0,0,0,0,0,0
IND150.BSE_IDX,01/07/2025,12:27:17,19076.29,0,0,0,0,0,0
IND150.BSE_IDX,01/07/2025,12:27:25,19076.57,0,0,0,0,0,0
IND150.BSE_IDX,01/07/2025,12:27:33,19075.74,0,0,0,0,0,0
IND150.BSE_IDX,01/07/2025,12:27:41,19076.42,0,0,0,0,0,0
IND150.BSE_IDX,01/07/2025,12:27:49,19075.79,0,0,0,0,0,0
IND150.BSE_IDX,01/07/2025,12:27:57,19075.74,0,0,0,0,0,0
IND150.BSE_IDX,01/07/2025,12:28:05,19075.47,0,0,0,0,0,0
IND150.BSE_IDX,01/07/2025,12:28:13,19076,0,0,0,0,0,0
IND150.BSE_IDX,01/07/2025,12:28:21,19075.39,0,0,0,0,0,0
IND150.BSE_IDX,01/07/2025,12:28:29,19074.43,0,0,0,0,0,0
IND150.BSE_IDX,01/07/2025,12:28:37,19075.32,0,0,0,0,0,0
IND150.BSE_IDX,01/07/2025,12:28:45,19073.62,0,0,0,0,0,0
IND150.BSE_IDX,01/07/2025,12:28:53,19071.64,0,0,0,0,0,0
IND150.BSE_IDX,01/07/2025,12:29:01,19070.72,0,0,0,0,0,0
IND150.BSE_IDX,01/07/2025,12:29:10,19069.88,0,0,0,0,0,0
IND150.BSE_IDX,01/07/2025,12:29:18,19070.18,0,0,0,0,0,0
IND150.BSE_IDX,01/07/2025,12:29:25,19071.56,0,0,0,0,0,0
IND150.BSE_IDX,01/07/2025,12:29:33,19070.67,0,0,0,0,0,0
IND150.BSE_IDX,01/07/2025,12:29:41,19070.12,0,0,0,0,0,0
IND150.BSE_IDX,01/07/2025,12:29:49,19069.86,0,0,0,0,0,0
IND150.BSE_IDX,01/07/2025,12:29:57,19070.64,0,0,0,0,0,0
IND150.BSE_IDX,01/07/2025,12:30:05,19074.17,0,0,0,0,0,0
IND150.BSE_IDX,01/07/2025,12:30:13,19074.72,0,0,0,0,0,0
IND150.BSE_IDX,01/07/2025,12:30:22,19074.1,0,0,0,0,0,0
IND150.BSE_IDX,01/07/2025,12:30:29,19072.78,0,0,0,0,0,0
IND150.BSE_IDX,01/07/2025,12:30:37,19072.32,0,0,0,0,0,0
IND150.BSE_IDX,01/07/2025,12:30:45,19072.65,0,0,0,0,0,0
IND150.BSE_IDX,01/07/2025,12:30:53,19073.38,0,0,0,0,0,0
IND150.BSE_IDX,01/07/2025,12:31:01,19073.9,0,0,0,0,0,0
IND150.BSE_IDX,01/07/2025,12:31:09,19071.01,0,0,0,0,0,0
IND150.BSE_IDX,01/07/2025,12:31:17,19068.91,0,0,0,0,0,0
IND150.BSE_IDX,01/07/2025,12:31:25,19068.31,0,0,0,0,0,0
IND150.BSE_IDX,01/07/2025,12:31:34,19067.89,0,0,0,0,0,0
IND150.BSE_IDX,01/07/2025,12:31:41,19066.7,0,0,0,0,0,0
IND150.BSE_IDX,01/07/2025,12:31:49,19066.25,0,0,0,0,0,0
IND150.BSE_IDX,01/07/2025,12:31:57,19065.82,0,0,0,0,0,0
IND150.BSE_IDX,01/07/2025,12:32:05,19066.04,0,0,0,0,0,0
IND150.BSE_IDX,01/07/2025,12:32:13,19066.59,0,0,0,0,0,0
IND150.BSE_IDX,01/07/2025,12:32:21,19066.72,0,0,0,0,0,0
IND150.BSE_IDX,01/07/2025,12:32:29,19067.13,0,0,0,0,0,0
IND150.BSE_IDX,01/07/2025,12:32:37,19066.69,0,0,0,0,0,0
IND150.BSE_IDX,01/07/2025,12:32:45,19066.49,0,0,0,0,0,0
IND150.BSE_IDX,01/07/2025,12:32:53,19065.67,0,0,0,0,0,0
IND150.BSE_IDX,01/07/2025,12:33:01,19066.17,0,0,0,0,0,0
IND150.BSE_IDX,01/07/2025,12:33:09,19065.71,0,0,0,0,0,0
IND150.BSE_IDX,01/07/2025,12:33:17,19064.98,0,0,0,0,0,0
IND150.BSE_IDX,01/07/2025,12:33:26,19065.1,0,0,0,0,0,0
IND150.BSE_IDX,01/07/2025,12:33:33,19065.32,0,0,0,0,0,0
IND150.BSE_IDX,01/07/2025,12:33:41,19065.76,0,0,0,0,0,0
IND150.BSE_IDX,01/07/2025,12:33:49,19065.39,0,0,0,0,0,0
IND150.BSE_IDX,01/07/2025,12:33:57,19065.25,0,0,0,0,0,0
IND150.BSE_IDX,01/07/2025,12:34:05,19066.02,0,0,0,0,0,0
IND150.BSE_IDX,01/07/2025,12:34:13,19066.79,0,0,0,0,0,0
IND150.BSE_IDX,01/07/2025,12:34:21,19067.03,0,0,0,0,0,0
IND150.BSE_IDX,01/07/2025,12:34:29,19068.24,0,0,0,0,0,0
IND150.BSE_IDX,01/07/2025,12:34:37,19068.44,0,0,0,0,0,0
IND150.BSE_IDX,01/07/2025,12:34:45,19068.79,0,0,0,0,0,0
IND150.BSE_IDX,01/07/2025,12:34:53,19069.6,0,0,0,0,0,0
IND150.BSE_IDX,01/07/2025,12:35:01,19070.33,0,0,0,0,0,0
IND150.BSE_IDX,01/07/2025,12:35:09,19070.72,0,0,0,0,0,0
IND150.BSE_IDX,01/07/2025,12:35:17,19071.7,0,0,0,0,0,0
IND150.BSE_IDX,01/07/2025,12:35:25,19072.56,0,0,0,0,0,0
IND150.BSE_IDX,01/07/2025,12:35:33,19072.77,0,0,0,0,0,0
IND150.BSE_IDX,01/07/2025,12:35:41,19072.17,0,0,0,0,0,0
IND150.BSE_IDX,01/07/2025,12:35:49,19074.04,0,0,0,0,0,0
IND150.BSE_IDX,01/07/2025,12:35:57,19072.78,0,0,0,0,0,0
IND150.BSE_IDX,01/07/2025,12:36:05,19074.66,0,0,0,0,0,0
IND150.BSE_IDX,01/07/2025,12:36:13,19074.97,0,0,0,0,0,0
IND150.BSE_IDX,01/07/2025,12:36:21,19073.66,0,0,0,0,0,0
IND150.BSE_IDX,01/07/2025,12:36:29,19074.14,0,0,0,0,0,0
IND150.BSE_IDX,01/07/2025,12:36:37,19074.16,0,0,0,0,0,0
IND150.BSE_IDX,01/07/2025,12:36:45,19075.08,0,0,0,0,0,0
IND150.BSE_IDX,01/07/2025,12:36:53,19075.09,0,0,0,0,0,0
IND150.BSE_IDX,01/07/2025,12:37:01,19075.68,0,0,0,0,0,0
IND150.BSE_IDX,01/07/2025,12:37:09,19076.23,0,0,0,0,0,0
IND150.BSE_IDX,01/07/2025,12:37:17,19075.71,0,0,0,0,0,0
IND150.BSE_IDX,01/07/2025,12:37:25,19074.37,0,0,0,0,0,0
IND150.BSE_IDX,01/07/2025,12:37:33,19074.14,0,0,0,0,0,0
IND150.BSE_IDX,01/07/2025,12:37:41,19072.92,0,0,0,0,0,0
IND150.BSE_IDX,01/07/2025,12:37:49,19072.58,0,0,0,0,0,0
IND150.BSE_IDX,01/07/2025,12:37:57,19071.77,0,0,0,0,0,0
IND150.BSE_IDX,01/07/2025,12:38:05,19072.14,0,0,0,0,0,0
IND150.BSE_IDX,01/07/2025,12:38:13,19072.16,0,0,0,0,0,0
IND150.BSE_IDX,01/07/2025,12:38:22,19073.28,0,0,0,0,0,0
IND150.BSE_IDX,01/07/2025,12:38:29,19072.88,0,0,0,0,0,0
IND150.BSE_IDX,01/07/2025,12:38:39,19073.34,0,0,0,0,0,0
IND150.BSE_IDX,01/07/2025,12:38:45,19073.51,0,0,0,0,0,0
IND150.BSE_IDX,01/07/2025,12:38:53,19074.41,0,0,0,0,0,0
IND150.BSE_IDX,01/07/2025,12:39:01,19074.21,0,0,0,0,0,0
IND150.BSE_IDX,01/07/2025,12:39:10,19073.2,0,0,0,0,0,0
IND150.BSE_IDX,01/07/2025,12:39:18,19074.22,0,0,0,0,0,0
IND150.BSE_IDX,01/07/2025,12:39:25,19074,0,0,0,0,0,0
IND150.BSE_IDX,01/07/2025,12:39:34,19073.92,0,0,0,0,0,0
IND150.BSE_IDX,01/07/2025,12:39:42,19074.82,0,0,0,0,0,0
IND150.BSE_IDX,01/07/2025,12:39:49,19074.86,0,0,0,0,0,0
IND150.BSE_IDX,01/07/2025,12:39:57,19074.85,0,0,0,0,0,0
IND150.BSE_IDX,01/07/2025,12:40:05,19075.61,0,0,0,0,0,0
IND150.BSE_IDX,01/07/2025,12:40:14,19074.93,0,0,0,0,0,0
IND150.BSE_IDX,01/07/2025,12:40:21,19075.09,0,0,0,0,0,0
IND150.BSE_IDX,01/07/2025,12:40:29,19074.63,0,0,0,0,0,0
IND150.BSE_IDX,01/07/2025,12:40:37,19075.03,0,0,0,0,0,0
IND150.BSE_IDX,01/07/2025,12:40:45,19074.74,0,0,0,0,0,0
IND150.BSE_IDX,01/07/2025,12:40:54,19074.87,0,0,0,0,0,0
IND150.BSE_IDX,01/07/2025,12:41:01,19074.55,0,0,0,0,0,0
IND150.BSE_IDX,01/07/2025,12:41:09,19073.73,0,0,0,0,0,0
IND150.BSE_IDX,01/07/2025,12:41:17,19073.93,0,0,0,0,0,0
IND150.BSE_IDX,01/07/2025,12:41:25,19073.77,0,0,0,0,0,0
IND150.BSE_IDX,01/07/2025,12:41:33,19073.7,0,0,0,0,0,0
IND150.BSE_IDX,01/07/2025,12:41:42,19074.22,0,0,0,0,0,0
IND150.BSE_IDX,01/07/2025,12:41:50,19075.33,0,0,0,0,0,0
IND150.BSE_IDX,01/07/2025,12:41:58,19075.35,0,0,0,0,0,0
IND150.BSE_IDX,01/07/2025,12:42:05,19074.91,0,0,0,0,0,0
IND150.BSE_IDX,01/07/2025,12:42:13,19075.13,0,0,0,0,0,0
IND150.BSE_IDX,01/07/2025,12:42:21,19075.01,0,0,0,0,0,0
IND150.BSE_IDX,01/07/2025,12:42:29,19076.08,0,0,0,0,0,0
IND150.BSE_IDX,01/07/2025,12:42:37,19075.52,0,0,0,0,0,0
IND150.BSE_IDX,01/07/2025,12:42:46,19075.51,0,0,0,0,0,0
IND150.BSE_IDX,01/07/2025,12:42:53,19075.54,0,0,0,0,0,0
IND150.BSE_IDX,01/07/2025,12:43:01,19076.19,0,0,0,0,0,0
IND150.BSE_IDX,01/07/2025,12:43:10,19076.03,0,0,0,0,0,0
IND150.BSE_IDX,01/07/2025,12:43:17,19076.07,0,0,0,0,0,0
IND150.BSE_IDX,01/07/2025,12:43:26,19076.31,0,0,0,0,0,0
IND150.BSE_IDX,01/07/2025,12:43:34,19076.27,0,0,0,0,0,0
IND150.BSE_IDX,01/07/2025,12:43:42,19074.63,0,0,0,0,0,0
IND150.BSE_IDX,01/07/2025,12:43:49,19074.52,0,0,0,0,0,0
IND150.BSE_IDX,01/07/2025,12:43:58,19074.26,0,0,0,0,0,0
IND150.BSE_IDX,01/07/2025,12:44:05,19074.42,0,0,0,0,0,0
IND150.BSE_IDX,01/07/2025,12:44:14,19073.63,0,0,0,0,0,0
IND150.BSE_IDX,01/07/2025,12:44:22,19071.94,0,0,0,0,0,0
IND150.BSE_IDX,01/07/2025,12:44:29,19071.44,0,0,0,0,0,0
IND150.BSE_IDX,01/07/2025,12:44:38,19071.26,0,0,0,0,0,0
IND150.BSE_IDX,01/07/2025,12:44:46,19071.73,0,0,0,0,0,0
IND150.BSE_IDX,01/07/2025,12:44:53,19071.04,0,0,0,0,0,0
IND150.BSE_IDX,01/07/2025,12:45:01,19071.27,0,0,0,0,0,0
IND150.BSE_IDX,01/07/2025,12:45:11,19071.06,0,0,0,0,0,0
IND150.BSE_IDX,01/07/2025,12:45:18,19070.41,0,0,0,0,0,0
IND150.BSE_IDX,01/07/2025,12:45:26,19070.39,0,0,0,0,0,0
IND150.BSE_IDX,01/07/2025,12:45:34,19070.74,0,0,0,0,0,0
IND150.BSE_IDX,01/07/2025,12:45:42,19069.84,0,0,0,0,0,0
IND150.BSE_IDX,01/07/2025,12:45:50,19070.46,0,0,0,0,0,0
IND150.BSE_IDX,01/07/2025,12:45:58,19069.98,0,0,0,0,0,0
IND150.BSE_IDX,01/07/2025,12:46:06,19070.38,0,0,0,0,0,0
IND150.BSE_IDX,01/07/2025,12:46:14,19069.85,0,0,0,0,0,0
IND150.BSE_IDX,01/07/2025,12:46:22,19069.76,0,0,0,0,0,0
IND150.BSE_IDX,01/07/2025,12:46:30,19068.65,0,0,0,0,0,0
IND150.BSE_IDX,01/07/2025,12:46:38,19068.35,0,0,0,0,0,0
IND150.BSE_IDX,01/07/2025,12:46:46,19068.93,0,0,0,0,0,0
IND150.BSE_IDX,01/07/2025,12:46:54,19067.46,0,0,0,0,0,0
IND150.BSE_IDX,01/07/2025,12:47:02,19067.61,0,0,0,0,0,0
IND150.BSE_IDX,01/07/2025,12:47:10,19067.48,0,0,0,0,0,0
IND150.BSE_IDX,01/07/2025,12:47:18,19067.61,0,0,0,0,0,0
IND150.BSE_IDX,01/07/2025,12:47:26,19067.86,0,0,0,0,0,0
IND150.BSE_IDX,01/07/2025,12:47:34,19068.54,0,0,0,0,0,0
IND150.BSE_IDX,01/07/2025,12:47:42,19067.36,0,0,0,0,0,0
IND150.BSE_IDX,01/07/2025,12:47:50,19068.39,0,0,0,0,0,0
IND150.BSE_IDX,01/07/2025,12:47:58,19068.47,0,0,0,0,0,0
IND150.BSE_IDX,01/07/2025,12:48:06,19068.9,0,0,0,0,0,0
IND150.BSE_IDX,01/07/2025,12:48:14,19069.68,0,0,0,0,0,0
IND150.BSE_IDX,01/07/2025,12:48:22,19069.58,0,0,0,0,0,0
IND150.BSE_IDX,01/07/2025,12:48:30,19070.75,0,0,0,0,0,0
IND150.BSE_IDX,01/07/2025,12:48:38,19070.58,0,0,0,0,0,0
IND150.BSE_IDX,01/07/2025,12:48:46,19070.22,0,0,0,0,0,0
IND150.BSE_IDX,01/07/2025,12:48:54,19070.4,0,0,0,0,0,0
IND150.BSE_IDX,01/07/2025,12:49:02,19070.27,0,0,0,0,0,0
IND150.BSE_IDX,01/07/2025,12:49:10,19070.43,0,0,0,0,0,0
IND150.BSE_IDX,01/07/2025,12:49:18,19070.02,0,0,0,0,0,0
IND150.BSE_IDX,01/07/2025,12:49:26,19070.06,0,0,0,0,0,0
IND150.BSE_IDX,01/07/2025,12:49:34,19069.75,0,0,0,0,0,0
IND150.BSE_IDX,01/07/2025,12:49:42,19070.24,0,0,0,0,0,0
IND150.BSE_IDX,01/07/2025,12:49:50,19071.15,0,0,0,0,0,0
IND150.BSE_IDX,01/07/2025,12:49:58,19071.53,0,0,0,0,0,0
IND150.BSE_IDX,01/07/2025,12:50:06,19071.8,0,0,0,0,0,0
IND150.BSE_IDX,01/07/2025,12:50:14,19071.41,0,0,0,0,0,0
IND150.BSE_IDX,01/07/2025,12:50:22,19072.03,0,0,0,0,0,0
IND150.BSE_IDX,01/07/2025,12:50:30,19072.36,0,0,0,0,0,0
IND150.BSE_IDX,01/07/2025,12:50:38,19072.09,0,0,0,0,0,0
IND150.BSE_IDX,01/07/2025,12:50:47,19072.52,0,0,0,0,0,0
IND150.BSE_IDX,01/07/2025,12:50:54,19072.71,0,0,0,0,0,0
IND150.BSE_IDX,01/07/2025,12:51:02,19072.56,0,0,0,0,0,0
IND150.BSE_IDX,01/07/2025,12:51:10,19073.3,0,0,0,0,0,0
IND150.BSE_IDX,01/07/2025,12:51:19,19074.14,0,0,0,0,0,0
IND150.BSE_IDX,01/07/2025,12:51:26,19073.61,0,0,0,0,0,0
IND150.BSE_IDX,01/07/2025,12:51:34,19073.88,0,0,0,0,0,0
IND150.BSE_IDX,01/07/2025,12:51:42,19073.53,0,0,0,0,0,0
IND150.BSE_IDX,01/07/2025,12:51:50,19073.27,0,0,0,0,0,0
IND150.BSE_IDX,01/07/2025,12:51:58,19073.43,0,0,0,0,0,0
IND150.BSE_IDX,01/07/2025,12:52:06,19072.72,0,0,0,0,0,0
IND150.BSE_IDX,01/07/2025,12:52:14,19072.56,0,0,0,0,0,0
IND150.BSE_IDX,01/07/2025,12:52:22,19073.11,0,0,0,0,0,0
IND150.BSE_IDX,01/07/2025,12:52:30,19073.15,0,0,0,0,0,0
IND150.BSE_IDX,01/07/2025,12:52:38,19072.71,0,0,0,0,0,0
IND150.BSE_IDX,01/07/2025,12:52:46,19072.57,0,0,0,0,0,0
IND150.BSE_IDX,01/07/2025,12:52:54,19072.93,0,0,0,0,0,0
IND150.BSE_IDX,01/07/2025,12:53:02,19073.25,0,0,0,0,0,0
IND150.BSE_IDX,01/07/2025,12:53:10,19073.4,0,0,0,0,0,0
IND150.BSE_IDX,01/07/2025,12:53:18,19073.04,0,0,0,0,0,0
IND150.BSE_IDX,01/07/2025,12:53:26,19072.08,0,0,0,0,0,0
IND150.BSE_IDX,01/07/2025,12:53:34,19071.7,0,0,0,0,0,0
IND150.BSE_IDX,01/07/2025,12:53:42,19070.62,0,0,0,0,0,0
IND150.BSE_IDX,01/07/2025,12:53:50,19070.4,0,0,0,0,0,0
IND150.BSE_IDX,01/07/2025,12:53:58,19070.64,0,0,0,0,0,0
IND150.BSE_IDX,01/07/2025,12:54:06,19070.88,0,0,0,0,0,0
IND150.BSE_IDX,01/07/2025,12:54:14,19070.05,0,0,0,0,0,0
IND150.BSE_IDX,01/07/2025,12:54:22,19069.64,0,0,0,0,0,0
IND150.BSE_IDX,01/07/2025,12:54:30,19069.43,0,0,0,0,0,0
IND150.BSE_IDX,01/07/2025,12:54:38,19069.23,0,0,0,0,0,0
IND150.BSE_IDX,01/07/2025,12:54:46,19068.5,0,0,0,0,0,0
