Ticker,Date,Time,LTP,BuyPrice,BuyQty,SellPrice,SellQty,LTQ,OpenInterest
INDSTR.BSE_IDX,01/07/2025,09:00:07,15301.58,0,0,0,0,0,0
INDSTR.BSE_IDX,01/07/2025,09:00:15,15285.57,0,0,0,0,0,0
INDSTR.BSE_IDX,01/07/2025,09:00:23,15231.86,0,0,0,0,0,0
INDSTR.BSE_IDX,01/07/2025,09:00:31,15248.08,0,0,0,0,0,0
INDSTR.BSE_IDX,01/07/2025,09:00:39,15247.65,0,0,0,0,0,0
INDSTR.BSE_IDX,01/07/2025,09:00:47,15243.86,0,0,0,0,0,0
INDSTR.BSE_IDX,01/07/2025,09:00:55,15246.45,0,0,0,0,0,0
INDSTR.BSE_IDX,01/07/2025,09:01:03,15262.72,0,0,0,0,0,0
INDSTR.BSE_IDX,01/07/2025,09:01:11,15257.03,0,0,0,0,0,0
INDSTR.BSE_IDX,01/07/2025,09:01:19,15260.64,0,0,0,0,0,0
INDSTR.BSE_IDX,01/07/2025,09:01:27,15270.02,0,0,0,0,0,0
INDSTR.BSE_IDX,01/07/2025,09:01:35,15255.58,0,0,0,0,0,0
INDSTR.BSE_IDX,01/07/2025,09:01:43,15248.97,0,0,0,0,0,0
INDSTR.BSE_IDX,01/07/2025,09:01:51,15250.48,0,0,0,0,0,0
INDSTR.BSE_IDX,01/07/2025,09:01:59,15250.34,0,0,0,0,0,0
INDSTR.BSE_IDX,01/07/2025,09:02:07,15250.86,0,0,0,0,0,0
INDSTR.BSE_IDX,01/07/2025,09:02:15,15249.44,0,0,0,0,0,0
INDSTR.BSE_IDX,01/07/2025,09:02:23,15248.3,0,0,0,0,0,0
INDSTR.BSE_IDX,01/07/2025,09:02:31,15263.32,0,0,0,0,0,0
INDSTR.BSE_IDX,01/07/2025,09:02:39,15263.96,0,0,0,0,0,0
INDSTR.BSE_IDX,01/07/2025,09:02:47,15264.49,0,0,0,0,0,0
INDSTR.BSE_IDX,01/07/2025,09:02:55,15265.66,0,0,0,0,0,0
INDSTR.BSE_IDX,01/07/2025,09:03:03,15266.83,0,0,0,0,0,0
INDSTR.BSE_IDX,01/07/2025,09:03:11,15266.91,0,0,0,0,0,0
INDSTR.BSE_IDX,01/07/2025,09:03:19,15271.95,0,0,0,0,0,0
INDSTR.BSE_IDX,01/07/2025,09:03:27,15270.23,0,0,0,0,0,0
INDSTR.BSE_IDX,01/07/2025,09:03:35,15273.64,0,0,0,0,0,0
INDSTR.BSE_IDX,01/07/2025,09:03:43,15277.25,0,0,0,0,0,0
INDSTR.BSE_IDX,01/07/2025,09:03:51,15268.57,0,0,0,0,0,0
INDSTR.BSE_IDX,01/07/2025,09:03:59,15271.19,0,0,0,0,0,0
INDSTR.BSE_IDX,01/07/2025,09:04:07,15259.82,0,0,0,0,0,0
INDSTR.BSE_IDX,01/07/2025,09:04:15,15270.48,0,0,0,0,0,0
INDSTR.BSE_IDX,01/07/2025,09:04:23,15278.12,0,0,0,0,0,0
INDSTR.BSE_IDX,01/07/2025,09:04:31,15285.63,0,0,0,0,0,0
INDSTR.BSE_IDX,01/07/2025,09:04:39,15284.82,0,0,0,0,0,0
INDSTR.BSE_IDX,01/07/2025,09:04:47,15284.46,0,0,0,0,0,0
INDSTR.BSE_IDX,01/07/2025,09:04:55,15284.67,0,0,0,0,0,0
INDSTR.BSE_IDX,01/07/2025,09:05:03,15283.33,0,0,0,0,0,0
INDSTR.BSE_IDX,01/07/2025,09:05:11,15291.84,0,0,0,0,0,0
INDSTR.BSE_IDX,01/07/2025,09:05:19,15284.99,0,0,0,0,0,0
INDSTR.BSE_IDX,01/07/2025,09:05:27,15283.18,0,0,0,0,0,0
INDSTR.BSE_IDX,01/07/2025,09:05:35,15282,0,0,0,0,0,0
INDSTR.BSE_IDX,01/07/2025,09:05:43,15278.99,0,0,0,0,0,0
INDSTR.BSE_IDX,01/07/2025,09:05:51,15285.73,0,0,0,0,0,0
INDSTR.BSE_IDX,01/07/2025,09:05:59,15282.51,0,0,0,0,0,0
INDSTR.BSE_IDX,01/07/2025,09:06:07,15280.42,0,0,0,0,0,0
INDSTR.BSE_IDX,01/07/2025,09:06:15,15269.37,0,0,0,0,0,0
INDSTR.BSE_IDX,01/07/2025,09:06:23,15270.43,0,0,0,0,0,0
INDSTR.BSE_IDX,01/07/2025,09:06:31,15283.84,0,0,0,0,0,0
INDSTR.BSE_IDX,01/07/2025,09:06:39,15283.45,0,0,0,0,0,0
INDSTR.BSE_IDX,01/07/2025,09:06:47,15281.02,0,0,0,0,0,0
INDSTR.BSE_IDX,01/07/2025,09:06:55,15285.38,0,0,0,0,0,0
INDSTR.BSE_IDX,01/07/2025,09:07:04,15290.89,0,0,0,0,0,0
INDSTR.BSE_IDX,01/07/2025,09:07:11,15290.89,0,0,0,0,0,0
INDSTR.BSE_IDX,01/07/2025,09:07:19,15290.89,0,0,0,0,0,0
INDSTR.BSE_IDX,01/07/2025,09:07:27,15290.89,0,0,0,0,0,0
INDSTR.BSE_IDX,01/07/2025,09:07:35,15290.89,0,0,0,0,0,0
INDSTR.BSE_IDX,01/07/2025,09:07:43,15290.89,0,0,0,0,0,0
INDSTR.BSE_IDX,01/07/2025,09:07:51,15290.89,0,0,0,0,0,0
INDSTR.BSE_IDX,01/07/2025,09:07:59,15290.89,0,0,0,0,0,0
INDSTR.BSE_IDX,01/07/2025,09:08:07,15290.89,0,0,0,0,0,0
INDSTR.BSE_IDX,01/07/2025,09:08:15,15290.89,0,0,0,0,0,0
INDSTR.BSE_IDX,01/07/2025,09:08:23,15290.89,0,0,0,0,0,0
INDSTR.BSE_IDX,01/07/2025,09:08:31,15290.89,0,0,0,0,0,0
INDSTR.BSE_IDX,01/07/2025,09:08:39,15290.89,0,0,0,0,0,0
INDSTR.BSE_IDX,01/07/2025,09:08:47,15290.89,0,0,0,0,0,0
INDSTR.BSE_IDX,01/07/2025,09:08:55,15290.89,0,0,0,0,0,0
INDSTR.BSE_IDX,01/07/2025,09:09:03,15291.44,0,0,0,0,0,0
INDSTR.BSE_IDX,01/07/2025,09:09:11,15291.44,0,0,0,0,0,0
INDSTR.BSE_IDX,01/07/2025,09:09:19,15291.44,0,0,0,0,0,0
INDSTR.BSE_IDX,01/07/2025,09:09:27,15291.44,0,0,0,0,0,0
INDSTR.BSE_IDX,01/07/2025,09:09:35,15291.44,0,0,0,0,0,0
INDSTR.BSE_IDX,01/07/2025,09:09:43,15291.44,0,0,0,0,0,0
INDSTR.BSE_IDX,01/07/2025,09:09:51,15291.44,0,0,0,0,0,0
INDSTR.BSE_IDX,01/07/2025,09:09:59,15291.44,0,0,0,0,0,0
INDSTR.BSE_IDX,01/07/2025,09:10:07,15291.44,0,0,0,0,0,0
INDSTR.BSE_IDX,01/07/2025,09:10:15,15291.44,0,0,0,0,0,0
INDSTR.BSE_IDX,01/07/2025,09:10:23,15291.44,0,0,0,0,0,0
INDSTR.BSE_IDX,01/07/2025,09:10:31,15291.44,0,0,0,0,0,0
INDSTR.BSE_IDX,01/07/2025,09:10:39,15291.44,0,0,0,0,0,0
INDSTR.BSE_IDX,01/07/2025,09:10:47,15291.44,0,0,0,0,0,0
INDSTR.BSE_IDX,01/07/2025,09:10:55,15291.44,0,0,0,0,0,0
INDSTR.BSE_IDX,01/07/2025,09:11:03,15291.44,0,0,0,0,0,0
INDSTR.BSE_IDX,01/07/2025,09:11:11,15291.44,0,0,0,0,0,0
INDSTR.BSE_IDX,01/07/2025,09:11:19,15291.44,0,0,0,0,0,0
INDSTR.BSE_IDX,01/07/2025,09:11:27,15291.44,0,0,0,0,0,0
INDSTR.BSE_IDX,01/07/2025,09:11:35,15291.44,0,0,0,0,0,0
INDSTR.BSE_IDX,01/07/2025,09:11:43,15291.44,0,0,0,0,0,0
INDSTR.BSE_IDX,01/07/2025,09:11:51,15291.44,0,0,0,0,0,0
INDSTR.BSE_IDX,01/07/2025,09:11:59,15291.44,0,0,0,0,0,0
INDSTR.BSE_IDX,01/07/2025,09:12:07,15291.44,0,0,0,0,0,0
INDSTR.BSE_IDX,01/07/2025,09:12:16,15291.44,0,0,0,0,0,0
INDSTR.BSE_IDX,01/07/2025,09:12:23,15291.44,0,0,0,0,0,0
INDSTR.BSE_IDX,01/07/2025,09:12:31,15291.44,0,0,0,0,0,0
INDSTR.BSE_IDX,01/07/2025,09:12:39,15291.44,0,0,0,0,0,0
INDSTR.BSE_IDX,01/07/2025,09:12:47,15291.44,0,0,0,0,0,0
INDSTR.BSE_IDX,01/07/2025,09:12:55,15291.44,0,0,0,0,0,0
INDSTR.BSE_IDX,01/07/2025,09:13:03,15291.44,0,0,0,0,0,0
INDSTR.BSE_IDX,01/07/2025,09:13:11,15291.44,0,0,0,0,0,0
INDSTR.BSE_IDX,01/07/2025,09:13:19,15291.44,0,0,0,0,0,0
INDSTR.BSE_IDX,01/07/2025,09:13:27,15291.44,0,0,0,0,0,0
INDSTR.BSE_IDX,01/07/2025,09:13:35,15291.44,0,0,0,0,0,0
INDSTR.BSE_IDX,01/07/2025,09:13:43,15291.44,0,0,0,0,0,0
INDSTR.BSE_IDX,01/07/2025,09:13:51,15291.44,0,0,0,0,0,0
INDSTR.BSE_IDX,01/07/2025,09:13:59,15291.44,0,0,0,0,0,0
INDSTR.BSE_IDX,01/07/2025,09:14:07,15291.44,0,0,0,0,0,0
INDSTR.BSE_IDX,01/07/2025,09:14:15,15291.44,0,0,0,0,0,0
INDSTR.BSE_IDX,01/07/2025,09:14:23,15291.44,0,0,0,0,0,0
INDSTR.BSE_IDX,01/07/2025,09:14:31,15291.44,0,0,0,0,0,0
INDSTR.BSE_IDX,01/07/2025,09:14:39,15291.44,0,0,0,0,0,0
INDSTR.BSE_IDX,01/07/2025,09:14:47,15291.44,0,0,0,0,0,0
INDSTR.BSE_IDX,01/07/2025,09:14:55,15291.44,0,0,0,0,0,0
INDSTR.BSE_IDX,01/07/2025,09:15:04,15316.81,0,0,0,0,0,0
INDSTR.BSE_IDX,01/07/2025,09:15:11,15306.83,0,0,0,0,0,0
INDSTR.BSE_IDX,01/07/2025,09:15:19,15297.61,0,0,0,0,0,0
INDSTR.BSE_IDX,01/07/2025,09:15:27,15289.99,0,0,0,0,0,0
INDSTR.BSE_IDX,01/07/2025,09:15:35,15294.11,0,0,0,0,0,0
INDSTR.BSE_IDX,01/07/2025,09:15:43,15292.93,0,0,0,0,0,0
INDSTR.BSE_IDX,01/07/2025,09:15:51,15294.26,0,0,0,0,0,0
INDSTR.BSE_IDX,01/07/2025,09:15:59,15294.34,0,0,0,0,0,0
INDSTR.BSE_IDX,01/07/2025,09:16:07,15292.58,0,0,0,0,0,0
INDSTR.BSE_IDX,01/07/2025,09:16:15,15299.09,0,0,0,0,0,0
INDSTR.BSE_IDX,01/07/2025,09:16:24,15304.48,0,0,0,0,0,0
INDSTR.BSE_IDX,01/07/2025,09:16:31,15303.91,0,0,0,0,0,0
INDSTR.BSE_IDX,01/07/2025,09:16:39,15307.18,0,0,0,0,0,0
INDSTR.BSE_IDX,01/07/2025,09:16:48,15310.79,0,0,0,0,0,0
INDSTR.BSE_IDX,01/07/2025,09:16:55,15310.24,0,0,0,0,0,0
INDSTR.BSE_IDX,01/07/2025,09:17:03,15312.75,0,0,0,0,0,0
INDSTR.BSE_IDX,01/07/2025,09:17:12,15312.05,0,0,0,0,0,0
INDSTR.BSE_IDX,01/07/2025,09:17:19,15309.67,0,0,0,0,0,0
INDSTR.BSE_IDX,01/07/2025,09:17:27,15311,0,0,0,0,0,0
INDSTR.BSE_IDX,01/07/2025,09:17:35,15313.5,0,0,0,0,0,0
INDSTR.BSE_IDX,01/07/2025,09:17:44,15315.05,0,0,0,0,0,0
INDSTR.BSE_IDX,01/07/2025,09:17:51,15313.7,0,0,0,0,0,0
INDSTR.BSE_IDX,01/07/2025,09:17:59,15311.79,0,0,0,0,0,0
INDSTR.BSE_IDX,01/07/2025,09:18:07,15310.35,0,0,0,0,0,0
INDSTR.BSE_IDX,01/07/2025,09:18:15,15310.97,0,0,0,0,0,0
INDSTR.BSE_IDX,01/07/2025,09:18:23,15314.01,0,0,0,0,0,0
INDSTR.BSE_IDX,01/07/2025,09:18:31,15314.76,0,0,0,0,0,0
INDSTR.BSE_IDX,01/07/2025,09:18:39,15317.72,0,0,0,0,0,0
INDSTR.BSE_IDX,01/07/2025,09:18:47,15319.14,0,0,0,0,0,0
INDSTR.BSE_IDX,01/07/2025,09:18:56,15321.17,0,0,0,0,0,0
INDSTR.BSE_IDX,01/07/2025,09:19:03,15321.68,0,0,0,0,0,0
INDSTR.BSE_IDX,01/07/2025,09:19:11,15317.57,0,0,0,0,0,0
INDSTR.BSE_IDX,01/07/2025,09:19:19,15321.07,0,0,0,0,0,0
INDSTR.BSE_IDX,01/07/2025,09:19:28,15321.45,0,0,0,0,0,0
INDSTR.BSE_IDX,01/07/2025,09:19:35,15320.95,0,0,0,0,0,0
INDSTR.BSE_IDX,01/07/2025,09:19:43,15320.27,0,0,0,0,0,0
INDSTR.BSE_IDX,01/07/2025,09:19:52,15319.41,0,0,0,0,0,0
INDSTR.BSE_IDX,01/07/2025,09:19:59,15320.54,0,0,0,0,0,0
INDSTR.BSE_IDX,01/07/2025,09:20:07,15323.05,0,0,0,0,0,0
INDSTR.BSE_IDX,01/07/2025,09:20:15,15322.45,0,0,0,0,0,0
INDSTR.BSE_IDX,01/07/2025,09:20:24,15317.19,0,0,0,0,0,0
INDSTR.BSE_IDX,01/07/2025,09:20:31,15316.64,0,0,0,0,0,0
INDSTR.BSE_IDX,01/07/2025,09:20:39,15315.3,0,0,0,0,0,0
INDSTR.BSE_IDX,01/07/2025,09:20:47,15318.31,0,0,0,0,0,0
INDSTR.BSE_IDX,01/07/2025,09:20:55,15317.83,0,0,0,0,0,0
INDSTR.BSE_IDX,01/07/2025,09:21:03,15317.26,0,0,0,0,0,0
INDSTR.BSE_IDX,01/07/2025,09:21:11,15316.09,0,0,0,0,0,0
INDSTR.BSE_IDX,01/07/2025,09:21:19,15319.66,0,0,0,0,0,0
INDSTR.BSE_IDX,01/07/2025,09:21:27,15312.3,0,0,0,0,0,0
INDSTR.BSE_IDX,01/07/2025,09:21:36,15311.23,0,0,0,0,0,0
INDSTR.BSE_IDX,01/07/2025,09:21:43,15315.94,0,0,0,0,0,0
INDSTR.BSE_IDX,01/07/2025,09:21:51,15317.46,0,0,0,0,0,0
INDSTR.BSE_IDX,01/07/2025,09:21:59,15317.79,0,0,0,0,0,0
INDSTR.BSE_IDX,01/07/2025,09:22:07,15319.87,0,0,0,0,0,0
INDSTR.BSE_IDX,01/07/2025,09:22:15,15318.39,0,0,0,0,0,0
INDSTR.BSE_IDX,01/07/2025,09:22:23,15320.17,0,0,0,0,0,0
INDSTR.BSE_IDX,01/07/2025,09:22:31,15324.94,0,0,0,0,0,0
INDSTR.BSE_IDX,01/07/2025,09:22:39,15327.46,0,0,0,0,0,0
INDSTR.BSE_IDX,01/07/2025,09:22:47,15328.27,0,0,0,0,0,0
INDSTR.BSE_IDX,01/07/2025,09:22:55,15327.55,0,0,0,0,0,0
INDSTR.BSE_IDX,01/07/2025,09:23:03,15330.01,0,0,0,0,0,0
INDSTR.BSE_IDX,01/07/2025,09:23:11,15330.14,0,0,0,0,0,0
INDSTR.BSE_IDX,01/07/2025,09:23:19,15328.36,0,0,0,0,0,0
INDSTR.BSE_IDX,01/07/2025,09:23:27,15327.29,0,0,0,0,0,0
INDSTR.BSE_IDX,01/07/2025,09:23:35,15327.84,0,0,0,0,0,0
INDSTR.BSE_IDX,01/07/2025,09:23:44,15325.78,0,0,0,0,0,0
INDSTR.BSE_IDX,01/07/2025,09:23:51,15325.86,0,0,0,0,0,0
INDSTR.BSE_IDX,01/07/2025,09:23:59,15325.41,0,0,0,0,0,0
INDSTR.BSE_IDX,01/07/2025,09:24:08,15325.94,0,0,0,0,0,0
INDSTR.BSE_IDX,01/07/2025,09:24:15,15321.48,0,0,0,0,0,0
INDSTR.BSE_IDX,01/07/2025,09:24:23,15320.91,0,0,0,0,0,0
INDSTR.BSE_IDX,01/07/2025,09:24:32,15321.26,0,0,0,0,0,0
INDSTR.BSE_IDX,01/07/2025,09:24:39,15322.08,0,0,0,0,0,0
INDSTR.BSE_IDX,01/07/2025,09:24:48,15318.35,0,0,0,0,0,0
INDSTR.BSE_IDX,01/07/2025,09:24:57,15318.18,0,0,0,0,0,0
INDSTR.BSE_IDX,01/07/2025,09:25:03,15319.57,0,0,0,0,0,0
INDSTR.BSE_IDX,01/07/2025,09:25:12,15320.53,0,0,0,0,0,0
INDSTR.BSE_IDX,01/07/2025,09:25:19,15321.94,0,0,0,0,0,0
INDSTR.BSE_IDX,01/07/2025,09:25:29,15323.54,0,0,0,0,0,0
INDSTR.BSE_IDX,01/07/2025,09:25:35,15322.62,0,0,0,0,0,0
INDSTR.BSE_IDX,01/07/2025,09:25:43,15322.05,0,0,0,0,0,0
INDSTR.BSE_IDX,01/07/2025,09:25:51,15318,0,0,0,0,0,0
INDSTR.BSE_IDX,01/07/2025,09:25:59,15316.99,0,0,0,0,0,0
INDSTR.BSE_IDX,01/07/2025,09:26:08,15315.67,0,0,0,0,0,0
INDSTR.BSE_IDX,01/07/2025,09:26:15,15316.71,0,0,0,0,0,0
INDSTR.BSE_IDX,01/07/2025,09:26:24,15314.36,0,0,0,0,0,0
INDSTR.BSE_IDX,01/07/2025,09:26:31,15314.3,0,0,0,0,0,0
INDSTR.BSE_IDX,01/07/2025,09:26:39,15314.17,0,0,0,0,0,0
INDSTR.BSE_IDX,01/07/2025,09:26:48,15314.27,0,0,0,0,0,0
INDSTR.BSE_IDX,01/07/2025,09:26:55,15316.43,0,0,0,0,0,0
INDSTR.BSE_IDX,01/07/2025,09:27:04,15315.47,0,0,0,0,0,0
INDSTR.BSE_IDX,01/07/2025,09:27:12,15313.97,0,0,0,0,0,0
INDSTR.BSE_IDX,01/07/2025,09:27:19,15318.01,0,0,0,0,0,0
INDSTR.BSE_IDX,01/07/2025,09:27:28,15318.88,0,0,0,0,0,0
INDSTR.BSE_IDX,01/07/2025,09:27:36,15320.04,0,0,0,0,0,0
INDSTR.BSE_IDX,01/07/2025,09:27:44,15318.28,0,0,0,0,0,0
INDSTR.BSE_IDX,01/07/2025,09:27:51,15315.86,0,0,0,0,0,0
INDSTR.BSE_IDX,01/07/2025,09:28:00,15314.4,0,0,0,0,0,0
INDSTR.BSE_IDX,01/07/2025,09:28:08,15311.07,0,0,0,0,0,0
INDSTR.BSE_IDX,01/07/2025,09:28:16,15306.25,0,0,0,0,0,0
INDSTR.BSE_IDX,01/07/2025,09:28:24,15304.37,0,0,0,0,0,0
INDSTR.BSE_IDX,01/07/2025,09:28:32,15299.39,0,0,0,0,0,0
INDSTR.BSE_IDX,01/07/2025,09:28:40,15301.02,0,0,0,0,0,0
INDSTR.BSE_IDX,01/07/2025,09:28:48,15296.64,0,0,0,0,0,0
INDSTR.BSE_IDX,01/07/2025,09:28:56,15296.48,0,0,0,0,0,0
INDSTR.BSE_IDX,01/07/2025,09:29:04,15294.31,0,0,0,0,0,0
INDSTR.BSE_IDX,01/07/2025,09:29:12,15293.65,0,0,0,0,0,0
INDSTR.BSE_IDX,01/07/2025,09:29:20,15292.69,0,0,0,0,0,0
INDSTR.BSE_IDX,01/07/2025,09:29:28,15292.16,0,0,0,0,0,0
INDSTR.BSE_IDX,01/07/2025,09:29:36,15289.98,0,0,0,0,0,0
INDSTR.BSE_IDX,01/07/2025,09:29:44,15289.66,0,0,0,0,0,0
INDSTR.BSE_IDX,01/07/2025,09:29:52,15290.12,0,0,0,0,0,0
INDSTR.BSE_IDX,01/07/2025,09:30:00,15291.49,0,0,0,0,0,0
INDSTR.BSE_IDX,01/07/2025,09:30:08,15294.5,0,0,0,0,0,0
INDSTR.BSE_IDX,01/07/2025,09:30:16,15299.29,0,0,0,0,0,0
INDSTR.BSE_IDX,01/07/2025,09:30:24,15300.08,0,0,0,0,0,0
INDSTR.BSE_IDX,01/07/2025,09:30:32,15299.75,0,0,0,0,0,0
INDSTR.BSE_IDX,01/07/2025,09:30:40,15298.4,0,0,0,0,0,0
INDSTR.BSE_IDX,01/07/2025,09:30:48,15297.5,0,0,0,0,0,0
INDSTR.BSE_IDX,01/07/2025,09:30:56,15292.84,0,0,0,0,0,0
INDSTR.BSE_IDX,01/07/2025,09:31:04,15290.87,0,0,0,0,0,0
INDSTR.BSE_IDX,01/07/2025,09:31:12,15289.78,0,0,0,0,0,0
INDSTR.BSE_IDX,01/07/2025,09:31:20,15287.92,0,0,0,0,0,0
INDSTR.BSE_IDX,01/07/2025,09:31:28,15287.73,0,0,0,0,0,0
INDSTR.BSE_IDX,01/07/2025,09:31:36,15290.84,0,0,0,0,0,0
INDSTR.BSE_IDX,01/07/2025,09:31:44,15289.65,0,0,0,0,0,0
INDSTR.BSE_IDX,01/07/2025,09:31:52,15289.51,0,0,0,0,0,0
INDSTR.BSE_IDX,01/07/2025,09:32:00,15290.75,0,0,0,0,0,0
INDSTR.BSE_IDX,01/07/2025,09:32:08,15287.61,0,0,0,0,0,0
INDSTR.BSE_IDX,01/07/2025,09:32:16,15289.05,0,0,0,0,0,0
INDSTR.BSE_IDX,01/07/2025,09:32:24,15289.09,0,0,0,0,0,0
INDSTR.BSE_IDX,01/07/2025,09:32:32,15290.77,0,0,0,0,0,0
INDSTR.BSE_IDX,01/07/2025,09:32:40,15290.33,0,0,0,0,0,0
INDSTR.BSE_IDX,01/07/2025,09:32:48,15292.11,0,0,0,0,0,0
INDSTR.BSE_IDX,01/07/2025,09:32:56,15295.17,0,0,0,0,0,0
INDSTR.BSE_IDX,01/07/2025,09:33:04,15298.99,0,0,0,0,0,0
INDSTR.BSE_IDX,01/07/2025,09:33:12,15299.73,0,0,0,0,0,0
INDSTR.BSE_IDX,01/07/2025,09:33:20,15300.95,0,0,0,0,0,0
INDSTR.BSE_IDX,01/07/2025,09:33:28,15302.43,0,0,0,0,0,0
INDSTR.BSE_IDX,01/07/2025,09:33:36,15301.62,0,0,0,0,0,0
INDSTR.BSE_IDX,01/07/2025,09:33:44,15301.77,0,0,0,0,0,0
INDSTR.BSE_IDX,01/07/2025,09:33:52,15303.58,0,0,0,0,0,0
INDSTR.BSE_IDX,01/07/2025,09:34:00,15303.8,0,0,0,0,0,0
INDSTR.BSE_IDX,01/07/2025,09:34:08,15307.84,0,0,0,0,0,0
INDSTR.BSE_IDX,01/07/2025,09:34:16,15307.54,0,0,0,0,0,0
INDSTR.BSE_IDX,01/07/2025,09:34:24,15308.8,0,0,0,0,0,0
INDSTR.BSE_IDX,01/07/2025,09:34:32,15313.75,0,0,0,0,0,0
INDSTR.BSE_IDX,01/07/2025,09:34:40,15314.96,0,0,0,0,0,0
INDSTR.BSE_IDX,01/07/2025,09:34:48,15314.28,0,0,0,0,0,0
INDSTR.BSE_IDX,01/07/2025,09:34:56,15315.67,0,0,0,0,0,0
INDSTR.BSE_IDX,01/07/2025,09:35:05,15314.03,0,0,0,0,0,0
INDSTR.BSE_IDX,01/07/2025,09:35:12,15312.09,0,0,0,0,0,0
INDSTR.BSE_IDX,01/07/2025,09:35:20,15314.83,0,0,0,0,0,0
INDSTR.BSE_IDX,01/07/2025,09:35:28,15315.57,0,0,0,0,0,0
INDSTR.BSE_IDX,01/07/2025,09:35:36,15317.39,0,0,0,0,0,0
INDSTR.BSE_IDX,01/07/2025,09:35:44,15318.6,0,0,0,0,0,0
INDSTR.BSE_IDX,01/07/2025,09:35:52,15319.2,0,0,0,0,0,0
INDSTR.BSE_IDX,01/07/2025,09:36:00,15322.74,0,0,0,0,0,0
INDSTR.BSE_IDX,01/07/2025,09:36:08,15322.4,0,0,0,0,0,0
INDSTR.BSE_IDX,01/07/2025,09:36:16,15322.6,0,0,0,0,0,0
INDSTR.BSE_IDX,01/07/2025,09:36:24,15322.06,0,0,0,0,0,0
INDSTR.BSE_IDX,01/07/2025,09:36:33,15319.21,0,0,0,0,0,0
INDSTR.BSE_IDX,01/07/2025,09:36:40,15315.58,0,0,0,0,0,0
INDSTR.BSE_IDX,01/07/2025,09:36:48,15316.79,0,0,0,0,0,0
INDSTR.BSE_IDX,01/07/2025,09:36:56,15321.15,0,0,0,0,0,0
INDSTR.BSE_IDX,01/07/2025,09:37:04,15321.52,0,0,0,0,0,0
INDSTR.BSE_IDX,01/07/2025,09:37:12,15322.48,0,0,0,0,0,0
INDSTR.BSE_IDX,01/07/2025,09:37:20,15325.83,0,0,0,0,0,0
INDSTR.BSE_IDX,01/07/2025,09:37:28,15333.54,0,0,0,0,0,0
INDSTR.BSE_IDX,01/07/2025,09:37:36,15335.8,0,0,0,0,0,0
INDSTR.BSE_IDX,01/07/2025,09:37:44,15332.96,0,0,0,0,0,0
INDSTR.BSE_IDX,01/07/2025,09:37:52,15333.35,0,0,0,0,0,0
INDSTR.BSE_IDX,01/07/2025,09:38:00,15333.9,0,0,0,0,0,0
INDSTR.BSE_IDX,01/07/2025,09:38:08,15335.37,0,0,0,0,0,0
INDSTR.BSE_IDX,01/07/2025,09:38:16,15335.33,0,0,0,0,0,0
INDSTR.BSE_IDX,01/07/2025,09:38:24,15337.51,0,0,0,0,0,0
INDSTR.BSE_IDX,01/07/2025,09:38:32,15337.97,0,0,0,0,0,0
INDSTR.BSE_IDX,01/07/2025,09:38:40,15332.4,0,0,0,0,0,0
INDSTR.BSE_IDX,01/07/2025,09:38:48,15333.78,0,0,0,0,0,0
INDSTR.BSE_IDX,01/07/2025,09:38:56,15331.76,0,0,0,0,0,0
INDSTR.BSE_IDX,01/07/2025,09:39:04,15331.59,0,0,0,0,0,0
INDSTR.BSE_IDX,01/07/2025,09:39:12,15333.6,0,0,0,0,0,0
INDSTR.BSE_IDX,01/07/2025,09:39:20,15338.26,0,0,0,0,0,0
INDSTR.BSE_IDX,01/07/2025,09:39:28,15337.84,0,0,0,0,0,0
INDSTR.BSE_IDX,01/07/2025,09:39:36,15338.59,0,0,0,0,0,0
INDSTR.BSE_IDX,01/07/2025,09:39:44,15339.41,0,0,0,0,0,0
INDSTR.BSE_IDX,01/07/2025,09:39:52,15340.55,0,0,0,0,0,0
INDSTR.BSE_IDX,01/07/2025,09:40:00,15340.13,0,0,0,0,0,0
INDSTR.BSE_IDX,01/07/2025,09:40:08,15341.07,0,0,0,0,0,0
INDSTR.BSE_IDX,01/07/2025,09:40:16,15343.53,0,0,0,0,0,0
INDSTR.BSE_IDX,01/07/2025,09:40:24,15342.51,0,0,0,0,0,0
INDSTR.BSE_IDX,01/07/2025,09:40:32,15339.11,0,0,0,0,0,0
INDSTR.BSE_IDX,01/07/2025,09:40:40,15337.9,0,0,0,0,0,0
INDSTR.BSE_IDX,01/07/2025,09:40:48,15338.18,0,0,0,0,0,0
INDSTR.BSE_IDX,01/07/2025,09:40:56,15335.76,0,0,0,0,0,0
INDSTR.BSE_IDX,01/07/2025,09:41:04,15331.97,0,0,0,0,0,0
INDSTR.BSE_IDX,01/07/2025,09:41:12,15332.72,0,0,0,0,0,0
INDSTR.BSE_IDX,01/07/2025,09:41:20,15333.4,0,0,0,0,0,0
INDSTR.BSE_IDX,01/07/2025,09:41:28,15336.75,0,0,0,0,0,0
INDSTR.BSE_IDX,01/07/2025,09:41:36,15337.57,0,0,0,0,0,0
INDSTR.BSE_IDX,01/07/2025,09:41:44,15335.58,0,0,0,0,0,0
INDSTR.BSE_IDX,01/07/2025,09:41:52,15335.44,0,0,0,0,0,0
INDSTR.BSE_IDX,01/07/2025,09:42:00,15335.93,0,0,0,0,0,0
INDSTR.BSE_IDX,01/07/2025,09:42:08,15334.46,0,0,0,0,0,0
INDSTR.BSE_IDX,01/07/2025,09:42:16,15333.81,0,0,0,0,0,0
INDSTR.BSE_IDX,01/07/2025,09:42:24,15329.96,0,0,0,0,0,0
INDSTR.BSE_IDX,01/07/2025,09:42:32,15331.6,0,0,0,0,0,0
INDSTR.BSE_IDX,01/07/2025,09:42:40,15331.18,0,0,0,0,0,0
INDSTR.BSE_IDX,01/07/2025,09:42:48,15330.88,0,0,0,0,0,0
INDSTR.BSE_IDX,01/07/2025,09:42:56,15332.26,0,0,0,0,0,0
INDSTR.BSE_IDX,01/07/2025,09:43:04,15332.26,0,0,0,0,0,0
INDSTR.BSE_IDX,01/07/2025,09:43:12,15330.34,0,0,0,0,0,0
INDSTR.BSE_IDX,01/07/2025,09:43:20,15328.74,0,0,0,0,0,0
INDSTR.BSE_IDX,01/07/2025,09:43:28,15331.26,0,0,0,0,0,0
INDSTR.BSE_IDX,01/07/2025,09:43:36,15331.77,0,0,0,0,0,0
INDSTR.BSE_IDX,01/07/2025,09:43:44,15328.76,0,0,0,0,0,0
INDSTR.BSE_IDX,01/07/2025,09:43:53,15329.22,0,0,0,0,0,0
INDSTR.BSE_IDX,01/07/2025,09:44:00,15330.24,0,0,0,0,0,0
INDSTR.BSE_IDX,01/07/2025,09:44:08,15329.99,0,0,0,0,0,0
INDSTR.BSE_IDX,01/07/2025,09:44:16,15327.45,0,0,0,0,0,0
INDSTR.BSE_IDX,01/07/2025,09:44:24,15326.43,0,0,0,0,0,0
INDSTR.BSE_IDX,01/07/2025,09:44:32,15327.06,0,0,0,0,0,0
INDSTR.BSE_IDX,01/07/2025,09:44:40,15326.9,0,0,0,0,0,0
INDSTR.BSE_IDX,01/07/2025,09:44:48,15325.12,0,0,0,0,0,0
INDSTR.BSE_IDX,01/07/2025,09:44:56,15324.73,0,0,0,0,0,0
INDSTR.BSE_IDX,01/07/2025,09:45:05,15322.81,0,0,0,0,0,0
INDSTR.BSE_IDX,01/07/2025,09:45:12,15322.19,0,0,0,0,0,0
INDSTR.BSE_IDX,01/07/2025,09:45:20,15320.25,0,0,0,0,0,0
INDSTR.BSE_IDX,01/07/2025,09:45:28,15323.78,0,0,0,0,0,0
INDSTR.BSE_IDX,01/07/2025,09:45:36,15319.94,0,0,0,0,0,0
INDSTR.BSE_IDX,01/07/2025,09:45:44,15317.34,0,0,0,0,0,0
INDSTR.BSE_IDX,01/07/2025,09:45:52,15317.94,0,0,0,0,0,0
INDSTR.BSE_IDX,01/07/2025,09:46:01,15317.57,0,0,0,0,0,0
INDSTR.BSE_IDX,01/07/2025,09:46:08,15315.47,0,0,0,0,0,0
INDSTR.BSE_IDX,01/07/2025,09:46:16,15316.56,0,0,0,0,0,0
INDSTR.BSE_IDX,01/07/2025,09:46:24,15318.83,0,0,0,0,0,0
INDSTR.BSE_IDX,01/07/2025,09:46:32,15318.68,0,0,0,0,0,0
INDSTR.BSE_IDX,01/07/2025,09:46:40,15321.74,0,0,0,0,0,0
INDSTR.BSE_IDX,01/07/2025,09:46:48,15321.46,0,0,0,0,0,0
INDSTR.BSE_IDX,01/07/2025,09:46:56,15320.86,0,0,0,0,0,0
INDSTR.BSE_IDX,01/07/2025,09:47:04,15321.85,0,0,0,0,0,0
INDSTR.BSE_IDX,01/07/2025,09:47:12,15320.91,0,0,0,0,0,0
INDSTR.BSE_IDX,01/07/2025,09:47:20,15320.61,0,0,0,0,0,0
INDSTR.BSE_IDX,01/07/2025,09:47:28,15318.4,0,0,0,0,0,0
INDSTR.BSE_IDX,01/07/2025,09:47:36,15317.45,0,0,0,0,0,0
INDSTR.BSE_IDX,01/07/2025,09:47:44,15316.32,0,0,0,0,0,0
INDSTR.BSE_IDX,01/07/2025,09:47:52,15316.27,0,0,0,0,0,0
INDSTR.BSE_IDX,01/07/2025,09:48:00,15317.2,0,0,0,0,0,0
INDSTR.BSE_IDX,01/07/2025,09:48:08,15316.73,0,0,0,0,0,0
INDSTR.BSE_IDX,01/07/2025,09:48:16,15313.91,0,0,0,0,0,0
INDSTR.BSE_IDX,01/07/2025,09:48:24,15315.51,0,0,0,0,0,0
INDSTR.BSE_IDX,01/07/2025,09:48:32,15313.96,0,0,0,0,0,0
INDSTR.BSE_IDX,01/07/2025,09:48:40,15313.51,0,0,0,0,0,0
INDSTR.BSE_IDX,01/07/2025,09:48:48,15314.54,0,0,0,0,0,0
INDSTR.BSE_IDX,01/07/2025,09:48:56,15316.57,0,0,0,0,0,0
INDSTR.BSE_IDX,01/07/2025,09:49:04,15316.84,0,0,0,0,0,0
INDSTR.BSE_IDX,01/07/2025,09:49:12,15319.1,0,0,0,0,0,0
INDSTR.BSE_IDX,01/07/2025,09:49:20,15319.72,0,0,0,0,0,0
INDSTR.BSE_IDX,01/07/2025,09:49:28,15319.98,0,0,0,0,0,0
INDSTR.BSE_IDX,01/07/2025,09:49:36,15321.64,0,0,0,0,0,0
INDSTR.BSE_IDX,01/07/2025,09:49:44,15322.36,0,0,0,0,0,0
INDSTR.BSE_IDX,01/07/2025,09:49:52,15322.78,0,0,0,0,0,0
INDSTR.BSE_IDX,01/07/2025,09:50:00,15324.97,0,0,0,0,0,0
INDSTR.BSE_IDX,01/07/2025,09:50:08,15327.38,0,0,0,0,0,0
INDSTR.BSE_IDX,01/07/2025,09:50:16,15329.41,0,0,0,0,0,0
INDSTR.BSE_IDX,01/07/2025,09:50:24,15328.75,0,0,0,0,0,0
INDSTR.BSE_IDX,01/07/2025,09:50:32,15328.99,0,0,0,0,0,0
INDSTR.BSE_IDX,01/07/2025,09:50:40,15326.68,0,0,0,0,0,0
INDSTR.BSE_IDX,01/07/2025,09:50:48,15324.65,0,0,0,0,0,0
INDSTR.BSE_IDX,01/07/2025,09:50:57,15327.59,0,0,0,0,0,0
INDSTR.BSE_IDX,01/07/2025,09:51:04,15324.74,0,0,0,0,0,0
INDSTR.BSE_IDX,01/07/2025,09:51:12,15327.63,0,0,0,0,0,0
INDSTR.BSE_IDX,01/07/2025,09:51:20,15326.87,0,0,0,0,0,0
INDSTR.BSE_IDX,01/07/2025,09:51:28,15323.76,0,0,0,0,0,0
INDSTR.BSE_IDX,01/07/2025,09:51:37,15323.9,0,0,0,0,0,0
INDSTR.BSE_IDX,01/07/2025,09:51:44,15324.03,0,0,0,0,0,0
INDSTR.BSE_IDX,01/07/2025,09:51:52,15322.54,0,0,0,0,0,0
INDSTR.BSE_IDX,01/07/2025,09:52:01,15323.11,0,0,0,0,0,0
INDSTR.BSE_IDX,01/07/2025,09:52:08,15322.77,0,0,0,0,0,0
INDSTR.BSE_IDX,01/07/2025,09:52:17,15321.68,0,0,0,0,0,0
INDSTR.BSE_IDX,01/07/2025,09:52:24,15319.78,0,0,0,0,0,0
INDSTR.BSE_IDX,01/07/2025,09:52:32,15319.38,0,0,0,0,0,0
INDSTR.BSE_IDX,01/07/2025,09:52:40,15319.84,0,0,0,0,0,0
INDSTR.BSE_IDX,01/07/2025,09:52:48,15321.82,0,0,0,0,0,0
INDSTR.BSE_IDX,01/07/2025,09:52:57,15320.77,0,0,0,0,0,0
INDSTR.BSE_IDX,01/07/2025,09:53:04,15321.17,0,0,0,0,0,0
INDSTR.BSE_IDX,01/07/2025,09:53:13,15321.54,0,0,0,0,0,0
INDSTR.BSE_IDX,01/07/2025,09:53:20,15327.7,0,0,0,0,0,0
INDSTR.BSE_IDX,01/07/2025,09:53:28,15327.73,0,0,0,0,0,0
INDSTR.BSE_IDX,01/07/2025,09:53:36,15328.3,0,0,0,0,0,0
INDSTR.BSE_IDX,01/07/2025,09:53:44,15327.24,0,0,0,0,0,0
INDSTR.BSE_IDX,01/07/2025,09:53:52,15329.47,0,0,0,0,0,0
INDSTR.BSE_IDX,01/07/2025,09:54:00,15327.68,0,0,0,0,0,0
INDSTR.BSE_IDX,01/07/2025,09:54:08,15325.67,0,0,0,0,0,0
INDSTR.BSE_IDX,01/07/2025,09:54:16,15324.92,0,0,0,0,0,0
INDSTR.BSE_IDX,01/07/2025,09:54:24,15323.21,0,0,0,0,0,0
INDSTR.BSE_IDX,01/07/2025,09:54:32,15322.26,0,0,0,0,0,0
INDSTR.BSE_IDX,01/07/2025,09:54:40,15322.75,0,0,0,0,0,0
INDSTR.BSE_IDX,01/07/2025,09:54:48,15323.11,0,0,0,0,0,0
INDSTR.BSE_IDX,01/07/2025,09:54:56,15322.87,0,0,0,0,0,0
INDSTR.BSE_IDX,01/07/2025,09:55:04,15321.81,0,0,0,0,0,0
INDSTR.BSE_IDX,01/07/2025,09:55:12,15320.51,0,0,0,0,0,0
INDSTR.BSE_IDX,01/07/2025,09:55:20,15320.23,0,0,0,0,0,0
INDSTR.BSE_IDX,01/07/2025,09:55:28,15319.33,0,0,0,0,0,0
INDSTR.BSE_IDX,01/07/2025,09:55:36,15318.77,0,0,0,0,0,0
INDSTR.BSE_IDX,01/07/2025,09:55:44,15315.56,0,0,0,0,0,0
INDSTR.BSE_IDX,01/07/2025,09:55:52,15314.73,0,0,0,0,0,0
INDSTR.BSE_IDX,01/07/2025,09:56:00,15313.41,0,0,0,0,0,0
INDSTR.BSE_IDX,01/07/2025,09:56:08,15313.89,0,0,0,0,0,0
INDSTR.BSE_IDX,01/07/2025,09:56:16,15316.01,0,0,0,0,0,0
INDSTR.BSE_IDX,01/07/2025,09:56:25,15316.36,0,0,0,0,0,0
INDSTR.BSE_IDX,01/07/2025,09:56:32,15317.04,0,0,0,0,0,0
INDSTR.BSE_IDX,01/07/2025,09:56:41,15318.92,0,0,0,0,0,0
INDSTR.BSE_IDX,01/07/2025,09:56:48,15319.81,0,0,0,0,0,0
INDSTR.BSE_IDX,01/07/2025,09:56:57,15319.94,0,0,0,0,0,0
INDSTR.BSE_IDX,01/07/2025,09:57:04,15320.15,0,0,0,0,0,0
INDSTR.BSE_IDX,01/07/2025,09:57:12,15320.96,0,0,0,0,0,0
INDSTR.BSE_IDX,01/07/2025,09:57:20,15322.67,0,0,0,0,0,0
INDSTR.BSE_IDX,01/07/2025,09:57:28,15321.17,0,0,0,0,0,0
INDSTR.BSE_IDX,01/07/2025,09:57:36,15319.91,0,0,0,0,0,0
INDSTR.BSE_IDX,01/07/2025,09:57:44,15321.08,0,0,0,0,0,0
INDSTR.BSE_IDX,01/07/2025,09:57:52,15319.92,0,0,0,0,0,0
INDSTR.BSE_IDX,01/07/2025,09:58:00,15319.71,0,0,0,0,0,0
INDSTR.BSE_IDX,01/07/2025,09:58:08,15320.34,0,0,0,0,0,0
INDSTR.BSE_IDX,01/07/2025,09:58:16,15319.22,0,0,0,0,0,0
INDSTR.BSE_IDX,01/07/2025,09:58:24,15319.14,0,0,0,0,0,0
INDSTR.BSE_IDX,01/07/2025,09:58:32,15318.93,0,0,0,0,0,0
INDSTR.BSE_IDX,01/07/2025,09:58:40,15319.99,0,0,0,0,0,0
INDSTR.BSE_IDX,01/07/2025,09:58:48,15319.39,0,0,0,0,0,0
INDSTR.BSE_IDX,01/07/2025,09:58:56,15320.71,0,0,0,0,0,0
INDSTR.BSE_IDX,01/07/2025,09:59:05,15322.82,0,0,0,0,0,0
INDSTR.BSE_IDX,01/07/2025,09:59:12,15323.14,0,0,0,0,0,0
INDSTR.BSE_IDX,01/07/2025,09:59:20,15324.08,0,0,0,0,0,0
INDSTR.BSE_IDX,01/07/2025,09:59:28,15324.35,0,0,0,0,0,0
INDSTR.BSE_IDX,01/07/2025,09:59:36,15324.49,0,0,0,0,0,0
INDSTR.BSE_IDX,01/07/2025,09:59:45,15324.46,0,0,0,0,0,0
INDSTR.BSE_IDX,01/07/2025,09:59:52,15325.33,0,0,0,0,0,0
INDSTR.BSE_IDX,01/07/2025,10:00:00,15324.93,0,0,0,0,0,0
INDSTR.BSE_IDX,01/07/2025,10:00:08,15325.99,0,0,0,0,0,0
INDSTR.BSE_IDX,01/07/2025,10:00:16,15324.4,0,0,0,0,0,0
INDSTR.BSE_IDX,01/07/2025,10:00:24,15324.53,0,0,0,0,0,0
INDSTR.BSE_IDX,01/07/2025,10:00:32,15324.12,0,0,0,0,0,0
INDSTR.BSE_IDX,01/07/2025,10:00:40,15323.08,0,0,0,0,0,0
INDSTR.BSE_IDX,01/07/2025,10:00:48,15322.71,0,0,0,0,0,0
INDSTR.BSE_IDX,01/07/2025,10:00:56,15321.34,0,0,0,0,0,0
INDSTR.BSE_IDX,01/07/2025,10:01:04,15317.09,0,0,0,0,0,0
INDSTR.BSE_IDX,01/07/2025,10:01:12,15318.36,0,0,0,0,0,0
INDSTR.BSE_IDX,01/07/2025,10:01:21,15318.48,0,0,0,0,0,0
INDSTR.BSE_IDX,01/07/2025,10:01:28,15318.02,0,0,0,0,0,0
INDSTR.BSE_IDX,01/07/2025,10:01:36,15318.27,0,0,0,0,0,0
INDSTR.BSE_IDX,01/07/2025,10:01:44,15319.91,0,0,0,0,0,0
INDSTR.BSE_IDX,01/07/2025,10:01:52,15318.58,0,0,0,0,0,0
INDSTR.BSE_IDX,01/07/2025,10:02:00,15319.11,0,0,0,0,0,0
INDSTR.BSE_IDX,01/07/2025,10:02:08,15319.75,0,0,0,0,0,0
INDSTR.BSE_IDX,01/07/2025,10:02:17,15319.63,0,0,0,0,0,0
INDSTR.BSE_IDX,01/07/2025,10:02:24,15319.77,0,0,0,0,0,0
INDSTR.BSE_IDX,01/07/2025,10:02:32,15319.55,0,0,0,0,0,0
INDSTR.BSE_IDX,01/07/2025,10:02:41,15319.79,0,0,0,0,0,0
INDSTR.BSE_IDX,01/07/2025,10:02:49,15320.77,0,0,0,0,0,0
INDSTR.BSE_IDX,01/07/2025,10:02:56,15320.32,0,0,0,0,0,0
INDSTR.BSE_IDX,01/07/2025,10:03:04,15317.01,0,0,0,0,0,0
INDSTR.BSE_IDX,01/07/2025,10:03:13,15314.14,0,0,0,0,0,0
INDSTR.BSE_IDX,01/07/2025,10:03:20,15310.28,0,0,0,0,0,0
INDSTR.BSE_IDX,01/07/2025,10:03:29,15304.62,0,0,0,0,0,0
INDSTR.BSE_IDX,01/07/2025,10:03:37,15304.52,0,0,0,0,0,0
INDSTR.BSE_IDX,01/07/2025,10:03:45,15303.72,0,0,0,0,0,0
INDSTR.BSE_IDX,01/07/2025,10:03:53,15302.55,0,0,0,0,0,0
INDSTR.BSE_IDX,01/07/2025,10:04:01,15301.78,0,0,0,0,0,0
INDSTR.BSE_IDX,01/07/2025,10:04:09,15301.76,0,0,0,0,0,0
INDSTR.BSE_IDX,01/07/2025,10:04:17,15301.33,0,0,0,0,0,0
INDSTR.BSE_IDX,01/07/2025,10:04:25,15302.16,0,0,0,0,0,0
INDSTR.BSE_IDX,01/07/2025,10:04:33,15300.98,0,0,0,0,0,0
INDSTR.BSE_IDX,01/07/2025,10:04:41,15301.57,0,0,0,0,0,0
INDSTR.BSE_IDX,01/07/2025,10:04:50,15303.63,0,0,0,0,0,0
INDSTR.BSE_IDX,01/07/2025,10:04:57,15304.71,0,0,0,0,0,0
INDSTR.BSE_IDX,01/07/2025,10:05:05,15302.99,0,0,0,0,0,0
INDSTR.BSE_IDX,01/07/2025,10:05:14,15302.33,0,0,0,0,0,0
INDSTR.BSE_IDX,01/07/2025,10:05:21,15298.69,0,0,0,0,0,0
INDSTR.BSE_IDX,01/07/2025,10:05:29,15300.54,0,0,0,0,0,0
INDSTR.BSE_IDX,01/07/2025,10:05:37,15296.31,0,0,0,0,0,0
INDSTR.BSE_IDX,01/07/2025,10:05:45,15297.02,0,0,0,0,0,0
INDSTR.BSE_IDX,01/07/2025,10:05:53,15297.34,0,0,0,0,0,0
INDSTR.BSE_IDX,01/07/2025,10:06:01,15297.6,0,0,0,0,0,0
INDSTR.BSE_IDX,01/07/2025,10:06:09,15299.18,0,0,0,0,0,0
INDSTR.BSE_IDX,01/07/2025,10:06:17,15299.02,0,0,0,0,0,0
INDSTR.BSE_IDX,01/07/2025,10:06:25,15298.92,0,0,0,0,0,0
INDSTR.BSE_IDX,01/07/2025,10:06:33,15299.03,0,0,0,0,0,0
INDSTR.BSE_IDX,01/07/2025,10:06:41,15298.82,0,0,0,0,0,0
INDSTR.BSE_IDX,01/07/2025,10:06:49,15298.78,0,0,0,0,0,0
INDSTR.BSE_IDX,01/07/2025,10:06:57,15299.03,0,0,0,0,0,0
INDSTR.BSE_IDX,01/07/2025,10:07:05,15302.67,0,0,0,0,0,0
INDSTR.BSE_IDX,01/07/2025,10:07:13,15302.95,0,0,0,0,0,0
INDSTR.BSE_IDX,01/07/2025,10:07:21,15304.13,0,0,0,0,0,0
INDSTR.BSE_IDX,01/07/2025,10:07:29,15306.43,0,0,0,0,0,0
INDSTR.BSE_IDX,01/07/2025,10:07:37,15309.46,0,0,0,0,0,0
INDSTR.BSE_IDX,01/07/2025,10:07:45,15310.57,0,0,0,0,0,0
INDSTR.BSE_IDX,01/07/2025,10:07:53,15307.2,0,0,0,0,0,0
INDSTR.BSE_IDX,01/07/2025,10:08:01,15306,0,0,0,0,0,0
INDSTR.BSE_IDX,01/07/2025,10:08:09,15305.24,0,0,0,0,0,0
INDSTR.BSE_IDX,01/07/2025,10:08:17,15304.55,0,0,0,0,0,0
INDSTR.BSE_IDX,01/07/2025,10:08:25,15303.95,0,0,0,0,0,0
INDSTR.BSE_IDX,01/07/2025,10:08:33,15303.29,0,0,0,0,0,0
INDSTR.BSE_IDX,01/07/2025,10:08:41,15302.86,0,0,0,0,0,0
INDSTR.BSE_IDX,01/07/2025,10:08:49,15301.3,0,0,0,0,0,0
INDSTR.BSE_IDX,01/07/2025,10:08:57,15300.14,0,0,0,0,0,0
INDSTR.BSE_IDX,01/07/2025,10:09:05,15299.19,0,0,0,0,0,0
INDSTR.BSE_IDX,01/07/2025,10:09:13,15299.65,0,0,0,0,0,0
INDSTR.BSE_IDX,01/07/2025,10:09:21,15299.19,0,0,0,0,0,0
INDSTR.BSE_IDX,01/07/2025,10:09:29,15301.32,0,0,0,0,0,0
INDSTR.BSE_IDX,01/07/2025,10:09:37,15302.08,0,0,0,0,0,0
INDSTR.BSE_IDX,01/07/2025,10:09:45,15301.61,0,0,0,0,0,0
INDSTR.BSE_IDX,01/07/2025,10:09:53,15302.35,0,0,0,0,0,0
INDSTR.BSE_IDX,01/07/2025,10:10:01,15304.73,0,0,0,0,0,0
INDSTR.BSE_IDX,01/07/2025,10:10:09,15307.32,0,0,0,0,0,0
INDSTR.BSE_IDX,01/07/2025,10:10:17,15308.36,0,0,0,0,0,0
INDSTR.BSE_IDX,01/07/2025,10:10:25,15308.77,0,0,0,0,0,0
INDSTR.BSE_IDX,01/07/2025,10:10:33,15308.33,0,0,0,0,0,0
INDSTR.BSE_IDX,01/07/2025,10:10:41,15308.76,0,0,0,0,0,0
INDSTR.BSE_IDX,01/07/2025,10:10:49,15309.7,0,0,0,0,0,0
INDSTR.BSE_IDX,01/07/2025,10:10:57,15308.85,0,0,0,0,0,0
INDSTR.BSE_IDX,01/07/2025,10:11:05,15308.61,0,0,0,0,0,0
INDSTR.BSE_IDX,01/07/2025,10:11:13,15308,0,0,0,0,0,0
INDSTR.BSE_IDX,01/07/2025,10:11:22,15308.56,0,0,0,0,0,0
INDSTR.BSE_IDX,01/07/2025,10:11:29,15304.6,0,0,0,0,0,0
INDSTR.BSE_IDX,01/07/2025,10:11:37,15304.88,0,0,0,0,0,0
INDSTR.BSE_IDX,01/07/2025,10:11:45,15304.24,0,0,0,0,0,0
INDSTR.BSE_IDX,01/07/2025,10:11:53,15301.68,0,0,0,0,0,0
INDSTR.BSE_IDX,01/07/2025,10:12:01,15303.39,0,0,0,0,0,0
INDSTR.BSE_IDX,01/07/2025,10:12:09,15304.54,0,0,0,0,0,0
INDSTR.BSE_IDX,01/07/2025,10:12:17,15303.17,0,0,0,0,0,0
INDSTR.BSE_IDX,01/07/2025,10:12:25,15301.71,0,0,0,0,0,0
INDSTR.BSE_IDX,01/07/2025,10:12:33,15299.25,0,0,0,0,0,0
INDSTR.BSE_IDX,01/07/2025,10:12:41,15297.31,0,0,0,0,0,0
INDSTR.BSE_IDX,01/07/2025,10:12:49,15292.82,0,0,0,0,0,0
INDSTR.BSE_IDX,01/07/2025,10:12:57,15289.89,0,0,0,0,0,0
INDSTR.BSE_IDX,01/07/2025,10:13:05,15288.6,0,0,0,0,0,0
INDSTR.BSE_IDX,01/07/2025,10:13:13,15288.47,0,0,0,0,0,0
INDSTR.BSE_IDX,01/07/2025,10:13:21,15288.77,0,0,0,0,0,0
INDSTR.BSE_IDX,01/07/2025,10:13:29,15286.16,0,0,0,0,0,0
INDSTR.BSE_IDX,01/07/2025,10:13:37,15284.94,0,0,0,0,0,0
INDSTR.BSE_IDX,01/07/2025,10:13:45,15285.08,0,0,0,0,0,0
INDSTR.BSE_IDX,01/07/2025,10:13:53,15282.88,0,0,0,0,0,0
INDSTR.BSE_IDX,01/07/2025,10:14:01,15279.33,0,0,0,0,0,0
INDSTR.BSE_IDX,01/07/2025,10:14:09,15283.09,0,0,0,0,0,0
INDSTR.BSE_IDX,01/07/2025,10:14:17,15283.51,0,0,0,0,0,0
INDSTR.BSE_IDX,01/07/2025,10:14:25,15284.35,0,0,0,0,0,0
INDSTR.BSE_IDX,01/07/2025,10:14:33,15281.59,0,0,0,0,0,0
INDSTR.BSE_IDX,01/07/2025,10:14:41,15280.27,0,0,0,0,0,0
INDSTR.BSE_IDX,01/07/2025,10:14:49,15281.48,0,0,0,0,0,0
INDSTR.BSE_IDX,01/07/2025,10:14:57,15280.58,0,0,0,0,0,0
INDSTR.BSE_IDX,01/07/2025,10:15:05,15281.35,0,0,0,0,0,0
INDSTR.BSE_IDX,01/07/2025,10:15:13,15279.12,0,0,0,0,0,0
INDSTR.BSE_IDX,01/07/2025,10:15:21,15278.53,0,0,0,0,0,0
INDSTR.BSE_IDX,01/07/2025,10:15:29,15278.88,0,0,0,0,0,0
INDSTR.BSE_IDX,01/07/2025,10:15:37,15279.71,0,0,0,0,0,0
INDSTR.BSE_IDX,01/07/2025,10:15:45,15277.99,0,0,0,0,0,0
INDSTR.BSE_IDX,01/07/2025,10:15:53,15278.28,0,0,0,0,0,0
INDSTR.BSE_IDX,01/07/2025,10:16:01,15279.64,0,0,0,0,0,0
INDSTR.BSE_IDX,01/07/2025,10:16:09,15280.12,0,0,0,0,0,0
INDSTR.BSE_IDX,01/07/2025,10:16:17,15280.81,0,0,0,0,0,0
INDSTR.BSE_IDX,01/07/2025,10:16:25,15279.64,0,0,0,0,0,0
INDSTR.BSE_IDX,01/07/2025,10:16:33,15281,0,0,0,0,0,0
INDSTR.BSE_IDX,01/07/2025,10:16:41,15279.69,0,0,0,0,0,0
INDSTR.BSE_IDX,01/07/2025,10:16:49,15278.96,0,0,0,0,0,0
INDSTR.BSE_IDX,01/07/2025,10:16:57,15279.42,0,0,0,0,0,0
INDSTR.BSE_IDX,01/07/2025,10:17:05,15280.7,0,0,0,0,0,0
INDSTR.BSE_IDX,01/07/2025,10:17:13,15278.72,0,0,0,0,0,0
INDSTR.BSE_IDX,01/07/2025,10:17:21,15280.9,0,0,0,0,0,0
INDSTR.BSE_IDX,01/07/2025,10:17:29,15281.75,0,0,0,0,0,0
INDSTR.BSE_IDX,01/07/2025,10:17:37,15284.1,0,0,0,0,0,0
INDSTR.BSE_IDX,01/07/2025,10:17:45,15285.64,0,0,0,0,0,0
INDSTR.BSE_IDX,01/07/2025,10:17:53,15286.97,0,0,0,0,0,0
INDSTR.BSE_IDX,01/07/2025,10:18:01,15287.17,0,0,0,0,0,0
INDSTR.BSE_IDX,01/07/2025,10:18:09,15287.96,0,0,0,0,0,0
INDSTR.BSE_IDX,01/07/2025,10:18:17,15288.94,0,0,0,0,0,0
INDSTR.BSE_IDX,01/07/2025,10:18:25,15289.96,0,0,0,0,0,0
INDSTR.BSE_IDX,01/07/2025,10:18:33,15289.64,0,0,0,0,0,0
INDSTR.BSE_IDX,01/07/2025,10:18:41,15288.47,0,0,0,0,0,0
INDSTR.BSE_IDX,01/07/2025,10:18:49,15288.75,0,0,0,0,0,0
INDSTR.BSE_IDX,01/07/2025,10:18:57,15289.52,0,0,0,0,0,0
INDSTR.BSE_IDX,01/07/2025,10:19:05,15287.7,0,0,0,0,0,0
INDSTR.BSE_IDX,01/07/2025,10:19:13,15288.05,0,0,0,0,0,0
INDSTR.BSE_IDX,01/07/2025,10:19:21,15289.27,0,0,0,0,0,0
INDSTR.BSE_IDX,01/07/2025,10:19:29,15288.87,0,0,0,0,0,0
INDSTR.BSE_IDX,01/07/2025,10:19:37,15288.88,0,0,0,0,0,0
INDSTR.BSE_IDX,01/07/2025,10:19:45,15288.58,0,0,0,0,0,0
INDSTR.BSE_IDX,01/07/2025,10:19:53,15286.47,0,0,0,0,0,0
INDSTR.BSE_IDX,01/07/2025,10:20:01,15285.22,0,0,0,0,0,0
INDSTR.BSE_IDX,01/07/2025,10:20:09,15286.12,0,0,0,0,0,0
INDSTR.BSE_IDX,01/07/2025,10:20:17,15286.73,0,0,0,0,0,0
INDSTR.BSE_IDX,01/07/2025,10:20:25,15287.84,0,0,0,0,0,0
INDSTR.BSE_IDX,01/07/2025,10:20:33,15285.72,0,0,0,0,0,0
INDSTR.BSE_IDX,01/07/2025,10:20:41,15285.07,0,0,0,0,0,0
INDSTR.BSE_IDX,01/07/2025,10:20:49,15285.19,0,0,0,0,0,0
INDSTR.BSE_IDX,01/07/2025,10:20:57,15284.71,0,0,0,0,0,0
INDSTR.BSE_IDX,01/07/2025,10:21:05,15284.19,0,0,0,0,0,0
INDSTR.BSE_IDX,01/07/2025,10:21:13,15282.54,0,0,0,0,0,0
INDSTR.BSE_IDX,01/07/2025,10:21:21,15283.27,0,0,0,0,0,0
INDSTR.BSE_IDX,01/07/2025,10:21:29,15282.1,0,0,0,0,0,0
INDSTR.BSE_IDX,01/07/2025,10:21:37,15283.12,0,0,0,0,0,0
INDSTR.BSE_IDX,01/07/2025,10:21:45,15281.52,0,0,0,0,0,0
INDSTR.BSE_IDX,01/07/2025,10:21:53,15283.8,0,0,0,0,0,0
INDSTR.BSE_IDX,01/07/2025,10:22:01,15285.04,0,0,0,0,0,0
INDSTR.BSE_IDX,01/07/2025,10:22:09,15284.13,0,0,0,0,0,0
INDSTR.BSE_IDX,01/07/2025,10:22:17,15284.04,0,0,0,0,0,0
INDSTR.BSE_IDX,01/07/2025,10:22:25,15281.04,0,0,0,0,0,0
INDSTR.BSE_IDX,01/07/2025,10:22:33,15281.34,0,0,0,0,0,0
INDSTR.BSE_IDX,01/07/2025,10:22:41,15283.41,0,0,0,0,0,0
INDSTR.BSE_IDX,01/07/2025,10:22:49,15282.11,0,0,0,0,0,0
INDSTR.BSE_IDX,01/07/2025,10:22:57,15282.5,0,0,0,0,0,0
INDSTR.BSE_IDX,01/07/2025,10:23:05,15281.15,0,0,0,0,0,0
INDSTR.BSE_IDX,01/07/2025,10:23:13,15282.48,0,0,0,0,0,0
INDSTR.BSE_IDX,01/07/2025,10:23:21,15283.34,0,0,0,0,0,0
INDSTR.BSE_IDX,01/07/2025,10:23:29,15283.81,0,0,0,0,0,0
INDSTR.BSE_IDX,01/07/2025,10:23:37,15283.99,0,0,0,0,0,0
INDSTR.BSE_IDX,01/07/2025,10:23:45,15284.63,0,0,0,0,0,0
INDSTR.BSE_IDX,01/07/2025,10:23:53,15283.96,0,0,0,0,0,0
INDSTR.BSE_IDX,01/07/2025,10:24:01,15284.01,0,0,0,0,0,0
INDSTR.BSE_IDX,01/07/2025,10:24:09,15285.19,0,0,0,0,0,0
INDSTR.BSE_IDX,01/07/2025,10:24:17,15284.43,0,0,0,0,0,0
INDSTR.BSE_IDX,01/07/2025,10:24:25,15283.6,0,0,0,0,0,0
INDSTR.BSE_IDX,01/07/2025,10:24:33,15281.89,0,0,0,0,0,0
INDSTR.BSE_IDX,01/07/2025,10:24:41,15282.17,0,0,0,0,0,0
INDSTR.BSE_IDX,01/07/2025,10:24:49,15281.77,0,0,0,0,0,0
INDSTR.BSE_IDX,01/07/2025,10:24:57,15281.67,0,0,0,0,0,0
INDSTR.BSE_IDX,01/07/2025,10:25:05,15281.22,0,0,0,0,0,0
INDSTR.BSE_IDX,01/07/2025,10:25:13,15281.85,0,0,0,0,0,0
INDSTR.BSE_IDX,01/07/2025,10:25:21,15282.41,0,0,0,0,0,0
INDSTR.BSE_IDX,01/07/2025,10:25:29,15282.21,0,0,0,0,0,0
INDSTR.BSE_IDX,01/07/2025,10:25:37,15283.4,0,0,0,0,0,0
INDSTR.BSE_IDX,01/07/2025,10:25:45,15283.86,0,0,0,0,0,0
INDSTR.BSE_IDX,01/07/2025,10:25:53,15283.42,0,0,0,0,0,0
INDSTR.BSE_IDX,01/07/2025,10:26:01,15283.68,0,0,0,0,0,0
INDSTR.BSE_IDX,01/07/2025,10:26:09,15283.18,0,0,0,0,0,0
INDSTR.BSE_IDX,01/07/2025,10:26:17,15281.65,0,0,0,0,0,0
INDSTR.BSE_IDX,01/07/2025,10:26:25,15278.71,0,0,0,0,0,0
INDSTR.BSE_IDX,01/07/2025,10:26:33,15278.23,0,0,0,0,0,0
INDSTR.BSE_IDX,01/07/2025,10:26:41,15276.93,0,0,0,0,0,0
INDSTR.BSE_IDX,01/07/2025,10:26:49,15275.68,0,0,0,0,0,0
INDSTR.BSE_IDX,01/07/2025,10:26:57,15276.05,0,0,0,0,0,0
INDSTR.BSE_IDX,01/07/2025,10:27:05,15275.71,0,0,0,0,0,0
INDSTR.BSE_IDX,01/07/2025,10:27:13,15275.02,0,0,0,0,0,0
INDSTR.BSE_IDX,01/07/2025,10:27:21,15275.37,0,0,0,0,0,0
INDSTR.BSE_IDX,01/07/2025,10:27:29,15277.63,0,0,0,0,0,0
INDSTR.BSE_IDX,01/07/2025,10:27:37,15278.84,0,0,0,0,0,0
INDSTR.BSE_IDX,01/07/2025,10:27:45,15278.13,0,0,0,0,0,0
INDSTR.BSE_IDX,01/07/2025,10:27:53,15279.75,0,0,0,0,0,0
INDSTR.BSE_IDX,01/07/2025,10:28:01,15279.44,0,0,0,0,0,0
INDSTR.BSE_IDX,01/07/2025,10:28:09,15279.82,0,0,0,0,0,0
INDSTR.BSE_IDX,01/07/2025,10:28:17,15276.43,0,0,0,0,0,0
INDSTR.BSE_IDX,01/07/2025,10:28:25,15275.12,0,0,0,0,0,0
INDSTR.BSE_IDX,01/07/2025,10:28:33,15275.65,0,0,0,0,0,0
INDSTR.BSE_IDX,01/07/2025,10:28:41,15276.35,0,0,0,0,0,0
INDSTR.BSE_IDX,01/07/2025,10:28:49,15276.24,0,0,0,0,0,0
INDSTR.BSE_IDX,01/07/2025,10:28:57,15275.82,0,0,0,0,0,0
INDSTR.BSE_IDX,01/07/2025,10:29:05,15274.2,0,0,0,0,0,0
INDSTR.BSE_IDX,01/07/2025,10:29:13,15274.34,0,0,0,0,0,0
INDSTR.BSE_IDX,01/07/2025,10:29:21,15274.89,0,0,0,0,0,0
INDSTR.BSE_IDX,01/07/2025,10:29:29,15275.67,0,0,0,0,0,0
INDSTR.BSE_IDX,01/07/2025,10:29:37,15275.31,0,0,0,0,0,0
INDSTR.BSE_IDX,01/07/2025,10:29:46,15275.62,0,0,0,0,0,0
INDSTR.BSE_IDX,01/07/2025,10:29:54,15277.08,0,0,0,0,0,0
INDSTR.BSE_IDX,01/07/2025,10:30:01,15276.41,0,0,0,0,0,0
INDSTR.BSE_IDX,01/07/2025,10:30:09,15280.74,0,0,0,0,0,0
INDSTR.BSE_IDX,01/07/2025,10:30:17,15280.49,0,0,0,0,0,0
INDSTR.BSE_IDX,01/07/2025,10:30:25,15282.8,0,0,0,0,0,0
INDSTR.BSE_IDX,01/07/2025,10:30:33,15282.71,0,0,0,0,0,0
INDSTR.BSE_IDX,01/07/2025,10:30:41,15280.83,0,0,0,0,0,0
INDSTR.BSE_IDX,01/07/2025,10:30:49,15281.21,0,0,0,0,0,0
INDSTR.BSE_IDX,01/07/2025,10:30:57,15280.72,0,0,0,0,0,0
INDSTR.BSE_IDX,01/07/2025,10:31:05,15279.98,0,0,0,0,0,0
INDSTR.BSE_IDX,01/07/2025,10:31:13,15279.95,0,0,0,0,0,0
INDSTR.BSE_IDX,01/07/2025,10:31:21,15279.49,0,0,0,0,0,0
INDSTR.BSE_IDX,01/07/2025,10:31:29,15279.09,0,0,0,0,0,0
INDSTR.BSE_IDX,01/07/2025,10:31:37,15279.3,0,0,0,0,0,0
INDSTR.BSE_IDX,01/07/2025,10:31:45,15278.45,0,0,0,0,0,0
INDSTR.BSE_IDX,01/07/2025,10:31:53,15278.46,0,0,0,0,0,0
INDSTR.BSE_IDX,01/07/2025,10:32:01,15279.23,0,0,0,0,0,0
INDSTR.BSE_IDX,01/07/2025,10:32:09,15277.64,0,0,0,0,0,0
INDSTR.BSE_IDX,01/07/2025,10:32:17,15277.82,0,0,0,0,0,0
INDSTR.BSE_IDX,01/07/2025,10:32:25,15277.4,0,0,0,0,0,0
INDSTR.BSE_IDX,01/07/2025,10:32:33,15277.62,0,0,0,0,0,0
INDSTR.BSE_IDX,01/07/2025,10:32:41,15279.56,0,0,0,0,0,0
INDSTR.BSE_IDX,01/07/2025,10:32:49,15279.4,0,0,0,0,0,0
INDSTR.BSE_IDX,01/07/2025,10:32:57,15279.71,0,0,0,0,0,0
INDSTR.BSE_IDX,01/07/2025,10:33:05,15279.24,0,0,0,0,0,0
INDSTR.BSE_IDX,01/07/2025,10:33:13,15280.8,0,0,0,0,0,0
INDSTR.BSE_IDX,01/07/2025,10:33:21,15281.36,0,0,0,0,0,0
INDSTR.BSE_IDX,01/07/2025,10:33:29,15281.96,0,0,0,0,0,0
INDSTR.BSE_IDX,01/07/2025,10:33:37,15281.83,0,0,0,0,0,0
INDSTR.BSE_IDX,01/07/2025,10:33:45,15283.02,0,0,0,0,0,0
INDSTR.BSE_IDX,01/07/2025,10:33:53,15281.91,0,0,0,0,0,0
INDSTR.BSE_IDX,01/07/2025,10:34:01,15283.31,0,0,0,0,0,0
INDSTR.BSE_IDX,01/07/2025,10:34:09,15283.65,0,0,0,0,0,0
INDSTR.BSE_IDX,01/07/2025,10:34:17,15284.47,0,0,0,0,0,0
INDSTR.BSE_IDX,01/07/2025,10:34:25,15285.21,0,0,0,0,0,0
INDSTR.BSE_IDX,01/07/2025,10:34:33,15286.35,0,0,0,0,0,0
INDSTR.BSE_IDX,01/07/2025,10:34:41,15287.18,0,0,0,0,0,0
INDSTR.BSE_IDX,01/07/2025,10:34:49,15287.26,0,0,0,0,0,0
INDSTR.BSE_IDX,01/07/2025,10:34:58,15288.55,0,0,0,0,0,0
INDSTR.BSE_IDX,01/07/2025,10:35:06,15287.52,0,0,0,0,0,0
INDSTR.BSE_IDX,01/07/2025,10:35:14,15286.56,0,0,0,0,0,0
INDSTR.BSE_IDX,01/07/2025,10:35:21,15287.5,0,0,0,0,0,0
INDSTR.BSE_IDX,01/07/2025,10:35:29,15286.59,0,0,0,0,0,0
INDSTR.BSE_IDX,01/07/2025,10:35:37,15286.37,0,0,0,0,0,0
INDSTR.BSE_IDX,01/07/2025,10:35:45,15284.96,0,0,0,0,0,0
INDSTR.BSE_IDX,01/07/2025,10:35:54,15286.2,0,0,0,0,0,0
INDSTR.BSE_IDX,01/07/2025,10:36:02,15285.6,0,0,0,0,0,0
INDSTR.BSE_IDX,01/07/2025,10:36:10,15284,0,0,0,0,0,0
INDSTR.BSE_IDX,01/07/2025,10:36:17,15284.43,0,0,0,0,0,0
INDSTR.BSE_IDX,01/07/2025,10:36:25,15283.74,0,0,0,0,0,0
INDSTR.BSE_IDX,01/07/2025,10:36:34,15283.83,0,0,0,0,0,0
INDSTR.BSE_IDX,01/07/2025,10:36:42,15284.64,0,0,0,0,0,0
INDSTR.BSE_IDX,01/07/2025,10:36:49,15283.42,0,0,0,0,0,0
INDSTR.BSE_IDX,01/07/2025,10:36:58,15282.5,0,0,0,0,0,0
INDSTR.BSE_IDX,01/07/2025,10:37:05,15282.14,0,0,0,0,0,0
INDSTR.BSE_IDX,01/07/2025,10:37:14,15283.12,0,0,0,0,0,0
INDSTR.BSE_IDX,01/07/2025,10:37:21,15282.99,0,0,0,0,0,0
INDSTR.BSE_IDX,01/07/2025,10:37:30,15283.6,0,0,0,0,0,0
INDSTR.BSE_IDX,01/07/2025,10:37:38,15283.47,0,0,0,0,0,0
INDSTR.BSE_IDX,01/07/2025,10:37:46,15282.29,0,0,0,0,0,0
INDSTR.BSE_IDX,01/07/2025,10:37:54,15283.42,0,0,0,0,0,0
INDSTR.BSE_IDX,01/07/2025,10:38:02,15283.38,0,0,0,0,0,0
INDSTR.BSE_IDX,01/07/2025,10:38:10,15283.36,0,0,0,0,0,0
INDSTR.BSE_IDX,01/07/2025,10:38:18,15284.64,0,0,0,0,0,0
INDSTR.BSE_IDX,01/07/2025,10:38:26,15284.89,0,0,0,0,0,0
INDSTR.BSE_IDX,01/07/2025,10:38:34,15284.69,0,0,0,0,0,0
INDSTR.BSE_IDX,01/07/2025,10:38:42,15284.9,0,0,0,0,0,0
INDSTR.BSE_IDX,01/07/2025,10:38:50,15285.85,0,0,0,0,0,0
INDSTR.BSE_IDX,01/07/2025,10:38:58,15285.58,0,0,0,0,0,0
INDSTR.BSE_IDX,01/07/2025,10:39:06,15285.5,0,0,0,0,0,0
INDSTR.BSE_IDX,01/07/2025,10:39:14,15286.04,0,0,0,0,0,0
INDSTR.BSE_IDX,01/07/2025,10:39:22,15285.31,0,0,0,0,0,0
INDSTR.BSE_IDX,01/07/2025,10:39:30,15286.25,0,0,0,0,0,0
INDSTR.BSE_IDX,01/07/2025,10:39:38,15286.61,0,0,0,0,0,0
INDSTR.BSE_IDX,01/07/2025,10:39:46,15286.61,0,0,0,0,0,0
INDSTR.BSE_IDX,01/07/2025,10:39:54,15286.23,0,0,0,0,0,0
INDSTR.BSE_IDX,01/07/2025,10:40:02,15286.42,0,0,0,0,0,0
INDSTR.BSE_IDX,01/07/2025,10:40:10,15285.43,0,0,0,0,0,0
INDSTR.BSE_IDX,01/07/2025,10:40:18,15285.2,0,0,0,0,0,0
INDSTR.BSE_IDX,01/07/2025,10:40:26,15284.36,0,0,0,0,0,0
INDSTR.BSE_IDX,01/07/2025,10:40:34,15283.85,0,0,0,0,0,0
INDSTR.BSE_IDX,01/07/2025,10:40:42,15284.21,0,0,0,0,0,0
INDSTR.BSE_IDX,01/07/2025,10:40:50,15284.35,0,0,0,0,0,0
INDSTR.BSE_IDX,01/07/2025,10:40:58,15284.83,0,0,0,0,0,0
INDSTR.BSE_IDX,01/07/2025,10:41:06,15284.19,0,0,0,0,0,0
INDSTR.BSE_IDX,01/07/2025,10:41:14,15284.83,0,0,0,0,0,0
INDSTR.BSE_IDX,01/07/2025,10:41:22,15285.28,0,0,0,0,0,0
INDSTR.BSE_IDX,01/07/2025,10:41:30,15285.56,0,0,0,0,0,0
INDSTR.BSE_IDX,01/07/2025,10:41:38,15288.72,0,0,0,0,0,0
INDSTR.BSE_IDX,01/07/2025,10:41:46,15288,0,0,0,0,0,0
INDSTR.BSE_IDX,01/07/2025,10:41:54,15287.88,0,0,0,0,0,0
INDSTR.BSE_IDX,01/07/2025,10:42:02,15286.92,0,0,0,0,0,0
INDSTR.BSE_IDX,01/07/2025,10:42:10,15287.82,0,0,0,0,0,0
INDSTR.BSE_IDX,01/07/2025,10:42:18,15287.44,0,0,0,0,0,0
INDSTR.BSE_IDX,01/07/2025,10:42:26,15287.5,0,0,0,0,0,0
INDSTR.BSE_IDX,01/07/2025,10:42:34,15287.05,0,0,0,0,0,0
INDSTR.BSE_IDX,01/07/2025,10:42:42,15286.55,0,0,0,0,0,0
INDSTR.BSE_IDX,01/07/2025,10:42:50,15286.97,0,0,0,0,0,0
INDSTR.BSE_IDX,01/07/2025,10:42:58,15286.18,0,0,0,0,0,0
INDSTR.BSE_IDX,01/07/2025,10:43:06,15287.61,0,0,0,0,0,0
INDSTR.BSE_IDX,01/07/2025,10:43:14,15288.26,0,0,0,0,0,0
INDSTR.BSE_IDX,01/07/2025,10:43:22,15286.97,0,0,0,0,0,0
INDSTR.BSE_IDX,01/07/2025,10:43:30,15287.45,0,0,0,0,0,0
INDSTR.BSE_IDX,01/07/2025,10:43:38,15286.61,0,0,0,0,0,0
INDSTR.BSE_IDX,01/07/2025,10:43:46,15284.81,0,0,0,0,0,0
INDSTR.BSE_IDX,01/07/2025,10:43:54,15283.88,0,0,0,0,0,0
INDSTR.BSE_IDX,01/07/2025,10:44:02,15284.75,0,0,0,0,0,0
INDSTR.BSE_IDX,01/07/2025,10:44:10,15285.37,0,0,0,0,0,0
INDSTR.BSE_IDX,01/07/2025,10:44:18,15285.78,0,0,0,0,0,0
INDSTR.BSE_IDX,01/07/2025,10:44:26,15286.07,0,0,0,0,0,0
INDSTR.BSE_IDX,01/07/2025,10:44:34,15286.07,0,0,0,0,0,0
INDSTR.BSE_IDX,01/07/2025,10:44:42,15285.46,0,0,0,0,0,0
INDSTR.BSE_IDX,01/07/2025,10:44:50,15284.79,0,0,0,0,0,0
INDSTR.BSE_IDX,01/07/2025,10:44:58,15284.6,0,0,0,0,0,0
INDSTR.BSE_IDX,01/07/2025,10:45:07,15284,0,0,0,0,0,0
INDSTR.BSE_IDX,01/07/2025,10:45:14,15283.56,0,0,0,0,0,0
INDSTR.BSE_IDX,01/07/2025,10:45:22,15283.51,0,0,0,0,0,0
INDSTR.BSE_IDX,01/07/2025,10:45:30,15284.26,0,0,0,0,0,0
INDSTR.BSE_IDX,01/07/2025,10:45:38,15285.61,0,0,0,0,0,0
INDSTR.BSE_IDX,01/07/2025,10:45:46,15285.55,0,0,0,0,0,0
INDSTR.BSE_IDX,01/07/2025,10:45:54,15284.84,0,0,0,0,0,0
INDSTR.BSE_IDX,01/07/2025,10:46:02,15284.4,0,0,0,0,0,0
INDSTR.BSE_IDX,01/07/2025,10:46:10,15284.47,0,0,0,0,0,0
INDSTR.BSE_IDX,01/07/2025,10:46:18,15283.45,0,0,0,0,0,0
INDSTR.BSE_IDX,01/07/2025,10:46:26,15283.89,0,0,0,0,0,0
INDSTR.BSE_IDX,01/07/2025,10:46:34,15284.31,0,0,0,0,0,0
INDSTR.BSE_IDX,01/07/2025,10:46:42,15283.95,0,0,0,0,0,0
INDSTR.BSE_IDX,01/07/2025,10:46:50,15284.15,0,0,0,0,0,0
INDSTR.BSE_IDX,01/07/2025,10:46:58,15283.71,0,0,0,0,0,0
INDSTR.BSE_IDX,01/07/2025,10:47:06,15283.92,0,0,0,0,0,0
INDSTR.BSE_IDX,01/07/2025,10:47:14,15283.82,0,0,0,0,0,0
INDSTR.BSE_IDX,01/07/2025,10:47:22,15283.78,0,0,0,0,0,0
INDSTR.BSE_IDX,01/07/2025,10:47:30,15284.71,0,0,0,0,0,0
INDSTR.BSE_IDX,01/07/2025,10:47:38,15286.82,0,0,0,0,0,0
INDSTR.BSE_IDX,01/07/2025,10:47:46,15286.74,0,0,0,0,0,0
INDSTR.BSE_IDX,01/07/2025,10:47:54,15288.88,0,0,0,0,0,0
INDSTR.BSE_IDX,01/07/2025,10:48:02,15288.91,0,0,0,0,0,0
INDSTR.BSE_IDX,01/07/2025,10:48:10,15289.96,0,0,0,0,0,0
INDSTR.BSE_IDX,01/07/2025,10:48:18,15291.31,0,0,0,0,0,0
INDSTR.BSE_IDX,01/07/2025,10:48:26,15292.67,0,0,0,0,0,0
INDSTR.BSE_IDX,01/07/2025,10:48:34,15291.83,0,0,0,0,0,0
INDSTR.BSE_IDX,01/07/2025,10:48:42,15292.7,0,0,0,0,0,0
INDSTR.BSE_IDX,01/07/2025,10:48:50,15290.54,0,0,0,0,0,0
INDSTR.BSE_IDX,01/07/2025,10:48:58,15290.41,0,0,0,0,0,0
INDSTR.BSE_IDX,01/07/2025,10:49:06,15287.12,0,0,0,0,0,0
INDSTR.BSE_IDX,01/07/2025,10:49:14,15283.96,0,0,0,0,0,0
INDSTR.BSE_IDX,01/07/2025,10:49:22,15284.57,0,0,0,0,0,0
INDSTR.BSE_IDX,01/07/2025,10:49:30,15284.63,0,0,0,0,0,0
INDSTR.BSE_IDX,01/07/2025,10:49:38,15279.93,0,0,0,0,0,0
INDSTR.BSE_IDX,01/07/2025,10:49:46,15279.8,0,0,0,0,0,0
INDSTR.BSE_IDX,01/07/2025,10:49:54,15279.26,0,0,0,0,0,0
INDSTR.BSE_IDX,01/07/2025,10:50:02,15278.87,0,0,0,0,0,0
INDSTR.BSE_IDX,01/07/2025,10:50:10,15279.9,0,0,0,0,0,0
INDSTR.BSE_IDX,01/07/2025,10:50:18,15280.09,0,0,0,0,0,0
INDSTR.BSE_IDX,01/07/2025,10:50:26,15278.2,0,0,0,0,0,0
INDSTR.BSE_IDX,01/07/2025,10:50:34,15277.89,0,0,0,0,0,0
INDSTR.BSE_IDX,01/07/2025,10:50:42,15276.46,0,0,0,0,0,0
INDSTR.BSE_IDX,01/07/2025,10:50:50,15273.32,0,0,0,0,0,0
INDSTR.BSE_IDX,01/07/2025,10:50:58,15272.65,0,0,0,0,0,0
INDSTR.BSE_IDX,01/07/2025,10:51:06,15273.54,0,0,0,0,0,0
INDSTR.BSE_IDX,01/07/2025,10:51:14,15273.03,0,0,0,0,0,0
INDSTR.BSE_IDX,01/07/2025,10:51:22,15273.33,0,0,0,0,0,0
INDSTR.BSE_IDX,01/07/2025,10:51:30,15273.19,0,0,0,0,0,0
INDSTR.BSE_IDX,01/07/2025,10:51:38,15273.68,0,0,0,0,0,0
INDSTR.BSE_IDX,01/07/2025,10:51:46,15272.83,0,0,0,0,0,0
INDSTR.BSE_IDX,01/07/2025,10:51:54,15273.18,0,0,0,0,0,0
INDSTR.BSE_IDX,01/07/2025,10:52:02,15275.33,0,0,0,0,0,0
INDSTR.BSE_IDX,01/07/2025,10:52:10,15274.15,0,0,0,0,0,0
INDSTR.BSE_IDX,01/07/2025,10:52:18,15274.16,0,0,0,0,0,0
INDSTR.BSE_IDX,01/07/2025,10:52:26,15271.12,0,0,0,0,0,0
INDSTR.BSE_IDX,01/07/2025,10:52:34,15270.26,0,0,0,0,0,0
INDSTR.BSE_IDX,01/07/2025,10:52:43,15269.92,0,0,0,0,0,0
INDSTR.BSE_IDX,01/07/2025,10:52:50,15268.61,0,0,0,0,0,0
INDSTR.BSE_IDX,01/07/2025,10:52:58,15268.64,0,0,0,0,0,0
INDSTR.BSE_IDX,01/07/2025,10:53:06,15270.69,0,0,0,0,0,0
INDSTR.BSE_IDX,01/07/2025,10:53:14,15269.29,0,0,0,0,0,0
INDSTR.BSE_IDX,01/07/2025,10:53:22,15269.57,0,0,0,0,0,0
INDSTR.BSE_IDX,01/07/2025,10:53:30,15268.95,0,0,0,0,0,0
INDSTR.BSE_IDX,01/07/2025,10:53:38,15269.9,0,0,0,0,0,0
INDSTR.BSE_IDX,01/07/2025,10:53:46,15269.19,0,0,0,0,0,0
INDSTR.BSE_IDX,01/07/2025,10:53:54,15268.86,0,0,0,0,0,0
INDSTR.BSE_IDX,01/07/2025,10:54:02,15268.99,0,0,0,0,0,0
INDSTR.BSE_IDX,01/07/2025,10:54:10,15268.66,0,0,0,0,0,0
INDSTR.BSE_IDX,01/07/2025,10:54:18,15268.12,0,0,0,0,0,0
INDSTR.BSE_IDX,01/07/2025,10:54:26,15268.66,0,0,0,0,0,0
INDSTR.BSE_IDX,01/07/2025,10:54:34,15269.78,0,0,0,0,0,0
INDSTR.BSE_IDX,01/07/2025,10:54:42,15273.86,0,0,0,0,0,0
INDSTR.BSE_IDX,01/07/2025,10:54:51,15273.72,0,0,0,0,0,0
INDSTR.BSE_IDX,01/07/2025,10:54:58,15273.69,0,0,0,0,0,0
INDSTR.BSE_IDX,01/07/2025,10:55:06,15273.11,0,0,0,0,0,0
INDSTR.BSE_IDX,01/07/2025,10:55:14,15272.85,0,0,0,0,0,0
INDSTR.BSE_IDX,01/07/2025,10:55:22,15272.42,0,0,0,0,0,0
INDSTR.BSE_IDX,01/07/2025,10:55:30,15272.17,0,0,0,0,0,0
INDSTR.BSE_IDX,01/07/2025,10:55:38,15270.54,0,0,0,0,0,0
INDSTR.BSE_IDX,01/07/2025,10:55:46,15269.02,0,0,0,0,0,0
INDSTR.BSE_IDX,01/07/2025,10:55:54,15267.6,0,0,0,0,0,0
INDSTR.BSE_IDX,01/07/2025,10:56:02,15267.24,0,0,0,0,0,0
INDSTR.BSE_IDX,01/07/2025,10:56:10,15265.26,0,0,0,0,0,0
INDSTR.BSE_IDX,01/07/2025,10:56:18,15265.24,0,0,0,0,0,0
INDSTR.BSE_IDX,01/07/2025,10:56:26,15266.06,0,0,0,0,0,0
INDSTR.BSE_IDX,01/07/2025,10:56:34,15265.88,0,0,0,0,0,0
INDSTR.BSE_IDX,01/07/2025,10:56:42,15266.76,0,0,0,0,0,0
INDSTR.BSE_IDX,01/07/2025,10:56:50,15263.73,0,0,0,0,0,0
INDSTR.BSE_IDX,01/07/2025,10:56:58,15263.68,0,0,0,0,0,0
INDSTR.BSE_IDX,01/07/2025,10:57:06,15262.91,0,0,0,0,0,0
INDSTR.BSE_IDX,01/07/2025,10:57:14,15261.19,0,0,0,0,0,0
INDSTR.BSE_IDX,01/07/2025,10:57:22,15260.47,0,0,0,0,0,0
INDSTR.BSE_IDX,01/07/2025,10:57:30,15261.26,0,0,0,0,0,0
INDSTR.BSE_IDX,01/07/2025,10:57:39,15261.25,0,0,0,0,0,0
INDSTR.BSE_IDX,01/07/2025,10:57:46,15260.8,0,0,0,0,0,0
INDSTR.BSE_IDX,01/07/2025,10:57:54,15260.97,0,0,0,0,0,0
INDSTR.BSE_IDX,01/07/2025,10:58:02,15260.39,0,0,0,0,0,0
INDSTR.BSE_IDX,01/07/2025,10:58:10,15260.88,0,0,0,0,0,0
INDSTR.BSE_IDX,01/07/2025,10:58:18,15260.66,0,0,0,0,0,0
INDSTR.BSE_IDX,01/07/2025,10:58:26,15261.12,0,0,0,0,0,0
INDSTR.BSE_IDX,01/07/2025,10:58:34,15261.42,0,0,0,0,0,0
INDSTR.BSE_IDX,01/07/2025,10:58:42,15261.79,0,0,0,0,0,0
INDSTR.BSE_IDX,01/07/2025,10:58:50,15265.31,0,0,0,0,0,0
INDSTR.BSE_IDX,01/07/2025,10:58:58,15263.25,0,0,0,0,0,0
INDSTR.BSE_IDX,01/07/2025,10:59:06,15263.21,0,0,0,0,0,0
INDSTR.BSE_IDX,01/07/2025,10:59:14,15263.63,0,0,0,0,0,0
INDSTR.BSE_IDX,01/07/2025,10:59:22,15264.22,0,0,0,0,0,0
INDSTR.BSE_IDX,01/07/2025,10:59:30,15263.8,0,0,0,0,0,0
INDSTR.BSE_IDX,01/07/2025,10:59:38,15263.5,0,0,0,0,0,0
INDSTR.BSE_IDX,01/07/2025,10:59:47,15262.56,0,0,0,0,0,0
INDSTR.BSE_IDX,01/07/2025,10:59:55,15262.85,0,0,0,0,0,0
INDSTR.BSE_IDX,01/07/2025,11:00:03,15263.03,0,0,0,0,0,0
INDSTR.BSE_IDX,01/07/2025,11:00:11,15262.49,0,0,0,0,0,0
INDSTR.BSE_IDX,01/07/2025,11:00:18,15263.54,0,0,0,0,0,0
INDSTR.BSE_IDX,01/07/2025,11:00:26,15263.35,0,0,0,0,0,0
INDSTR.BSE_IDX,01/07/2025,11:00:34,15263.15,0,0,0,0,0,0
INDSTR.BSE_IDX,01/07/2025,11:00:42,15262.45,0,0,0,0,0,0
INDSTR.BSE_IDX,01/07/2025,11:00:50,15262.51,0,0,0,0,0,0
INDSTR.BSE_IDX,01/07/2025,11:00:58,15263.84,0,0,0,0,0,0
INDSTR.BSE_IDX,01/07/2025,11:01:06,15267.87,0,0,0,0,0,0
INDSTR.BSE_IDX,01/07/2025,11:01:15,15267.74,0,0,0,0,0,0
INDSTR.BSE_IDX,01/07/2025,11:01:22,15267.46,0,0,0,0,0,0
INDSTR.BSE_IDX,01/07/2025,11:01:30,15267.76,0,0,0,0,0,0
INDSTR.BSE_IDX,01/07/2025,11:01:38,15267.91,0,0,0,0,0,0
INDSTR.BSE_IDX,01/07/2025,11:01:46,15265.65,0,0,0,0,0,0
INDSTR.BSE_IDX,01/07/2025,11:01:54,15264.56,0,0,0,0,0,0
INDSTR.BSE_IDX,01/07/2025,11:02:02,15262.27,0,0,0,0,0,0
INDSTR.BSE_IDX,01/07/2025,11:02:10,15260.21,0,0,0,0,0,0
INDSTR.BSE_IDX,01/07/2025,11:02:18,15259.87,0,0,0,0,0,0
INDSTR.BSE_IDX,01/07/2025,11:02:27,15260.45,0,0,0,0,0,0
INDSTR.BSE_IDX,01/07/2025,11:02:34,15261.51,0,0,0,0,0,0
INDSTR.BSE_IDX,01/07/2025,11:02:42,15261.1,0,0,0,0,0,0
INDSTR.BSE_IDX,01/07/2025,11:02:51,15260.16,0,0,0,0,0,0
INDSTR.BSE_IDX,01/07/2025,11:02:58,15259.76,0,0,0,0,0,0
INDSTR.BSE_IDX,01/07/2025,11:03:06,15257.8,0,0,0,0,0,0
INDSTR.BSE_IDX,01/07/2025,11:03:14,15256.99,0,0,0,0,0,0
INDSTR.BSE_IDX,01/07/2025,11:03:22,15255.79,0,0,0,0,0,0
INDSTR.BSE_IDX,01/07/2025,11:03:31,15256.48,0,0,0,0,0,0
INDSTR.BSE_IDX,01/07/2025,11:03:38,15255.52,0,0,0,0,0,0
INDSTR.BSE_IDX,01/07/2025,11:03:46,15256.05,0,0,0,0,0,0
INDSTR.BSE_IDX,01/07/2025,11:03:54,15253.05,0,0,0,0,0,0
INDSTR.BSE_IDX,01/07/2025,11:04:02,15251.9,0,0,0,0,0,0
INDSTR.BSE_IDX,01/07/2025,11:04:10,15253.6,0,0,0,0,0,0
INDSTR.BSE_IDX,01/07/2025,11:04:18,15254.07,0,0,0,0,0,0
INDSTR.BSE_IDX,01/07/2025,11:04:27,15251.94,0,0,0,0,0,0
INDSTR.BSE_IDX,01/07/2025,11:04:34,15251.42,0,0,0,0,0,0
INDSTR.BSE_IDX,01/07/2025,11:04:42,15250.65,0,0,0,0,0,0
INDSTR.BSE_IDX,01/07/2025,11:04:51,15250.96,0,0,0,0,0,0
INDSTR.BSE_IDX,01/07/2025,11:04:58,15249.91,0,0,0,0,0,0
INDSTR.BSE_IDX,01/07/2025,11:05:06,15251.63,0,0,0,0,0,0
INDSTR.BSE_IDX,01/07/2025,11:05:14,15252.36,0,0,0,0,0,0
INDSTR.BSE_IDX,01/07/2025,11:05:22,15253.06,0,0,0,0,0,0
INDSTR.BSE_IDX,01/07/2025,11:05:30,15253.29,0,0,0,0,0,0
INDSTR.BSE_IDX,01/07/2025,11:05:38,15253.73,0,0,0,0,0,0
INDSTR.BSE_IDX,01/07/2025,11:05:46,15253.06,0,0,0,0,0,0
INDSTR.BSE_IDX,01/07/2025,11:05:54,15253.46,0,0,0,0,0,0
INDSTR.BSE_IDX,01/07/2025,11:06:02,15254.01,0,0,0,0,0,0
INDSTR.BSE_IDX,01/07/2025,11:06:11,15254.5,0,0,0,0,0,0
INDSTR.BSE_IDX,01/07/2025,11:06:19,15255.35,0,0,0,0,0,0
INDSTR.BSE_IDX,01/07/2025,11:06:26,15254.88,0,0,0,0,0,0
INDSTR.BSE_IDX,01/07/2025,11:06:34,15254.76,0,0,0,0,0,0
INDSTR.BSE_IDX,01/07/2025,11:06:42,15254.37,0,0,0,0,0,0
INDSTR.BSE_IDX,01/07/2025,11:06:50,15254.92,0,0,0,0,0,0
INDSTR.BSE_IDX,01/07/2025,11:06:58,15255.11,0,0,0,0,0,0
INDSTR.BSE_IDX,01/07/2025,11:07:06,15256.98,0,0,0,0,0,0
INDSTR.BSE_IDX,01/07/2025,11:07:15,15257.6,0,0,0,0,0,0
INDSTR.BSE_IDX,01/07/2025,11:07:22,15257.54,0,0,0,0,0,0
INDSTR.BSE_IDX,01/07/2025,11:07:30,15257.85,0,0,0,0,0,0
INDSTR.BSE_IDX,01/07/2025,11:07:38,15259.03,0,0,0,0,0,0
INDSTR.BSE_IDX,01/07/2025,11:07:46,15259.52,0,0,0,0,0,0
INDSTR.BSE_IDX,01/07/2025,11:07:54,15259.75,0,0,0,0,0,0
INDSTR.BSE_IDX,01/07/2025,11:08:02,15259.97,0,0,0,0,0,0
INDSTR.BSE_IDX,01/07/2025,11:08:11,15260.9,0,0,0,0,0,0
INDSTR.BSE_IDX,01/07/2025,11:08:18,15260.49,0,0,0,0,0,0
INDSTR.BSE_IDX,01/07/2025,11:08:27,15260.81,0,0,0,0,0,0
INDSTR.BSE_IDX,01/07/2025,11:08:35,15260.27,0,0,0,0,0,0
INDSTR.BSE_IDX,01/07/2025,11:08:43,15261.53,0,0,0,0,0,0
INDSTR.BSE_IDX,01/07/2025,11:08:51,15261.94,0,0,0,0,0,0
INDSTR.BSE_IDX,01/07/2025,11:08:58,15261.49,0,0,0,0,0,0
INDSTR.BSE_IDX,01/07/2025,11:09:07,15261.69,0,0,0,0,0,0
INDSTR.BSE_IDX,01/07/2025,11:09:15,15258.92,0,0,0,0,0,0
INDSTR.BSE_IDX,01/07/2025,11:09:23,15259.11,0,0,0,0,0,0
INDSTR.BSE_IDX,01/07/2025,11:09:31,15260.25,0,0,0,0,0,0
INDSTR.BSE_IDX,01/07/2025,11:09:39,15261.05,0,0,0,0,0,0
INDSTR.BSE_IDX,01/07/2025,11:09:46,15260.57,0,0,0,0,0,0
INDSTR.BSE_IDX,01/07/2025,11:09:55,15260.71,0,0,0,0,0,0
INDSTR.BSE_IDX,01/07/2025,11:10:03,15263.48,0,0,0,0,0,0
INDSTR.BSE_IDX,01/07/2025,11:10:11,15262.93,0,0,0,0,0,0
INDSTR.BSE_IDX,01/07/2025,11:10:19,15263.56,0,0,0,0,0,0
INDSTR.BSE_IDX,01/07/2025,11:10:27,15263.76,0,0,0,0,0,0
INDSTR.BSE_IDX,01/07/2025,11:10:35,15264.17,0,0,0,0,0,0
INDSTR.BSE_IDX,01/07/2025,11:10:43,15264.98,0,0,0,0,0,0
INDSTR.BSE_IDX,01/07/2025,11:10:51,15264.1,0,0,0,0,0,0
INDSTR.BSE_IDX,01/07/2025,11:10:59,15261.81,0,0,0,0,0,0
INDSTR.BSE_IDX,01/07/2025,11:11:07,15264.9,0,0,0,0,0,0
INDSTR.BSE_IDX,01/07/2025,11:11:15,15264.96,0,0,0,0,0,0
INDSTR.BSE_IDX,01/07/2025,11:11:23,15266.55,0,0,0,0,0,0
INDSTR.BSE_IDX,01/07/2025,11:11:31,15266.03,0,0,0,0,0,0
INDSTR.BSE_IDX,01/07/2025,11:11:39,15265.85,0,0,0,0,0,0
INDSTR.BSE_IDX,01/07/2025,11:11:47,15265.77,0,0,0,0,0,0
INDSTR.BSE_IDX,01/07/2025,11:11:55,15265.69,0,0,0,0,0,0
INDSTR.BSE_IDX,01/07/2025,11:12:03,15266.29,0,0,0,0,0,0
INDSTR.BSE_IDX,01/07/2025,11:12:11,15266.18,0,0,0,0,0,0
INDSTR.BSE_IDX,01/07/2025,11:12:19,15266.53,0,0,0,0,0,0
INDSTR.BSE_IDX,01/07/2025,11:12:27,15267.08,0,0,0,0,0,0
INDSTR.BSE_IDX,01/07/2025,11:12:35,15266.18,0,0,0,0,0,0
INDSTR.BSE_IDX,01/07/2025,11:12:43,15265.38,0,0,0,0,0,0
INDSTR.BSE_IDX,01/07/2025,11:12:51,15265.19,0,0,0,0,0,0
INDSTR.BSE_IDX,01/07/2025,11:12:59,15263.61,0,0,0,0,0,0
INDSTR.BSE_IDX,01/07/2025,11:13:07,15263.62,0,0,0,0,0,0
INDSTR.BSE_IDX,01/07/2025,11:13:16,15262.63,0,0,0,0,0,0
INDSTR.BSE_IDX,01/07/2025,11:13:23,15260.93,0,0,0,0,0,0
INDSTR.BSE_IDX,01/07/2025,11:13:31,15261.27,0,0,0,0,0,0
INDSTR.BSE_IDX,01/07/2025,11:13:39,15261.06,0,0,0,0,0,0
INDSTR.BSE_IDX,01/07/2025,11:13:47,15260.54,0,0,0,0,0,0
INDSTR.BSE_IDX,01/07/2025,11:13:55,15262.66,0,0,0,0,0,0
INDSTR.BSE_IDX,01/07/2025,11:14:03,15261.83,0,0,0,0,0,0
INDSTR.BSE_IDX,01/07/2025,11:14:11,15261.1,0,0,0,0,0,0
INDSTR.BSE_IDX,01/07/2025,11:14:19,15262.03,0,0,0,0,0,0
INDSTR.BSE_IDX,01/07/2025,11:14:27,15261.56,0,0,0,0,0,0
INDSTR.BSE_IDX,01/07/2025,11:14:35,15261.74,0,0,0,0,0,0
INDSTR.BSE_IDX,01/07/2025,11:14:43,15261.45,0,0,0,0,0,0
INDSTR.BSE_IDX,01/07/2025,11:14:51,15262.07,0,0,0,0,0,0
INDSTR.BSE_IDX,01/07/2025,11:14:59,15263.45,0,0,0,0,0,0
INDSTR.BSE_IDX,01/07/2025,11:15:07,15263.53,0,0,0,0,0,0
INDSTR.BSE_IDX,01/07/2025,11:15:15,15263.94,0,0,0,0,0,0
INDSTR.BSE_IDX,01/07/2025,11:15:23,15263.4,0,0,0,0,0,0
INDSTR.BSE_IDX,01/07/2025,11:15:31,15262.5,0,0,0,0,0,0
INDSTR.BSE_IDX,01/07/2025,11:15:39,15263.72,0,0,0,0,0,0
INDSTR.BSE_IDX,01/07/2025,11:15:47,15264.33,0,0,0,0,0,0
INDSTR.BSE_IDX,01/07/2025,11:15:56,15264.39,0,0,0,0,0,0
INDSTR.BSE_IDX,01/07/2025,11:16:03,15264.32,0,0,0,0,0,0
INDSTR.BSE_IDX,01/07/2025,11:16:11,15262.77,0,0,0,0,0,0
INDSTR.BSE_IDX,01/07/2025,11:16:19,15262.21,0,0,0,0,0,0
INDSTR.BSE_IDX,01/07/2025,11:16:27,15262.17,0,0,0,0,0,0
INDSTR.BSE_IDX,01/07/2025,11:16:35,15261.06,0,0,0,0,0,0
INDSTR.BSE_IDX,01/07/2025,11:16:43,15262.04,0,0,0,0,0,0
INDSTR.BSE_IDX,01/07/2025,11:16:51,15260.65,0,0,0,0,0,0
INDSTR.BSE_IDX,01/07/2025,11:16:59,15260.56,0,0,0,0,0,0
INDSTR.BSE_IDX,01/07/2025,11:17:07,15260.5,0,0,0,0,0,0
INDSTR.BSE_IDX,01/07/2025,11:17:15,15261.3,0,0,0,0,0,0
INDSTR.BSE_IDX,01/07/2025,11:17:23,15263.44,0,0,0,0,0,0
INDSTR.BSE_IDX,01/07/2025,11:17:31,15264.03,0,0,0,0,0,0
INDSTR.BSE_IDX,01/07/2025,11:17:39,15264.09,0,0,0,0,0,0
INDSTR.BSE_IDX,01/07/2025,11:17:47,15264.15,0,0,0,0,0,0
INDSTR.BSE_IDX,01/07/2025,11:17:57,15264.37,0,0,0,0,0,0
INDSTR.BSE_IDX,01/07/2025,11:18:03,15264.56,0,0,0,0,0,0
INDSTR.BSE_IDX,01/07/2025,11:18:11,15264.1,0,0,0,0,0,0
INDSTR.BSE_IDX,01/07/2025,11:18:19,15263.72,0,0,0,0,0,0
INDSTR.BSE_IDX,01/07/2025,11:18:27,15265.21,0,0,0,0,0,0
INDSTR.BSE_IDX,01/07/2025,11:18:35,15265.47,0,0,0,0,0,0
INDSTR.BSE_IDX,01/07/2025,11:18:44,15265.44,0,0,0,0,0,0
INDSTR.BSE_IDX,01/07/2025,11:18:51,15264.88,0,0,0,0,0,0
INDSTR.BSE_IDX,01/07/2025,11:18:59,15264.74,0,0,0,0,0,0
INDSTR.BSE_IDX,01/07/2025,11:19:08,15265.01,0,0,0,0,0,0
INDSTR.BSE_IDX,01/07/2025,11:19:15,15263.85,0,0,0,0,0,0
INDSTR.BSE_IDX,01/07/2025,11:19:23,15262.73,0,0,0,0,0,0
INDSTR.BSE_IDX,01/07/2025,11:19:31,15260.71,0,0,0,0,0,0
INDSTR.BSE_IDX,01/07/2025,11:19:39,15260.74,0,0,0,0,0,0
INDSTR.BSE_IDX,01/07/2025,11:19:47,15259.84,0,0,0,0,0,0
INDSTR.BSE_IDX,01/07/2025,11:19:55,15259.43,0,0,0,0,0,0
INDSTR.BSE_IDX,01/07/2025,11:20:03,15259.87,0,0,0,0,0,0
INDSTR.BSE_IDX,01/07/2025,11:20:11,15259.77,0,0,0,0,0,0
INDSTR.BSE_IDX,01/07/2025,11:20:19,15259.46,0,0,0,0,0,0
INDSTR.BSE_IDX,01/07/2025,11:20:27,15259.83,0,0,0,0,0,0
INDSTR.BSE_IDX,01/07/2025,11:20:35,15260.86,0,0,0,0,0,0
INDSTR.BSE_IDX,01/07/2025,11:20:43,15260.19,0,0,0,0,0,0
INDSTR.BSE_IDX,01/07/2025,11:20:51,15261.18,0,0,0,0,0,0
INDSTR.BSE_IDX,01/07/2025,11:20:59,15260.67,0,0,0,0,0,0
INDSTR.BSE_IDX,01/07/2025,11:21:07,15260.25,0,0,0,0,0,0
INDSTR.BSE_IDX,01/07/2025,11:21:15,15258.16,0,0,0,0,0,0
INDSTR.BSE_IDX,01/07/2025,11:21:24,15258.89,0,0,0,0,0,0
INDSTR.BSE_IDX,01/07/2025,11:21:31,15259,0,0,0,0,0,0
INDSTR.BSE_IDX,01/07/2025,11:21:39,15259.28,0,0,0,0,0,0
INDSTR.BSE_IDX,01/07/2025,11:21:47,15258.27,0,0,0,0,0,0
INDSTR.BSE_IDX,01/07/2025,11:21:56,15258.25,0,0,0,0,0,0
INDSTR.BSE_IDX,01/07/2025,11:22:03,15258.59,0,0,0,0,0,0
INDSTR.BSE_IDX,01/07/2025,11:22:11,15258.24,0,0,0,0,0,0
INDSTR.BSE_IDX,01/07/2025,11:22:19,15258.02,0,0,0,0,0,0
INDSTR.BSE_IDX,01/07/2025,11:22:28,15258.05,0,0,0,0,0,0
INDSTR.BSE_IDX,01/07/2025,11:22:35,15258.65,0,0,0,0,0,0
INDSTR.BSE_IDX,01/07/2025,11:22:43,15258.5,0,0,0,0,0,0
INDSTR.BSE_IDX,01/07/2025,11:22:51,15258.67,0,0,0,0,0,0
INDSTR.BSE_IDX,01/07/2025,11:22:59,15258.56,0,0,0,0,0,0
INDSTR.BSE_IDX,01/07/2025,11:23:07,15258.5,0,0,0,0,0,0
INDSTR.BSE_IDX,01/07/2025,11:23:15,15259.3,0,0,0,0,0,0
INDSTR.BSE_IDX,01/07/2025,11:23:23,15258.21,0,0,0,0,0,0
INDSTR.BSE_IDX,01/07/2025,11:23:31,15258.69,0,0,0,0,0,0
INDSTR.BSE_IDX,01/07/2025,11:23:39,15258.27,0,0,0,0,0,0
INDSTR.BSE_IDX,01/07/2025,11:23:47,15258.51,0,0,0,0,0,0
INDSTR.BSE_IDX,01/07/2025,11:23:55,15258.58,0,0,0,0,0,0
INDSTR.BSE_IDX,01/07/2025,11:24:04,15257.02,0,0,0,0,0,0
INDSTR.BSE_IDX,01/07/2025,11:24:11,15258.04,0,0,0,0,0,0
INDSTR.BSE_IDX,01/07/2025,11:24:19,15257.72,0,0,0,0,0,0
INDSTR.BSE_IDX,01/07/2025,11:24:27,15258.07,0,0,0,0,0,0
INDSTR.BSE_IDX,01/07/2025,11:24:35,15257.84,0,0,0,0,0,0
INDSTR.BSE_IDX,01/07/2025,11:24:43,15258.23,0,0,0,0,0,0
INDSTR.BSE_IDX,01/07/2025,11:24:52,15258.41,0,0,0,0,0,0
INDSTR.BSE_IDX,01/07/2025,11:25:00,15258.91,0,0,0,0,0,0
INDSTR.BSE_IDX,01/07/2025,11:25:07,15260.55,0,0,0,0,0,0
INDSTR.BSE_IDX,01/07/2025,11:25:15,15259.58,0,0,0,0,0,0
INDSTR.BSE_IDX,01/07/2025,11:25:23,15259.87,0,0,0,0,0,0
INDSTR.BSE_IDX,01/07/2025,11:25:31,15261.11,0,0,0,0,0,0
INDSTR.BSE_IDX,01/07/2025,11:25:41,15261.43,0,0,0,0,0,0
INDSTR.BSE_IDX,01/07/2025,11:25:47,15260.73,0,0,0,0,0,0
INDSTR.BSE_IDX,01/07/2025,11:25:55,15261.39,0,0,0,0,0,0
INDSTR.BSE_IDX,01/07/2025,11:26:03,15260.98,0,0,0,0,0,0
INDSTR.BSE_IDX,01/07/2025,11:26:11,15260.63,0,0,0,0,0,0
INDSTR.BSE_IDX,01/07/2025,11:26:19,15261.21,0,0,0,0,0,0
INDSTR.BSE_IDX,01/07/2025,11:26:27,15261.37,0,0,0,0,0,0
INDSTR.BSE_IDX,01/07/2025,11:26:35,15260.98,0,0,0,0,0,0
INDSTR.BSE_IDX,01/07/2025,11:26:43,15261.1,0,0,0,0,0,0
INDSTR.BSE_IDX,01/07/2025,11:26:51,15260.79,0,0,0,0,0,0
INDSTR.BSE_IDX,01/07/2025,11:26:59,15261.19,0,0,0,0,0,0
INDSTR.BSE_IDX,01/07/2025,11:27:07,15262.28,0,0,0,0,0,0
INDSTR.BSE_IDX,01/07/2025,11:27:15,15262.69,0,0,0,0,0,0
INDSTR.BSE_IDX,01/07/2025,11:27:23,15262.07,0,0,0,0,0,0
INDSTR.BSE_IDX,01/07/2025,11:27:31,15263.12,0,0,0,0,0,0
INDSTR.BSE_IDX,01/07/2025,11:27:39,15262.88,0,0,0,0,0,0
INDSTR.BSE_IDX,01/07/2025,11:27:47,15261.43,0,0,0,0,0,0
INDSTR.BSE_IDX,01/07/2025,11:27:55,15259.65,0,0,0,0,0,0
INDSTR.BSE_IDX,01/07/2025,11:28:03,15258.04,0,0,0,0,0,0
INDSTR.BSE_IDX,01/07/2025,11:28:11,15257.91,0,0,0,0,0,0
INDSTR.BSE_IDX,01/07/2025,11:28:19,15255.9,0,0,0,0,0,0
INDSTR.BSE_IDX,01/07/2025,11:28:27,15256.88,0,0,0,0,0,0
INDSTR.BSE_IDX,01/07/2025,11:28:36,15257.17,0,0,0,0,0,0
INDSTR.BSE_IDX,01/07/2025,11:28:43,15257.19,0,0,0,0,0,0
INDSTR.BSE_IDX,01/07/2025,11:28:51,15258.47,0,0,0,0,0,0
INDSTR.BSE_IDX,01/07/2025,11:28:59,15258.67,0,0,0,0,0,0
INDSTR.BSE_IDX,01/07/2025,11:29:07,15259.46,0,0,0,0,0,0
INDSTR.BSE_IDX,01/07/2025,11:29:16,15259,0,0,0,0,0,0
INDSTR.BSE_IDX,01/07/2025,11:29:24,15259.05,0,0,0,0,0,0
INDSTR.BSE_IDX,01/07/2025,11:29:31,15259.46,0,0,0,0,0,0
INDSTR.BSE_IDX,01/07/2025,11:29:39,15260.16,0,0,0,0,0,0
INDSTR.BSE_IDX,01/07/2025,11:29:47,15260.91,0,0,0,0,0,0
INDSTR.BSE_IDX,01/07/2025,11:29:55,15260.19,0,0,0,0,0,0
INDSTR.BSE_IDX,01/07/2025,11:30:03,15260.83,0,0,0,0,0,0
INDSTR.BSE_IDX,01/07/2025,11:30:11,15260.86,0,0,0,0,0,0
INDSTR.BSE_IDX,01/07/2025,11:30:19,15261.35,0,0,0,0,0,0
INDSTR.BSE_IDX,01/07/2025,11:30:27,15262.09,0,0,0,0,0,0
INDSTR.BSE_IDX,01/07/2025,11:30:35,15262.93,0,0,0,0,0,0
INDSTR.BSE_IDX,01/07/2025,11:30:43,15263.04,0,0,0,0,0,0
INDSTR.BSE_IDX,01/07/2025,11:30:51,15263.44,0,0,0,0,0,0
INDSTR.BSE_IDX,01/07/2025,11:30:59,15263.17,0,0,0,0,0,0
INDSTR.BSE_IDX,01/07/2025,11:31:07,15263.15,0,0,0,0,0,0
INDSTR.BSE_IDX,01/07/2025,11:31:15,15259.42,0,0,0,0,0,0
INDSTR.BSE_IDX,01/07/2025,11:31:23,15259.55,0,0,0,0,0,0
INDSTR.BSE_IDX,01/07/2025,11:31:31,15260.01,0,0,0,0,0,0
INDSTR.BSE_IDX,01/07/2025,11:31:39,15259.39,0,0,0,0,0,0
INDSTR.BSE_IDX,01/07/2025,11:31:47,15259.81,0,0,0,0,0,0
INDSTR.BSE_IDX,01/07/2025,11:31:55,15260,0,0,0,0,0,0
INDSTR.BSE_IDX,01/07/2025,11:32:04,15260.33,0,0,0,0,0,0
INDSTR.BSE_IDX,01/07/2025,11:32:11,15259.63,0,0,0,0,0,0
INDSTR.BSE_IDX,01/07/2025,11:32:19,15258.88,0,0,0,0,0,0
INDSTR.BSE_IDX,01/07/2025,11:32:27,15259.46,0,0,0,0,0,0
INDSTR.BSE_IDX,01/07/2025,11:32:35,15259.17,0,0,0,0,0,0
INDSTR.BSE_IDX,01/07/2025,11:32:43,15259.53,0,0,0,0,0,0
INDSTR.BSE_IDX,01/07/2025,11:32:51,15260.47,0,0,0,0,0,0
INDSTR.BSE_IDX,01/07/2025,11:32:59,15260.86,0,0,0,0,0,0
INDSTR.BSE_IDX,01/07/2025,11:33:07,15262.16,0,0,0,0,0,0
INDSTR.BSE_IDX,01/07/2025,11:33:15,15261.95,0,0,0,0,0,0
INDSTR.BSE_IDX,01/07/2025,11:33:23,15262.04,0,0,0,0,0,0
INDSTR.BSE_IDX,01/07/2025,11:33:31,15262.9,0,0,0,0,0,0
INDSTR.BSE_IDX,01/07/2025,11:33:39,15262.25,0,0,0,0,0,0
INDSTR.BSE_IDX,01/07/2025,11:33:47,15259.48,0,0,0,0,0,0
INDSTR.BSE_IDX,01/07/2025,11:33:55,15259.25,0,0,0,0,0,0
INDSTR.BSE_IDX,01/07/2025,11:34:03,15259.38,0,0,0,0,0,0
INDSTR.BSE_IDX,01/07/2025,11:34:12,15260.83,0,0,0,0,0,0
INDSTR.BSE_IDX,01/07/2025,11:34:19,15260.04,0,0,0,0,0,0
INDSTR.BSE_IDX,01/07/2025,11:34:27,15261.03,0,0,0,0,0,0
INDSTR.BSE_IDX,01/07/2025,11:34:35,15258.92,0,0,0,0,0,0
INDSTR.BSE_IDX,01/07/2025,11:34:43,15259.52,0,0,0,0,0,0
INDSTR.BSE_IDX,01/07/2025,11:34:51,15260.91,0,0,0,0,0,0
INDSTR.BSE_IDX,01/07/2025,11:34:59,15260.32,0,0,0,0,0,0
INDSTR.BSE_IDX,01/07/2025,11:35:07,15261.18,0,0,0,0,0,0
INDSTR.BSE_IDX,01/07/2025,11:35:16,15260.81,0,0,0,0,0,0
INDSTR.BSE_IDX,01/07/2025,11:35:23,15261.47,0,0,0,0,0,0
INDSTR.BSE_IDX,01/07/2025,11:35:32,15262.01,0,0,0,0,0,0
INDSTR.BSE_IDX,01/07/2025,11:35:39,15262.02,0,0,0,0,0,0
INDSTR.BSE_IDX,01/07/2025,11:35:47,15262.36,0,0,0,0,0,0
INDSTR.BSE_IDX,01/07/2025,11:35:55,15261.23,0,0,0,0,0,0
INDSTR.BSE_IDX,01/07/2025,11:36:04,15260.84,0,0,0,0,0,0
INDSTR.BSE_IDX,01/07/2025,11:36:11,15261.5,0,0,0,0,0,0
INDSTR.BSE_IDX,01/07/2025,11:36:19,15260.85,0,0,0,0,0,0
INDSTR.BSE_IDX,01/07/2025,11:36:28,15260.92,0,0,0,0,0,0
INDSTR.BSE_IDX,01/07/2025,11:36:35,15258.94,0,0,0,0,0,0
INDSTR.BSE_IDX,01/07/2025,11:36:43,15259.39,0,0,0,0,0,0
INDSTR.BSE_IDX,01/07/2025,11:36:54,15259.18,0,0,0,0,0,0
INDSTR.BSE_IDX,01/07/2025,11:36:59,15257.75,0,0,0,0,0,0
INDSTR.BSE_IDX,01/07/2025,11:37:07,15256.68,0,0,0,0,0,0
INDSTR.BSE_IDX,01/07/2025,11:37:15,15257.1,0,0,0,0,0,0
INDSTR.BSE_IDX,01/07/2025,11:37:23,15256.78,0,0,0,0,0,0
INDSTR.BSE_IDX,01/07/2025,11:37:31,15256.92,0,0,0,0,0,0
INDSTR.BSE_IDX,01/07/2025,11:37:41,15256.5,0,0,0,0,0,0
INDSTR.BSE_IDX,01/07/2025,11:37:47,15258.14,0,0,0,0,0,0
INDSTR.BSE_IDX,01/07/2025,11:37:55,15256.88,0,0,0,0,0,0
INDSTR.BSE_IDX,01/07/2025,11:38:03,15257.6,0,0,0,0,0,0
INDSTR.BSE_IDX,01/07/2025,11:38:11,15256.63,0,0,0,0,0,0
INDSTR.BSE_IDX,01/07/2025,11:38:20,15256.16,0,0,0,0,0,0
INDSTR.BSE_IDX,01/07/2025,11:38:27,15256.61,0,0,0,0,0,0
INDSTR.BSE_IDX,01/07/2025,11:38:35,15256.29,0,0,0,0,0,0
INDSTR.BSE_IDX,01/07/2025,11:38:43,15256.77,0,0,0,0,0,0
INDSTR.BSE_IDX,01/07/2025,11:38:51,15256.62,0,0,0,0,0,0
INDSTR.BSE_IDX,01/07/2025,11:38:59,15256.04,0,0,0,0,0,0
INDSTR.BSE_IDX,01/07/2025,11:39:07,15257.16,0,0,0,0,0,0
INDSTR.BSE_IDX,01/07/2025,11:39:16,15256.75,0,0,0,0,0,0
INDSTR.BSE_IDX,01/07/2025,11:39:23,15256.49,0,0,0,0,0,0
INDSTR.BSE_IDX,01/07/2025,11:39:31,15256.81,0,0,0,0,0,0
INDSTR.BSE_IDX,01/07/2025,11:39:39,15254.62,0,0,0,0,0,0
INDSTR.BSE_IDX,01/07/2025,11:39:47,15254.35,0,0,0,0,0,0
INDSTR.BSE_IDX,01/07/2025,11:39:55,15253.22,0,0,0,0,0,0
INDSTR.BSE_IDX,01/07/2025,11:40:03,15253.59,0,0,0,0,0,0
INDSTR.BSE_IDX,01/07/2025,11:40:11,15254.97,0,0,0,0,0,0
INDSTR.BSE_IDX,01/07/2025,11:40:19,15255.14,0,0,0,0,0,0
INDSTR.BSE_IDX,01/07/2025,11:40:27,15255.03,0,0,0,0,0,0
INDSTR.BSE_IDX,01/07/2025,11:40:35,15255.62,0,0,0,0,0,0
INDSTR.BSE_IDX,01/07/2025,11:40:43,15255.79,0,0,0,0,0,0
INDSTR.BSE_IDX,01/07/2025,11:40:51,15255.82,0,0,0,0,0,0
INDSTR.BSE_IDX,01/07/2025,11:41:00,15255.08,0,0,0,0,0,0
INDSTR.BSE_IDX,01/07/2025,11:41:07,15255.63,0,0,0,0,0,0
INDSTR.BSE_IDX,01/07/2025,11:41:15,15254.37,0,0,0,0,0,0
INDSTR.BSE_IDX,01/07/2025,11:41:24,15254.34,0,0,0,0,0,0
INDSTR.BSE_IDX,01/07/2025,11:41:32,15254.08,0,0,0,0,0,0
INDSTR.BSE_IDX,01/07/2025,11:41:39,15254.4,0,0,0,0,0,0
INDSTR.BSE_IDX,01/07/2025,11:41:48,15254.13,0,0,0,0,0,0
INDSTR.BSE_IDX,01/07/2025,11:41:56,15254.01,0,0,0,0,0,0
INDSTR.BSE_IDX,01/07/2025,11:42:04,15253.85,0,0,0,0,0,0
INDSTR.BSE_IDX,01/07/2025,11:42:12,15254.88,0,0,0,0,0,0
INDSTR.BSE_IDX,01/07/2025,11:42:20,15254.01,0,0,0,0,0,0
INDSTR.BSE_IDX,01/07/2025,11:42:28,15254.62,0,0,0,0,0,0
INDSTR.BSE_IDX,01/07/2025,11:42:36,15253.87,0,0,0,0,0,0
INDSTR.BSE_IDX,01/07/2025,11:42:44,15254,0,0,0,0,0,0
INDSTR.BSE_IDX,01/07/2025,11:42:52,15254.99,0,0,0,0,0,0
INDSTR.BSE_IDX,01/07/2025,11:43:00,15254.03,0,0,0,0,0,0
INDSTR.BSE_IDX,01/07/2025,11:43:08,15253.45,0,0,0,0,0,0
INDSTR.BSE_IDX,01/07/2025,11:43:16,15253.49,0,0,0,0,0,0
INDSTR.BSE_IDX,01/07/2025,11:43:24,15252.51,0,0,0,0,0,0
INDSTR.BSE_IDX,01/07/2025,11:43:32,15252.55,0,0,0,0,0,0
INDSTR.BSE_IDX,01/07/2025,11:43:40,15254.13,0,0,0,0,0,0
INDSTR.BSE_IDX,01/07/2025,11:43:48,15253.48,0,0,0,0,0,0
INDSTR.BSE_IDX,01/07/2025,11:43:56,15253.5,0,0,0,0,0,0
INDSTR.BSE_IDX,01/07/2025,11:44:04,15252.82,0,0,0,0,0,0
INDSTR.BSE_IDX,01/07/2025,11:44:12,15252.37,0,0,0,0,0,0
INDSTR.BSE_IDX,01/07/2025,11:44:20,15252.4,0,0,0,0,0,0
INDSTR.BSE_IDX,01/07/2025,11:44:28,15252.4,0,0,0,0,0,0
INDSTR.BSE_IDX,01/07/2025,11:44:36,15251.49,0,0,0,0,0,0
INDSTR.BSE_IDX,01/07/2025,11:44:44,15253.23,0,0,0,0,0,0
INDSTR.BSE_IDX,01/07/2025,11:44:52,15251.12,0,0,0,0,0,0
INDSTR.BSE_IDX,01/07/2025,11:45:00,15250.22,0,0,0,0,0,0
INDSTR.BSE_IDX,01/07/2025,11:45:08,15250.41,0,0,0,0,0,0
INDSTR.BSE_IDX,01/07/2025,11:45:16,15250.33,0,0,0,0,0,0
INDSTR.BSE_IDX,01/07/2025,11:45:24,15250.73,0,0,0,0,0,0
INDSTR.BSE_IDX,01/07/2025,11:45:32,15250.61,0,0,0,0,0,0
INDSTR.BSE_IDX,01/07/2025,11:45:40,15251.69,0,0,0,0,0,0
INDSTR.BSE_IDX,01/07/2025,11:45:48,15251.64,0,0,0,0,0,0
INDSTR.BSE_IDX,01/07/2025,11:45:56,15251.6,0,0,0,0,0,0
INDSTR.BSE_IDX,01/07/2025,11:46:04,15255.3,0,0,0,0,0,0
INDSTR.BSE_IDX,01/07/2025,11:46:12,15255.25,0,0,0,0,0,0
INDSTR.BSE_IDX,01/07/2025,11:46:20,15255.49,0,0,0,0,0,0
INDSTR.BSE_IDX,01/07/2025,11:46:28,15254.65,0,0,0,0,0,0
INDSTR.BSE_IDX,01/07/2025,11:46:36,15255.9,0,0,0,0,0,0
INDSTR.BSE_IDX,01/07/2025,11:46:44,15255.44,0,0,0,0,0,0
INDSTR.BSE_IDX,01/07/2025,11:46:52,15254.94,0,0,0,0,0,0
INDSTR.BSE_IDX,01/07/2025,11:47:00,15252.37,0,0,0,0,0,0
INDSTR.BSE_IDX,01/07/2025,11:47:08,15251.34,0,0,0,0,0,0
INDSTR.BSE_IDX,01/07/2025,11:47:16,15250.76,0,0,0,0,0,0
INDSTR.BSE_IDX,01/07/2025,11:47:24,15249.72,0,0,0,0,0,0
INDSTR.BSE_IDX,01/07/2025,11:47:32,15249.44,0,0,0,0,0,0
INDSTR.BSE_IDX,01/07/2025,11:47:40,15249.42,0,0,0,0,0,0
INDSTR.BSE_IDX,01/07/2025,11:47:48,15249.61,0,0,0,0,0,0
INDSTR.BSE_IDX,01/07/2025,11:47:56,15250.65,0,0,0,0,0,0
INDSTR.BSE_IDX,01/07/2025,11:48:04,15248.53,0,0,0,0,0,0
INDSTR.BSE_IDX,01/07/2025,11:48:12,15247.98,0,0,0,0,0,0
INDSTR.BSE_IDX,01/07/2025,11:48:20,15247.9,0,0,0,0,0,0
INDSTR.BSE_IDX,01/07/2025,11:48:28,15248.45,0,0,0,0,0,0
INDSTR.BSE_IDX,01/07/2025,11:48:36,15247.49,0,0,0,0,0,0
INDSTR.BSE_IDX,01/07/2025,11:48:44,15247.96,0,0,0,0,0,0
INDSTR.BSE_IDX,01/07/2025,11:48:52,15247.82,0,0,0,0,0,0
INDSTR.BSE_IDX,01/07/2025,11:49:01,15247.62,0,0,0,0,0,0
INDSTR.BSE_IDX,01/07/2025,11:49:09,15248.08,0,0,0,0,0,0
INDSTR.BSE_IDX,01/07/2025,11:49:16,15247,0,0,0,0,0,0
INDSTR.BSE_IDX,01/07/2025,11:49:24,15247.28,0,0,0,0,0,0
INDSTR.BSE_IDX,01/07/2025,11:49:32,15246.56,0,0,0,0,0,0
INDSTR.BSE_IDX,01/07/2025,11:49:40,15246.15,0,0,0,0,0,0
INDSTR.BSE_IDX,01/07/2025,11:49:49,15246.05,0,0,0,0,0,0
INDSTR.BSE_IDX,01/07/2025,11:49:56,15246.43,0,0,0,0,0,0
INDSTR.BSE_IDX,01/07/2025,11:50:04,15244.65,0,0,0,0,0,0
INDSTR.BSE_IDX,01/07/2025,11:50:12,15242.07,0,0,0,0,0,0
INDSTR.BSE_IDX,01/07/2025,11:50:20,15242.31,0,0,0,0,0,0
INDSTR.BSE_IDX,01/07/2025,11:50:28,15241.74,0,0,0,0,0,0
INDSTR.BSE_IDX,01/07/2025,11:50:36,15242.09,0,0,0,0,0,0
INDSTR.BSE_IDX,01/07/2025,11:50:44,15241.37,0,0,0,0,0,0
INDSTR.BSE_IDX,01/07/2025,11:50:52,15241.68,0,0,0,0,0,0
INDSTR.BSE_IDX,01/07/2025,11:51:00,15241.69,0,0,0,0,0,0
INDSTR.BSE_IDX,01/07/2025,11:51:08,15242.19,0,0,0,0,0,0
INDSTR.BSE_IDX,01/07/2025,11:51:16,15241.71,0,0,0,0,0,0
INDSTR.BSE_IDX,01/07/2025,11:51:24,15240.3,0,0,0,0,0,0
INDSTR.BSE_IDX,01/07/2025,11:51:32,15241.9,0,0,0,0,0,0
INDSTR.BSE_IDX,01/07/2025,11:51:40,15241.32,0,0,0,0,0,0
INDSTR.BSE_IDX,01/07/2025,11:51:48,15241.95,0,0,0,0,0,0
INDSTR.BSE_IDX,01/07/2025,11:51:56,15242.12,0,0,0,0,0,0
INDSTR.BSE_IDX,01/07/2025,11:52:04,15241.61,0,0,0,0,0,0
INDSTR.BSE_IDX,01/07/2025,11:52:12,15241.82,0,0,0,0,0,0
INDSTR.BSE_IDX,01/07/2025,11:52:20,15240.83,0,0,0,0,0,0
INDSTR.BSE_IDX,01/07/2025,11:52:28,15241.43,0,0,0,0,0,0
INDSTR.BSE_IDX,01/07/2025,11:52:36,15241.35,0,0,0,0,0,0
INDSTR.BSE_IDX,01/07/2025,11:52:44,15240.34,0,0,0,0,0,0
INDSTR.BSE_IDX,01/07/2025,11:52:52,15239.89,0,0,0,0,0,0
INDSTR.BSE_IDX,01/07/2025,11:53:00,15237.57,0,0,0,0,0,0
INDSTR.BSE_IDX,01/07/2025,11:53:08,15236.04,0,0,0,0,0,0
INDSTR.BSE_IDX,01/07/2025,11:53:16,15235.15,0,0,0,0,0,0
INDSTR.BSE_IDX,01/07/2025,11:53:24,15235.13,0,0,0,0,0,0
INDSTR.BSE_IDX,01/07/2025,11:53:32,15235.39,0,0,0,0,0,0
INDSTR.BSE_IDX,01/07/2025,11:53:40,15235.44,0,0,0,0,0,0
INDSTR.BSE_IDX,01/07/2025,11:53:48,15236.34,0,0,0,0,0,0
INDSTR.BSE_IDX,01/07/2025,11:53:56,15234.57,0,0,0,0,0,0
INDSTR.BSE_IDX,01/07/2025,11:54:04,15229.21,0,0,0,0,0,0
INDSTR.BSE_IDX,01/07/2025,11:54:12,15227.67,0,0,0,0,0,0
INDSTR.BSE_IDX,01/07/2025,11:54:20,15227.63,0,0,0,0,0,0
INDSTR.BSE_IDX,01/07/2025,11:54:28,15226.34,0,0,0,0,0,0
INDSTR.BSE_IDX,01/07/2025,11:54:36,15226.02,0,0,0,0,0,0
INDSTR.BSE_IDX,01/07/2025,11:54:44,15225.93,0,0,0,0,0,0
INDSTR.BSE_IDX,01/07/2025,11:54:52,15226.63,0,0,0,0,0,0
INDSTR.BSE_IDX,01/07/2025,11:55:00,15228.19,0,0,0,0,0,0
INDSTR.BSE_IDX,01/07/2025,11:55:08,15228.3,0,0,0,0,0,0
INDSTR.BSE_IDX,01/07/2025,11:55:17,15228.59,0,0,0,0,0,0
INDSTR.BSE_IDX,01/07/2025,11:55:24,15228.9,0,0,0,0,0,0
INDSTR.BSE_IDX,01/07/2025,11:55:32,15228.29,0,0,0,0,0,0
INDSTR.BSE_IDX,01/07/2025,11:55:40,15230.07,0,0,0,0,0,0
INDSTR.BSE_IDX,01/07/2025,11:55:48,15230.89,0,0,0,0,0,0
INDSTR.BSE_IDX,01/07/2025,11:55:56,15229.03,0,0,0,0,0,0
INDSTR.BSE_IDX,01/07/2025,11:56:05,15230.04,0,0,0,0,0,0
INDSTR.BSE_IDX,01/07/2025,11:56:12,15229.61,0,0,0,0,0,0
INDSTR.BSE_IDX,01/07/2025,11:56:20,15225.49,0,0,0,0,0,0
INDSTR.BSE_IDX,01/07/2025,11:56:28,15224.59,0,0,0,0,0,0
INDSTR.BSE_IDX,01/07/2025,11:56:36,15224.12,0,0,0,0,0,0
INDSTR.BSE_IDX,01/07/2025,11:56:44,15223.69,0,0,0,0,0,0
INDSTR.BSE_IDX,01/07/2025,11:56:52,15223.54,0,0,0,0,0,0
INDSTR.BSE_IDX,01/07/2025,11:57:00,15223.13,0,0,0,0,0,0
INDSTR.BSE_IDX,01/07/2025,11:57:08,15221.43,0,0,0,0,0,0
INDSTR.BSE_IDX,01/07/2025,11:57:16,15220.91,0,0,0,0,0,0
INDSTR.BSE_IDX,01/07/2025,11:57:24,15221.42,0,0,0,0,0,0
INDSTR.BSE_IDX,01/07/2025,11:57:32,15223.63,0,0,0,0,0,0
INDSTR.BSE_IDX,01/07/2025,11:57:40,15220.55,0,0,0,0,0,0
INDSTR.BSE_IDX,01/07/2025,11:57:48,15223.46,0,0,0,0,0,0
INDSTR.BSE_IDX,01/07/2025,11:57:56,15223,0,0,0,0,0,0
INDSTR.BSE_IDX,01/07/2025,11:58:04,15220.46,0,0,0,0,0,0
INDSTR.BSE_IDX,01/07/2025,11:58:12,15220.85,0,0,0,0,0,0
INDSTR.BSE_IDX,01/07/2025,11:58:20,15220.35,0,0,0,0,0,0
INDSTR.BSE_IDX,01/07/2025,11:58:28,15220.93,0,0,0,0,0,0
INDSTR.BSE_IDX,01/07/2025,11:58:36,15220.89,0,0,0,0,0,0
INDSTR.BSE_IDX,01/07/2025,11:58:44,15221.33,0,0,0,0,0,0
INDSTR.BSE_IDX,01/07/2025,11:58:52,15226.35,0,0,0,0,0,0
INDSTR.BSE_IDX,01/07/2025,11:59:00,15226.13,0,0,0,0,0,0
INDSTR.BSE_IDX,01/07/2025,11:59:08,15226.1,0,0,0,0,0,0
INDSTR.BSE_IDX,01/07/2025,11:59:16,15226.5,0,0,0,0,0,0
INDSTR.BSE_IDX,01/07/2025,11:59:24,15227.18,0,0,0,0,0,0
INDSTR.BSE_IDX,01/07/2025,11:59:32,15228.83,0,0,0,0,0,0
INDSTR.BSE_IDX,01/07/2025,11:59:40,15229.11,0,0,0,0,0,0
INDSTR.BSE_IDX,01/07/2025,11:59:48,15229.38,0,0,0,0,0,0
INDSTR.BSE_IDX,01/07/2025,11:59:56,15229.29,0,0,0,0,0,0
INDSTR.BSE_IDX,01/07/2025,12:00:05,15228.81,0,0,0,0,0,0
INDSTR.BSE_IDX,01/07/2025,12:00:12,15228.44,0,0,0,0,0,0
INDSTR.BSE_IDX,01/07/2025,12:00:20,15228.93,0,0,0,0,0,0
INDSTR.BSE_IDX,01/07/2025,12:00:28,15229.38,0,0,0,0,0,0
INDSTR.BSE_IDX,01/07/2025,12:00:37,15228.71,0,0,0,0,0,0
INDSTR.BSE_IDX,01/07/2025,12:00:44,15227.82,0,0,0,0,0,0
INDSTR.BSE_IDX,01/07/2025,12:00:52,15228.6,0,0,0,0,0,0
INDSTR.BSE_IDX,01/07/2025,12:01:00,15228.15,0,0,0,0,0,0
INDSTR.BSE_IDX,01/07/2025,12:01:08,15227.91,0,0,0,0,0,0
INDSTR.BSE_IDX,01/07/2025,12:01:16,15228.23,0,0,0,0,0,0
INDSTR.BSE_IDX,01/07/2025,12:01:24,15227.88,0,0,0,0,0,0
INDSTR.BSE_IDX,01/07/2025,12:01:32,15228.69,0,0,0,0,0,0
INDSTR.BSE_IDX,01/07/2025,12:01:40,15228.18,0,0,0,0,0,0
INDSTR.BSE_IDX,01/07/2025,12:01:48,15228.66,0,0,0,0,0,0
INDSTR.BSE_IDX,01/07/2025,12:01:57,15227.09,0,0,0,0,0,0
INDSTR.BSE_IDX,01/07/2025,12:02:04,15227.63,0,0,0,0,0,0
INDSTR.BSE_IDX,01/07/2025,12:02:12,15227.78,0,0,0,0,0,0
INDSTR.BSE_IDX,01/07/2025,12:02:20,15227.07,0,0,0,0,0,0
INDSTR.BSE_IDX,01/07/2025,12:02:28,15227.14,0,0,0,0,0,0
INDSTR.BSE_IDX,01/07/2025,12:02:36,15227.96,0,0,0,0,0,0
INDSTR.BSE_IDX,01/07/2025,12:02:44,15227.45,0,0,0,0,0,0
INDSTR.BSE_IDX,01/07/2025,12:02:52,15228.31,0,0,0,0,0,0
INDSTR.BSE_IDX,01/07/2025,12:03:00,15227.38,0,0,0,0,0,0
INDSTR.BSE_IDX,01/07/2025,12:03:08,15226.91,0,0,0,0,0,0
INDSTR.BSE_IDX,01/07/2025,12:03:17,15226.56,0,0,0,0,0,0
INDSTR.BSE_IDX,01/07/2025,12:03:24,15226.53,0,0,0,0,0,0
INDSTR.BSE_IDX,01/07/2025,12:03:32,15226.5,0,0,0,0,0,0
INDSTR.BSE_IDX,01/07/2025,12:03:40,15226.59,0,0,0,0,0,0
INDSTR.BSE_IDX,01/07/2025,12:03:48,15226.2,0,0,0,0,0,0
INDSTR.BSE_IDX,01/07/2025,12:03:56,15225.96,0,0,0,0,0,0
INDSTR.BSE_IDX,01/07/2025,12:04:04,15226.93,0,0,0,0,0,0
INDSTR.BSE_IDX,01/07/2025,12:04:12,15226.24,0,0,0,0,0,0
INDSTR.BSE_IDX,01/07/2025,12:04:20,15226.29,0,0,0,0,0,0
INDSTR.BSE_IDX,01/07/2025,12:04:28,15226.55,0,0,0,0,0,0
INDSTR.BSE_IDX,01/07/2025,12:04:36,15226.91,0,0,0,0,0,0
INDSTR.BSE_IDX,01/07/2025,12:04:44,15227.46,0,0,0,0,0,0
INDSTR.BSE_IDX,01/07/2025,12:04:52,15227.05,0,0,0,0,0,0
INDSTR.BSE_IDX,01/07/2025,12:05:01,15227.28,0,0,0,0,0,0
INDSTR.BSE_IDX,01/07/2025,12:05:08,15227.12,0,0,0,0,0,0
INDSTR.BSE_IDX,01/07/2025,12:05:16,15227.05,0,0,0,0,0,0
INDSTR.BSE_IDX,01/07/2025,12:05:24,15227.4,0,0,0,0,0,0
INDSTR.BSE_IDX,01/07/2025,12:05:32,15228.08,0,0,0,0,0,0
INDSTR.BSE_IDX,01/07/2025,12:05:40,15227.81,0,0,0,0,0,0
INDSTR.BSE_IDX,01/07/2025,12:05:48,15228.05,0,0,0,0,0,0
INDSTR.BSE_IDX,01/07/2025,12:05:56,15228.2,0,0,0,0,0,0
INDSTR.BSE_IDX,01/07/2025,12:06:04,15227.96,0,0,0,0,0,0
INDSTR.BSE_IDX,01/07/2025,12:06:12,15228.39,0,0,0,0,0,0
INDSTR.BSE_IDX,01/07/2025,12:06:20,15228.44,0,0,0,0,0,0
INDSTR.BSE_IDX,01/07/2025,12:06:28,15228.14,0,0,0,0,0,0
INDSTR.BSE_IDX,01/07/2025,12:06:36,15228.71,0,0,0,0,0,0
INDSTR.BSE_IDX,01/07/2025,12:06:44,15227.98,0,0,0,0,0,0
INDSTR.BSE_IDX,01/07/2025,12:06:53,15228.99,0,0,0,0,0,0
INDSTR.BSE_IDX,01/07/2025,12:07:00,15228.37,0,0,0,0,0,0
INDSTR.BSE_IDX,01/07/2025,12:07:08,15228.78,0,0,0,0,0,0
INDSTR.BSE_IDX,01/07/2025,12:07:16,15228.84,0,0,0,0,0,0
INDSTR.BSE_IDX,01/07/2025,12:07:24,15228.55,0,0,0,0,0,0
INDSTR.BSE_IDX,01/07/2025,12:07:32,15229.69,0,0,0,0,0,0
INDSTR.BSE_IDX,01/07/2025,12:07:40,15229.09,0,0,0,0,0,0
INDSTR.BSE_IDX,01/07/2025,12:07:48,15228.29,0,0,0,0,0,0
INDSTR.BSE_IDX,01/07/2025,12:07:56,15227.94,0,0,0,0,0,0
INDSTR.BSE_IDX,01/07/2025,12:08:04,15228.4,0,0,0,0,0,0
INDSTR.BSE_IDX,01/07/2025,12:08:12,15228.19,0,0,0,0,0,0
INDSTR.BSE_IDX,01/07/2025,12:08:20,15226.94,0,0,0,0,0,0
INDSTR.BSE_IDX,01/07/2025,12:08:28,15228.05,0,0,0,0,0,0
INDSTR.BSE_IDX,01/07/2025,12:08:36,15227.8,0,0,0,0,0,0
INDSTR.BSE_IDX,01/07/2025,12:08:44,15227.74,0,0,0,0,0,0
INDSTR.BSE_IDX,01/07/2025,12:08:52,15228.26,0,0,0,0,0,0
INDSTR.BSE_IDX,01/07/2025,12:09:00,15227.78,0,0,0,0,0,0
INDSTR.BSE_IDX,01/07/2025,12:09:08,15227.79,0,0,0,0,0,0
INDSTR.BSE_IDX,01/07/2025,12:09:16,15228,0,0,0,0,0,0
INDSTR.BSE_IDX,01/07/2025,12:09:25,15226.17,0,0,0,0,0,0
INDSTR.BSE_IDX,01/07/2025,12:09:32,15227.57,0,0,0,0,0,0
INDSTR.BSE_IDX,01/07/2025,12:09:40,15227.81,0,0,0,0,0,0
INDSTR.BSE_IDX,01/07/2025,12:09:48,15227.25,0,0,0,0,0,0
INDSTR.BSE_IDX,01/07/2025,12:09:57,15227.48,0,0,0,0,0,0
INDSTR.BSE_IDX,01/07/2025,12:10:05,15227.01,0,0,0,0,0,0
INDSTR.BSE_IDX,01/07/2025,12:10:13,15227.35,0,0,0,0,0,0
INDSTR.BSE_IDX,01/07/2025,12:10:22,15228.32,0,0,0,0,0,0
INDSTR.BSE_IDX,01/07/2025,12:10:28,15229.2,0,0,0,0,0,0
INDSTR.BSE_IDX,01/07/2025,12:10:36,15228.42,0,0,0,0,0,0
INDSTR.BSE_IDX,01/07/2025,12:10:45,15228.2,0,0,0,0,0,0
INDSTR.BSE_IDX,01/07/2025,12:10:52,15228.8,0,0,0,0,0,0
INDSTR.BSE_IDX,01/07/2025,12:11:00,15228.96,0,0,0,0,0,0
INDSTR.BSE_IDX,01/07/2025,12:11:08,15229.03,0,0,0,0,0,0
INDSTR.BSE_IDX,01/07/2025,12:11:17,15229.15,0,0,0,0,0,0
INDSTR.BSE_IDX,01/07/2025,12:11:24,15229.93,0,0,0,0,0,0
INDSTR.BSE_IDX,01/07/2025,12:11:32,15230.34,0,0,0,0,0,0
INDSTR.BSE_IDX,01/07/2025,12:11:40,15231.21,0,0,0,0,0,0
INDSTR.BSE_IDX,01/07/2025,12:11:49,15231.04,0,0,0,0,0,0
INDSTR.BSE_IDX,01/07/2025,12:11:57,15232.01,0,0,0,0,0,0
INDSTR.BSE_IDX,01/07/2025,12:12:05,15232.51,0,0,0,0,0,0
INDSTR.BSE_IDX,01/07/2025,12:12:13,15232.15,0,0,0,0,0,0
INDSTR.BSE_IDX,01/07/2025,12:12:21,15231.58,0,0,0,0,0,0
INDSTR.BSE_IDX,01/07/2025,12:12:29,15232.78,0,0,0,0,0,0
INDSTR.BSE_IDX,01/07/2025,12:12:37,15233.04,0,0,0,0,0,0
INDSTR.BSE_IDX,01/07/2025,12:12:45,15232.57,0,0,0,0,0,0
INDSTR.BSE_IDX,01/07/2025,12:12:53,15232.47,0,0,0,0,0,0
INDSTR.BSE_IDX,01/07/2025,12:13:01,15233.56,0,0,0,0,0,0
INDSTR.BSE_IDX,01/07/2025,12:13:09,15233,0,0,0,0,0,0
INDSTR.BSE_IDX,01/07/2025,12:13:17,15232.78,0,0,0,0,0,0
INDSTR.BSE_IDX,01/07/2025,12:13:25,15233.14,0,0,0,0,0,0
INDSTR.BSE_IDX,01/07/2025,12:13:33,15233.64,0,0,0,0,0,0
INDSTR.BSE_IDX,01/07/2025,12:13:41,15234.36,0,0,0,0,0,0
INDSTR.BSE_IDX,01/07/2025,12:13:49,15234.23,0,0,0,0,0,0
INDSTR.BSE_IDX,01/07/2025,12:13:57,15233.66,0,0,0,0,0,0
INDSTR.BSE_IDX,01/07/2025,12:14:05,15232.88,0,0,0,0,0,0
INDSTR.BSE_IDX,01/07/2025,12:14:13,15232.19,0,0,0,0,0,0
INDSTR.BSE_IDX,01/07/2025,12:14:21,15232.94,0,0,0,0,0,0
INDSTR.BSE_IDX,01/07/2025,12:14:29,15232.3,0,0,0,0,0,0
INDSTR.BSE_IDX,01/07/2025,12:14:37,15232.77,0,0,0,0,0,0
INDSTR.BSE_IDX,01/07/2025,12:14:46,15232.87,0,0,0,0,0,0
INDSTR.BSE_IDX,01/07/2025,12:14:54,15231.89,0,0,0,0,0,0
INDSTR.BSE_IDX,01/07/2025,12:15:01,15232.27,0,0,0,0,0,0
INDSTR.BSE_IDX,01/07/2025,12:15:09,15232.02,0,0,0,0,0,0
INDSTR.BSE_IDX,01/07/2025,12:15:17,15233.45,0,0,0,0,0,0
INDSTR.BSE_IDX,01/07/2025,12:15:25,15232.67,0,0,0,0,0,0
INDSTR.BSE_IDX,01/07/2025,12:15:33,15232.83,0,0,0,0,0,0
INDSTR.BSE_IDX,01/07/2025,12:15:41,15232.91,0,0,0,0,0,0
INDSTR.BSE_IDX,01/07/2025,12:15:49,15233.65,0,0,0,0,0,0
INDSTR.BSE_IDX,01/07/2025,12:15:57,15233.53,0,0,0,0,0,0
INDSTR.BSE_IDX,01/07/2025,12:16:05,15233.44,0,0,0,0,0,0
INDSTR.BSE_IDX,01/07/2025,12:16:13,15235.03,0,0,0,0,0,0
INDSTR.BSE_IDX,01/07/2025,12:16:21,15234.71,0,0,0,0,0,0
INDSTR.BSE_IDX,01/07/2025,12:16:29,15234.63,0,0,0,0,0,0
INDSTR.BSE_IDX,01/07/2025,12:16:37,15234.6,0,0,0,0,0,0
INDSTR.BSE_IDX,01/07/2025,12:16:45,15234.22,0,0,0,0,0,0
INDSTR.BSE_IDX,01/07/2025,12:16:53,15234.65,0,0,0,0,0,0
INDSTR.BSE_IDX,01/07/2025,12:17:01,15235.28,0,0,0,0,0,0
INDSTR.BSE_IDX,01/07/2025,12:17:09,15234.31,0,0,0,0,0,0
INDSTR.BSE_IDX,01/07/2025,12:17:17,15235.63,0,0,0,0,0,0
INDSTR.BSE_IDX,01/07/2025,12:17:25,15235.39,0,0,0,0,0,0
INDSTR.BSE_IDX,01/07/2025,12:17:33,15235.67,0,0,0,0,0,0
INDSTR.BSE_IDX,01/07/2025,12:17:41,15236.21,0,0,0,0,0,0
INDSTR.BSE_IDX,01/07/2025,12:17:49,15235.13,0,0,0,0,0,0
INDSTR.BSE_IDX,01/07/2025,12:17:57,15235.79,0,0,0,0,0,0
INDSTR.BSE_IDX,01/07/2025,12:18:05,15237.27,0,0,0,0,0,0
INDSTR.BSE_IDX,01/07/2025,12:18:13,15238.74,0,0,0,0,0,0
INDSTR.BSE_IDX,01/07/2025,12:18:21,15238.98,0,0,0,0,0,0
INDSTR.BSE_IDX,01/07/2025,12:18:29,15239.2,0,0,0,0,0,0
INDSTR.BSE_IDX,01/07/2025,12:18:37,15239.88,0,0,0,0,0,0
INDSTR.BSE_IDX,01/07/2025,12:18:45,15239.86,0,0,0,0,0,0
INDSTR.BSE_IDX,01/07/2025,12:18:53,15240.72,0,0,0,0,0,0
INDSTR.BSE_IDX,01/07/2025,12:19:01,15241.34,0,0,0,0,0,0
INDSTR.BSE_IDX,01/07/2025,12:19:09,15241.04,0,0,0,0,0,0
INDSTR.BSE_IDX,01/07/2025,12:19:17,15240.85,0,0,0,0,0,0
INDSTR.BSE_IDX,01/07/2025,12:19:25,15241.77,0,0,0,0,0,0
INDSTR.BSE_IDX,01/07/2025,12:19:33,15242.23,0,0,0,0,0,0
INDSTR.BSE_IDX,01/07/2025,12:19:41,15243.69,0,0,0,0,0,0
INDSTR.BSE_IDX,01/07/2025,12:19:49,15244.31,0,0,0,0,0,0
INDSTR.BSE_IDX,01/07/2025,12:19:57,15243.6,0,0,0,0,0,0
INDSTR.BSE_IDX,01/07/2025,12:20:05,15246.85,0,0,0,0,0,0
INDSTR.BSE_IDX,01/07/2025,12:20:13,15246.67,0,0,0,0,0,0
INDSTR.BSE_IDX,01/07/2025,12:20:21,15248.11,0,0,0,0,0,0
INDSTR.BSE_IDX,01/07/2025,12:20:29,15248.19,0,0,0,0,0,0
INDSTR.BSE_IDX,01/07/2025,12:20:37,15247.81,0,0,0,0,0,0
INDSTR.BSE_IDX,01/07/2025,12:20:45,15248.24,0,0,0,0,0,0
INDSTR.BSE_IDX,01/07/2025,12:20:53,15247.66,0,0,0,0,0,0
INDSTR.BSE_IDX,01/07/2025,12:21:01,15247.77,0,0,0,0,0,0
INDSTR.BSE_IDX,01/07/2025,12:21:09,15247.77,0,0,0,0,0,0
INDSTR.BSE_IDX,01/07/2025,12:21:17,15247.45,0,0,0,0,0,0
INDSTR.BSE_IDX,01/07/2025,12:21:25,15247.31,0,0,0,0,0,0
INDSTR.BSE_IDX,01/07/2025,12:21:33,15248.37,0,0,0,0,0,0
INDSTR.BSE_IDX,01/07/2025,12:21:41,15249.63,0,0,0,0,0,0
INDSTR.BSE_IDX,01/07/2025,12:21:49,15250.41,0,0,0,0,0,0
INDSTR.BSE_IDX,01/07/2025,12:21:57,15251.02,0,0,0,0,0,0
INDSTR.BSE_IDX,01/07/2025,12:22:05,15251.29,0,0,0,0,0,0
INDSTR.BSE_IDX,01/07/2025,12:22:13,15250.85,0,0,0,0,0,0
INDSTR.BSE_IDX,01/07/2025,12:22:21,15251.31,0,0,0,0,0,0
INDSTR.BSE_IDX,01/07/2025,12:22:29,15252.39,0,0,0,0,0,0
INDSTR.BSE_IDX,01/07/2025,12:22:37,15251.54,0,0,0,0,0,0
INDSTR.BSE_IDX,01/07/2025,12:22:45,15248.63,0,0,0,0,0,0
INDSTR.BSE_IDX,01/07/2025,12:22:53,15249.29,0,0,0,0,0,0
INDSTR.BSE_IDX,01/07/2025,12:23:02,15248.82,0,0,0,0,0,0
INDSTR.BSE_IDX,01/07/2025,12:23:09,15249.34,0,0,0,0,0,0
INDSTR.BSE_IDX,01/07/2025,12:23:17,15249.21,0,0,0,0,0,0
INDSTR.BSE_IDX,01/07/2025,12:23:25,15249.34,0,0,0,0,0,0
INDSTR.BSE_IDX,01/07/2025,12:23:33,15249.67,0,0,0,0,0,0
INDSTR.BSE_IDX,01/07/2025,12:23:41,15249.58,0,0,0,0,0,0
INDSTR.BSE_IDX,01/07/2025,12:23:49,15249.63,0,0,0,0,0,0
INDSTR.BSE_IDX,01/07/2025,12:23:57,15249.72,0,0,0,0,0,0
INDSTR.BSE_IDX,01/07/2025,12:24:05,15251.02,0,0,0,0,0,0
INDSTR.BSE_IDX,01/07/2025,12:24:13,15254.88,0,0,0,0,0,0
INDSTR.BSE_IDX,01/07/2025,12:24:21,15254.61,0,0,0,0,0,0
INDSTR.BSE_IDX,01/07/2025,12:24:29,15255.08,0,0,0,0,0,0
INDSTR.BSE_IDX,01/07/2025,12:24:37,15254.55,0,0,0,0,0,0
INDSTR.BSE_IDX,01/07/2025,12:24:45,15255.78,0,0,0,0,0,0
INDSTR.BSE_IDX,01/07/2025,12:24:53,15255.6,0,0,0,0,0,0
INDSTR.BSE_IDX,01/07/2025,12:25:01,15255.92,0,0,0,0,0,0
INDSTR.BSE_IDX,01/07/2025,12:25:09,15256.04,0,0,0,0,0,0
INDSTR.BSE_IDX,01/07/2025,12:25:17,15255.93,0,0,0,0,0,0
INDSTR.BSE_IDX,01/07/2025,12:25:25,15256.82,0,0,0,0,0,0
INDSTR.BSE_IDX,01/07/2025,12:25:33,15257.35,0,0,0,0,0,0
INDSTR.BSE_IDX,01/07/2025,12:25:41,15257.17,0,0,0,0,0,0
INDSTR.BSE_IDX,01/07/2025,12:25:49,15257.78,0,0,0,0,0,0
INDSTR.BSE_IDX,01/07/2025,12:25:57,15258.24,0,0,0,0,0,0
INDSTR.BSE_IDX,01/07/2025,12:26:05,15258.9,0,0,0,0,0,0
INDSTR.BSE_IDX,01/07/2025,12:26:13,15258.83,0,0,0,0,0,0
INDSTR.BSE_IDX,01/07/2025,12:26:21,15258.71,0,0,0,0,0,0
INDSTR.BSE_IDX,01/07/2025,12:26:31,15260.97,0,0,0,0,0,0
INDSTR.BSE_IDX,01/07/2025,12:26:37,15259.92,0,0,0,0,0,0
INDSTR.BSE_IDX,01/07/2025,12:26:45,15258.71,0,0,0,0,0,0
INDSTR.BSE_IDX,01/07/2025,12:26:53,15257.49,0,0,0,0,0,0
INDSTR.BSE_IDX,01/07/2025,12:27:01,15257.45,0,0,0,0,0,0
INDSTR.BSE_IDX,01/07/2025,12:27:09,15258.92,0,0,0,0,0,0
INDSTR.BSE_IDX,01/07/2025,12:27:17,15257.56,0,0,0,0,0,0
INDSTR.BSE_IDX,01/07/2025,12:27:25,15256.29,0,0,0,0,0,0
INDSTR.BSE_IDX,01/07/2025,12:27:33,15255.88,0,0,0,0,0,0
INDSTR.BSE_IDX,01/07/2025,12:27:41,15256.5,0,0,0,0,0,0
INDSTR.BSE_IDX,01/07/2025,12:27:49,15256.97,0,0,0,0,0,0
INDSTR.BSE_IDX,01/07/2025,12:27:57,15257.27,0,0,0,0,0,0
INDSTR.BSE_IDX,01/07/2025,12:28:05,15257.54,0,0,0,0,0,0
INDSTR.BSE_IDX,01/07/2025,12:28:13,15257.69,0,0,0,0,0,0
INDSTR.BSE_IDX,01/07/2025,12:28:21,15257.32,0,0,0,0,0,0
INDSTR.BSE_IDX,01/07/2025,12:28:29,15257.1,0,0,0,0,0,0
INDSTR.BSE_IDX,01/07/2025,12:28:37,15255.62,0,0,0,0,0,0
INDSTR.BSE_IDX,01/07/2025,12:28:45,15256.03,0,0,0,0,0,0
INDSTR.BSE_IDX,01/07/2025,12:28:53,15254.17,0,0,0,0,0,0
INDSTR.BSE_IDX,01/07/2025,12:29:01,15253.97,0,0,0,0,0,0
INDSTR.BSE_IDX,01/07/2025,12:29:10,15253.86,0,0,0,0,0,0
INDSTR.BSE_IDX,01/07/2025,12:29:18,15254.53,0,0,0,0,0,0
INDSTR.BSE_IDX,01/07/2025,12:29:25,15253.71,0,0,0,0,0,0
INDSTR.BSE_IDX,01/07/2025,12:29:33,15251.68,0,0,0,0,0,0
INDSTR.BSE_IDX,01/07/2025,12:29:41,15251.56,0,0,0,0,0,0
INDSTR.BSE_IDX,01/07/2025,12:29:49,15251.94,0,0,0,0,0,0
INDSTR.BSE_IDX,01/07/2025,12:29:57,15253.56,0,0,0,0,0,0
INDSTR.BSE_IDX,01/07/2025,12:30:05,15253.68,0,0,0,0,0,0
INDSTR.BSE_IDX,01/07/2025,12:30:13,15255.39,0,0,0,0,0,0
INDSTR.BSE_IDX,01/07/2025,12:30:22,15255.32,0,0,0,0,0,0
INDSTR.BSE_IDX,01/07/2025,12:30:29,15255.5,0,0,0,0,0,0
INDSTR.BSE_IDX,01/07/2025,12:30:37,15253.4,0,0,0,0,0,0
INDSTR.BSE_IDX,01/07/2025,12:30:45,15253.19,0,0,0,0,0,0
INDSTR.BSE_IDX,01/07/2025,12:30:53,15254.12,0,0,0,0,0,0
INDSTR.BSE_IDX,01/07/2025,12:31:01,15255.61,0,0,0,0,0,0
INDSTR.BSE_IDX,01/07/2025,12:31:09,15254.56,0,0,0,0,0,0
INDSTR.BSE_IDX,01/07/2025,12:31:17,15254.2,0,0,0,0,0,0
INDSTR.BSE_IDX,01/07/2025,12:31:25,15249.3,0,0,0,0,0,0
INDSTR.BSE_IDX,01/07/2025,12:31:34,15251.13,0,0,0,0,0,0
INDSTR.BSE_IDX,01/07/2025,12:31:41,15249.06,0,0,0,0,0,0
INDSTR.BSE_IDX,01/07/2025,12:31:49,15248.75,0,0,0,0,0,0
INDSTR.BSE_IDX,01/07/2025,12:31:57,15248.62,0,0,0,0,0,0
INDSTR.BSE_IDX,01/07/2025,12:32:05,15249.12,0,0,0,0,0,0
INDSTR.BSE_IDX,01/07/2025,12:32:13,15248.73,0,0,0,0,0,0
INDSTR.BSE_IDX,01/07/2025,12:32:21,15248.74,0,0,0,0,0,0
INDSTR.BSE_IDX,01/07/2025,12:32:29,15248.71,0,0,0,0,0,0
INDSTR.BSE_IDX,01/07/2025,12:32:37,15248.55,0,0,0,0,0,0
INDSTR.BSE_IDX,01/07/2025,12:32:45,15248.93,0,0,0,0,0,0
INDSTR.BSE_IDX,01/07/2025,12:32:53,15248.55,0,0,0,0,0,0
INDSTR.BSE_IDX,01/07/2025,12:33:01,15249.34,0,0,0,0,0,0
INDSTR.BSE_IDX,01/07/2025,12:33:09,15249.2,0,0,0,0,0,0
INDSTR.BSE_IDX,01/07/2025,12:33:17,15248.75,0,0,0,0,0,0
INDSTR.BSE_IDX,01/07/2025,12:33:26,15248.32,0,0,0,0,0,0
INDSTR.BSE_IDX,01/07/2025,12:33:33,15247.6,0,0,0,0,0,0
INDSTR.BSE_IDX,01/07/2025,12:33:41,15248.02,0,0,0,0,0,0
INDSTR.BSE_IDX,01/07/2025,12:33:49,15246.7,0,0,0,0,0,0
INDSTR.BSE_IDX,01/07/2025,12:33:57,15247.03,0,0,0,0,0,0
INDSTR.BSE_IDX,01/07/2025,12:34:05,15246.43,0,0,0,0,0,0
INDSTR.BSE_IDX,01/07/2025,12:34:13,15246.29,0,0,0,0,0,0
INDSTR.BSE_IDX,01/07/2025,12:34:21,15246.34,0,0,0,0,0,0
INDSTR.BSE_IDX,01/07/2025,12:34:29,15246.44,0,0,0,0,0,0
INDSTR.BSE_IDX,01/07/2025,12:34:37,15246.81,0,0,0,0,0,0
INDSTR.BSE_IDX,01/07/2025,12:34:45,15247.14,0,0,0,0,0,0
INDSTR.BSE_IDX,01/07/2025,12:34:53,15247.33,0,0,0,0,0,0
INDSTR.BSE_IDX,01/07/2025,12:35:01,15247.65,0,0,0,0,0,0
INDSTR.BSE_IDX,01/07/2025,12:35:09,15247.47,0,0,0,0,0,0
INDSTR.BSE_IDX,01/07/2025,12:35:17,15248.21,0,0,0,0,0,0
INDSTR.BSE_IDX,01/07/2025,12:35:25,15248.94,0,0,0,0,0,0
INDSTR.BSE_IDX,01/07/2025,12:35:33,15249,0,0,0,0,0,0
INDSTR.BSE_IDX,01/07/2025,12:35:41,15248.47,0,0,0,0,0,0
INDSTR.BSE_IDX,01/07/2025,12:35:49,15249.82,0,0,0,0,0,0
INDSTR.BSE_IDX,01/07/2025,12:35:57,15250.47,0,0,0,0,0,0
INDSTR.BSE_IDX,01/07/2025,12:36:05,15256.77,0,0,0,0,0,0
INDSTR.BSE_IDX,01/07/2025,12:36:13,15256.58,0,0,0,0,0,0
INDSTR.BSE_IDX,01/07/2025,12:36:21,15257.65,0,0,0,0,0,0
INDSTR.BSE_IDX,01/07/2025,12:36:29,15257.33,0,0,0,0,0,0
INDSTR.BSE_IDX,01/07/2025,12:36:37,15257.42,0,0,0,0,0,0
INDSTR.BSE_IDX,01/07/2025,12:36:45,15257.15,0,0,0,0,0,0
INDSTR.BSE_IDX,01/07/2025,12:36:53,15256.86,0,0,0,0,0,0
INDSTR.BSE_IDX,01/07/2025,12:37:01,15256.47,0,0,0,0,0,0
INDSTR.BSE_IDX,01/07/2025,12:37:09,15256.95,0,0,0,0,0,0
INDSTR.BSE_IDX,01/07/2025,12:37:17,15257.05,0,0,0,0,0,0
INDSTR.BSE_IDX,01/07/2025,12:37:25,15256.28,0,0,0,0,0,0
INDSTR.BSE_IDX,01/07/2025,12:37:33,15255.91,0,0,0,0,0,0
INDSTR.BSE_IDX,01/07/2025,12:37:41,15253.74,0,0,0,0,0,0
INDSTR.BSE_IDX,01/07/2025,12:37:49,15251.17,0,0,0,0,0,0
INDSTR.BSE_IDX,01/07/2025,12:37:57,15251.06,0,0,0,0,0,0
INDSTR.BSE_IDX,01/07/2025,12:38:05,15252.66,0,0,0,0,0,0
INDSTR.BSE_IDX,01/07/2025,12:38:13,15252.56,0,0,0,0,0,0
INDSTR.BSE_IDX,01/07/2025,12:38:22,15252.49,0,0,0,0,0,0
INDSTR.BSE_IDX,01/07/2025,12:38:29,15252.38,0,0,0,0,0,0
INDSTR.BSE_IDX,01/07/2025,12:38:39,15253.81,0,0,0,0,0,0
INDSTR.BSE_IDX,01/07/2025,12:38:45,15253.63,0,0,0,0,0,0
INDSTR.BSE_IDX,01/07/2025,12:38:53,15253.82,0,0,0,0,0,0
INDSTR.BSE_IDX,01/07/2025,12:39:01,15253.91,0,0,0,0,0,0
INDSTR.BSE_IDX,01/07/2025,12:39:10,15253.53,0,0,0,0,0,0
INDSTR.BSE_IDX,01/07/2025,12:39:17,15253.98,0,0,0,0,0,0
INDSTR.BSE_IDX,01/07/2025,12:39:25,15254.99,0,0,0,0,0,0
INDSTR.BSE_IDX,01/07/2025,12:39:34,15254.89,0,0,0,0,0,0
INDSTR.BSE_IDX,01/07/2025,12:39:42,15255.56,0,0,0,0,0,0
INDSTR.BSE_IDX,01/07/2025,12:39:49,15255.58,0,0,0,0,0,0
INDSTR.BSE_IDX,01/07/2025,12:39:57,15255.67,0,0,0,0,0,0
INDSTR.BSE_IDX,01/07/2025,12:40:05,15256.18,0,0,0,0,0,0
INDSTR.BSE_IDX,01/07/2025,12:40:21,15256.05,0,0,0,0,0,0
INDSTR.BSE_IDX,01/07/2025,12:40:29,15255.37,0,0,0,0,0,0
INDSTR.BSE_IDX,01/07/2025,12:40:37,15254.85,0,0,0,0,0,0
INDSTR.BSE_IDX,01/07/2025,12:40:45,15253.65,0,0,0,0,0,0
INDSTR.BSE_IDX,01/07/2025,12:40:54,15253.47,0,0,0,0,0,0
INDSTR.BSE_IDX,01/07/2025,12:41:01,15253.5,0,0,0,0,0,0
INDSTR.BSE_IDX,01/07/2025,12:41:09,15252.57,0,0,0,0,0,0
INDSTR.BSE_IDX,01/07/2025,12:41:17,15252.06,0,0,0,0,0,0
INDSTR.BSE_IDX,01/07/2025,12:41:25,15251.67,0,0,0,0,0,0
INDSTR.BSE_IDX,01/07/2025,12:41:33,15251.73,0,0,0,0,0,0
INDSTR.BSE_IDX,01/07/2025,12:41:41,15254.55,0,0,0,0,0,0
INDSTR.BSE_IDX,01/07/2025,12:41:49,15255.12,0,0,0,0,0,0
INDSTR.BSE_IDX,01/07/2025,12:41:57,15255.7,0,0,0,0,0,0
INDSTR.BSE_IDX,01/07/2025,12:42:05,15256.06,0,0,0,0,0,0
INDSTR.BSE_IDX,01/07/2025,12:42:13,15256.92,0,0,0,0,0,0
INDSTR.BSE_IDX,01/07/2025,12:42:21,15256.77,0,0,0,0,0,0
INDSTR.BSE_IDX,01/07/2025,12:42:29,15256.62,0,0,0,0,0,0
INDSTR.BSE_IDX,01/07/2025,12:42:37,15255.94,0,0,0,0,0,0
INDSTR.BSE_IDX,01/07/2025,12:42:45,15256.15,0,0,0,0,0,0
INDSTR.BSE_IDX,01/07/2025,12:42:53,15256.39,0,0,0,0,0,0
INDSTR.BSE_IDX,01/07/2025,12:43:01,15254.84,0,0,0,0,0,0
INDSTR.BSE_IDX,01/07/2025,12:43:10,15254.9,0,0,0,0,0,0
INDSTR.BSE_IDX,01/07/2025,12:43:17,15255.19,0,0,0,0,0,0
INDSTR.BSE_IDX,01/07/2025,12:43:26,15255.33,0,0,0,0,0,0
INDSTR.BSE_IDX,01/07/2025,12:43:33,15255.23,0,0,0,0,0,0
INDSTR.BSE_IDX,01/07/2025,12:43:41,15253.67,0,0,0,0,0,0
INDSTR.BSE_IDX,01/07/2025,12:43:49,15253.46,0,0,0,0,0,0
INDSTR.BSE_IDX,01/07/2025,12:43:58,15253.98,0,0,0,0,0,0
INDSTR.BSE_IDX,01/07/2025,12:44:05,15253.79,0,0,0,0,0,0
INDSTR.BSE_IDX,01/07/2025,12:44:14,15252.27,0,0,0,0,0,0
INDSTR.BSE_IDX,01/07/2025,12:44:21,15251.84,0,0,0,0,0,0
INDSTR.BSE_IDX,01/07/2025,12:44:29,15250.36,0,0,0,0,0,0
INDSTR.BSE_IDX,01/07/2025,12:44:38,15250.67,0,0,0,0,0,0
INDSTR.BSE_IDX,01/07/2025,12:44:45,15251.18,0,0,0,0,0,0
INDSTR.BSE_IDX,01/07/2025,12:44:53,15251.39,0,0,0,0,0,0
INDSTR.BSE_IDX,01/07/2025,12:45:01,15251.53,0,0,0,0,0,0
INDSTR.BSE_IDX,01/07/2025,12:45:11,15250.07,0,0,0,0,0,0
INDSTR.BSE_IDX,01/07/2025,12:45:17,15249.81,0,0,0,0,0,0
INDSTR.BSE_IDX,01/07/2025,12:45:25,15249.83,0,0,0,0,0,0
INDSTR.BSE_IDX,01/07/2025,12:45:34,15249.26,0,0,0,0,0,0
INDSTR.BSE_IDX,01/07/2025,12:45:42,15249.82,0,0,0,0,0,0
INDSTR.BSE_IDX,01/07/2025,12:45:50,15250.79,0,0,0,0,0,0
INDSTR.BSE_IDX,01/07/2025,12:45:58,15250.73,0,0,0,0,0,0
INDSTR.BSE_IDX,01/07/2025,12:46:06,15250.69,0,0,0,0,0,0
INDSTR.BSE_IDX,01/07/2025,12:46:14,15250.77,0,0,0,0,0,0
INDSTR.BSE_IDX,01/07/2025,12:46:22,15250.47,0,0,0,0,0,0
INDSTR.BSE_IDX,01/07/2025,12:46:30,15248.83,0,0,0,0,0,0
INDSTR.BSE_IDX,01/07/2025,12:46:38,15245.17,0,0,0,0,0,0
INDSTR.BSE_IDX,01/07/2025,12:46:46,15245.11,0,0,0,0,0,0
INDSTR.BSE_IDX,01/07/2025,12:46:54,15243.93,0,0,0,0,0,0
INDSTR.BSE_IDX,01/07/2025,12:47:02,15243.85,0,0,0,0,0,0
INDSTR.BSE_IDX,01/07/2025,12:47:10,15243.38,0,0,0,0,0,0
INDSTR.BSE_IDX,01/07/2025,12:47:18,15243.86,0,0,0,0,0,0
INDSTR.BSE_IDX,01/07/2025,12:47:26,15243.63,0,0,0,0,0,0
INDSTR.BSE_IDX,01/07/2025,12:47:34,15244.45,0,0,0,0,0,0
INDSTR.BSE_IDX,01/07/2025,12:47:42,15244.23,0,0,0,0,0,0
INDSTR.BSE_IDX,01/07/2025,12:47:50,15243.67,0,0,0,0,0,0
INDSTR.BSE_IDX,01/07/2025,12:47:58,15242.79,0,0,0,0,0,0
INDSTR.BSE_IDX,01/07/2025,12:48:06,15242.4,0,0,0,0,0,0
INDSTR.BSE_IDX,01/07/2025,12:48:14,15242.72,0,0,0,0,0,0
INDSTR.BSE_IDX,01/07/2025,12:48:22,15243.2,0,0,0,0,0,0
INDSTR.BSE_IDX,01/07/2025,12:48:30,15245.19,0,0,0,0,0,0
INDSTR.BSE_IDX,01/07/2025,12:48:38,15245.02,0,0,0,0,0,0
INDSTR.BSE_IDX,01/07/2025,12:48:46,15245.03,0,0,0,0,0,0
INDSTR.BSE_IDX,01/07/2025,12:48:54,15244.09,0,0,0,0,0,0
INDSTR.BSE_IDX,01/07/2025,12:49:02,15243.88,0,0,0,0,0,0
INDSTR.BSE_IDX,01/07/2025,12:49:10,15242.75,0,0,0,0,0,0
INDSTR.BSE_IDX,01/07/2025,12:49:18,15242.11,0,0,0,0,0,0
INDSTR.BSE_IDX,01/07/2025,12:49:26,15241.3,0,0,0,0,0,0
INDSTR.BSE_IDX,01/07/2025,12:49:34,15241.07,0,0,0,0,0,0
INDSTR.BSE_IDX,01/07/2025,12:49:42,15241.8,0,0,0,0,0,0
INDSTR.BSE_IDX,01/07/2025,12:49:50,15242.31,0,0,0,0,0,0
INDSTR.BSE_IDX,01/07/2025,12:49:58,15242,0,0,0,0,0,0
INDSTR.BSE_IDX,01/07/2025,12:50:06,15242.9,0,0,0,0,0,0
INDSTR.BSE_IDX,01/07/2025,12:50:14,15242.4,0,0,0,0,0,0
INDSTR.BSE_IDX,01/07/2025,12:50:22,15242.06,0,0,0,0,0,0
INDSTR.BSE_IDX,01/07/2025,12:50:30,15241.77,0,0,0,0,0,0
INDSTR.BSE_IDX,01/07/2025,12:50:38,15242.42,0,0,0,0,0,0
INDSTR.BSE_IDX,01/07/2025,12:50:47,15241.85,0,0,0,0,0,0
INDSTR.BSE_IDX,01/07/2025,12:50:54,15242.64,0,0,0,0,0,0
INDSTR.BSE_IDX,01/07/2025,12:51:02,15242.8,0,0,0,0,0,0
INDSTR.BSE_IDX,01/07/2025,12:51:10,15242.49,0,0,0,0,0,0
INDSTR.BSE_IDX,01/07/2025,12:51:19,15242.82,0,0,0,0,0,0
INDSTR.BSE_IDX,01/07/2025,12:51:26,15243.01,0,0,0,0,0,0
INDSTR.BSE_IDX,01/07/2025,12:51:34,15243.56,0,0,0,0,0,0
INDSTR.BSE_IDX,01/07/2025,12:51:42,15243.82,0,0,0,0,0,0
INDSTR.BSE_IDX,01/07/2025,12:51:50,15244.52,0,0,0,0,0,0
INDSTR.BSE_IDX,01/07/2025,12:51:58,15243.62,0,0,0,0,0,0
INDSTR.BSE_IDX,01/07/2025,12:52:06,15243.83,0,0,0,0,0,0
INDSTR.BSE_IDX,01/07/2025,12:52:14,15243.38,0,0,0,0,0,0
INDSTR.BSE_IDX,01/07/2025,12:52:22,15243.72,0,0,0,0,0,0
INDSTR.BSE_IDX,01/07/2025,12:52:30,15243.5,0,0,0,0,0,0
INDSTR.BSE_IDX,01/07/2025,12:52:38,15243.25,0,0,0,0,0,0
INDSTR.BSE_IDX,01/07/2025,12:52:46,15243.01,0,0,0,0,0,0
INDSTR.BSE_IDX,01/07/2025,12:52:54,15243.62,0,0,0,0,0,0
INDSTR.BSE_IDX,01/07/2025,12:53:02,15244.85,0,0,0,0,0,0
INDSTR.BSE_IDX,01/07/2025,12:53:10,15245.79,0,0,0,0,0,0
INDSTR.BSE_IDX,01/07/2025,12:53:18,15245.73,0,0,0,0,0,0
INDSTR.BSE_IDX,01/07/2025,12:53:26,15245.47,0,0,0,0,0,0
INDSTR.BSE_IDX,01/07/2025,12:53:34,15246.04,0,0,0,0,0,0
INDSTR.BSE_IDX,01/07/2025,12:53:42,15246.56,0,0,0,0,0,0
INDSTR.BSE_IDX,01/07/2025,12:53:50,15246.22,0,0,0,0,0,0
INDSTR.BSE_IDX,01/07/2025,12:53:58,15244.86,0,0,0,0,0,0
INDSTR.BSE_IDX,01/07/2025,12:54:06,15245.1,0,0,0,0,0,0
INDSTR.BSE_IDX,01/07/2025,12:54:14,15244.42,0,0,0,0,0,0
INDSTR.BSE_IDX,01/07/2025,12:54:22,15244.49,0,0,0,0,0,0
