Ticker,Date,Time,LTP,BuyPrice,BuyQty,SellPrice,SellQty,LTQ,OpenInterest
INFRA.BSE_IDX,01/07/2025,09:00:07,616.75,0,0,0,0,0,0
INFRA.BSE_IDX,01/07/2025,09:00:15,618.05,0,0,0,0,0,0
INFRA.BSE_IDX,01/07/2025,09:00:23,617.48,0,0,0,0,0,0
INFRA.BSE_IDX,01/07/2025,09:00:31,617.48,0,0,0,0,0,0
INFRA.BSE_IDX,01/07/2025,09:00:39,612.58,0,0,0,0,0,0
INFRA.BSE_IDX,01/07/2025,09:00:47,613.26,0,0,0,0,0,0
INFRA.BSE_IDX,01/07/2025,09:00:55,613.19,0,0,0,0,0,0
INFRA.BSE_IDX,01/07/2025,09:01:03,613.14,0,0,0,0,0,0
INFRA.BSE_IDX,01/07/2025,09:01:11,612.95,0,0,0,0,0,0
INFRA.BSE_IDX,01/07/2025,09:01:19,613.31,0,0,0,0,0,0
INFRA.BSE_IDX,01/07/2025,09:01:27,614.3,0,0,0,0,0,0
INFRA.BSE_IDX,01/07/2025,09:01:35,614.26,0,0,0,0,0,0
INFRA.BSE_IDX,01/07/2025,09:01:43,612.98,0,0,0,0,0,0
INFRA.BSE_IDX,01/07/2025,09:01:51,612.98,0,0,0,0,0,0
INFRA.BSE_IDX,01/07/2025,09:01:59,613.24,0,0,0,0,0,0
INFRA.BSE_IDX,01/07/2025,09:02:07,613.4,0,0,0,0,0,0
INFRA.BSE_IDX,01/07/2025,09:02:15,613.5,0,0,0,0,0,0
INFRA.BSE_IDX,01/07/2025,09:02:23,613.44,0,0,0,0,0,0
INFRA.BSE_IDX,01/07/2025,09:02:31,613.45,0,0,0,0,0,0
INFRA.BSE_IDX,01/07/2025,09:02:39,613.51,0,0,0,0,0,0
INFRA.BSE_IDX,01/07/2025,09:02:47,613.42,0,0,0,0,0,0
INFRA.BSE_IDX,01/07/2025,09:02:55,613.48,0,0,0,0,0,0
INFRA.BSE_IDX,01/07/2025,09:03:03,613.48,0,0,0,0,0,0
INFRA.BSE_IDX,01/07/2025,09:03:11,613.33,0,0,0,0,0,0
INFRA.BSE_IDX,01/07/2025,09:03:19,613.32,0,0,0,0,0,0
INFRA.BSE_IDX,01/07/2025,09:03:27,612.85,0,0,0,0,0,0
INFRA.BSE_IDX,01/07/2025,09:03:35,612.81,0,0,0,0,0,0
INFRA.BSE_IDX,01/07/2025,09:03:43,612.83,0,0,0,0,0,0
INFRA.BSE_IDX,01/07/2025,09:03:51,612.86,0,0,0,0,0,0
INFRA.BSE_IDX,01/07/2025,09:03:59,613.31,0,0,0,0,0,0
INFRA.BSE_IDX,01/07/2025,09:04:07,613.38,0,0,0,0,0,0
INFRA.BSE_IDX,01/07/2025,09:04:15,613.43,0,0,0,0,0,0
INFRA.BSE_IDX,01/07/2025,09:04:23,613.26,0,0,0,0,0,0
INFRA.BSE_IDX,01/07/2025,09:04:31,613.61,0,0,0,0,0,0
INFRA.BSE_IDX,01/07/2025,09:04:39,613.59,0,0,0,0,0,0
INFRA.BSE_IDX,01/07/2025,09:04:47,613.55,0,0,0,0,0,0
INFRA.BSE_IDX,01/07/2025,09:04:55,613.59,0,0,0,0,0,0
INFRA.BSE_IDX,01/07/2025,09:05:03,613.49,0,0,0,0,0,0
INFRA.BSE_IDX,01/07/2025,09:05:11,614.73,0,0,0,0,0,0
INFRA.BSE_IDX,01/07/2025,09:05:19,613.76,0,0,0,0,0,0
INFRA.BSE_IDX,01/07/2025,09:05:27,613.6,0,0,0,0,0,0
INFRA.BSE_IDX,01/07/2025,09:05:35,613.96,0,0,0,0,0,0
INFRA.BSE_IDX,01/07/2025,09:05:43,613.78,0,0,0,0,0,0
INFRA.BSE_IDX,01/07/2025,09:05:51,614.47,0,0,0,0,0,0
INFRA.BSE_IDX,01/07/2025,09:05:59,613.78,0,0,0,0,0,0
INFRA.BSE_IDX,01/07/2025,09:06:07,613.75,0,0,0,0,0,0
INFRA.BSE_IDX,01/07/2025,09:06:15,613.81,0,0,0,0,0,0
INFRA.BSE_IDX,01/07/2025,09:06:23,613.95,0,0,0,0,0,0
INFRA.BSE_IDX,01/07/2025,09:06:31,613.82,0,0,0,0,0,0
INFRA.BSE_IDX,01/07/2025,09:06:39,613.6,0,0,0,0,0,0
INFRA.BSE_IDX,01/07/2025,09:06:47,613.66,0,0,0,0,0,0
INFRA.BSE_IDX,01/07/2025,09:06:55,613.93,0,0,0,0,0,0
INFRA.BSE_IDX,01/07/2025,09:07:04,614.06,0,0,0,0,0,0
INFRA.BSE_IDX,01/07/2025,09:07:11,614.06,0,0,0,0,0,0
INFRA.BSE_IDX,01/07/2025,09:07:19,614.06,0,0,0,0,0,0
INFRA.BSE_IDX,01/07/2025,09:07:27,614.06,0,0,0,0,0,0
INFRA.BSE_IDX,01/07/2025,09:07:35,614.06,0,0,0,0,0,0
INFRA.BSE_IDX,01/07/2025,09:07:43,614.06,0,0,0,0,0,0
INFRA.BSE_IDX,01/07/2025,09:07:51,614.06,0,0,0,0,0,0
INFRA.BSE_IDX,01/07/2025,09:07:59,614.06,0,0,0,0,0,0
INFRA.BSE_IDX,01/07/2025,09:08:07,614.06,0,0,0,0,0,0
INFRA.BSE_IDX,01/07/2025,09:08:15,614.06,0,0,0,0,0,0
INFRA.BSE_IDX,01/07/2025,09:08:23,614.06,0,0,0,0,0,0
INFRA.BSE_IDX,01/07/2025,09:08:31,614.06,0,0,0,0,0,0
INFRA.BSE_IDX,01/07/2025,09:08:39,614.06,0,0,0,0,0,0
INFRA.BSE_IDX,01/07/2025,09:08:47,614.06,0,0,0,0,0,0
INFRA.BSE_IDX,01/07/2025,09:08:55,614.06,0,0,0,0,0,0
INFRA.BSE_IDX,01/07/2025,09:09:03,614.05,0,0,0,0,0,0
INFRA.BSE_IDX,01/07/2025,09:09:11,614.05,0,0,0,0,0,0
INFRA.BSE_IDX,01/07/2025,09:09:19,614.05,0,0,0,0,0,0
INFRA.BSE_IDX,01/07/2025,09:09:27,614.05,0,0,0,0,0,0
INFRA.BSE_IDX,01/07/2025,09:09:35,614.05,0,0,0,0,0,0
INFRA.BSE_IDX,01/07/2025,09:09:43,614.05,0,0,0,0,0,0
INFRA.BSE_IDX,01/07/2025,09:09:51,614.05,0,0,0,0,0,0
INFRA.BSE_IDX,01/07/2025,09:09:59,614.05,0,0,0,0,0,0
INFRA.BSE_IDX,01/07/2025,09:10:07,614.05,0,0,0,0,0,0
INFRA.BSE_IDX,01/07/2025,09:10:15,614.05,0,0,0,0,0,0
INFRA.BSE_IDX,01/07/2025,09:10:23,614.05,0,0,0,0,0,0
INFRA.BSE_IDX,01/07/2025,09:10:31,614.05,0,0,0,0,0,0
INFRA.BSE_IDX,01/07/2025,09:10:39,614.05,0,0,0,0,0,0
INFRA.BSE_IDX,01/07/2025,09:10:47,614.05,0,0,0,0,0,0
INFRA.BSE_IDX,01/07/2025,09:10:55,614.05,0,0,0,0,0,0
INFRA.BSE_IDX,01/07/2025,09:11:03,614.05,0,0,0,0,0,0
INFRA.BSE_IDX,01/07/2025,09:11:11,614.05,0,0,0,0,0,0
INFRA.BSE_IDX,01/07/2025,09:11:19,614.05,0,0,0,0,0,0
INFRA.BSE_IDX,01/07/2025,09:11:27,614.05,0,0,0,0,0,0
INFRA.BSE_IDX,01/07/2025,09:11:35,614.05,0,0,0,0,0,0
INFRA.BSE_IDX,01/07/2025,09:11:43,614.05,0,0,0,0,0,0
INFRA.BSE_IDX,01/07/2025,09:11:51,614.05,0,0,0,0,0,0
INFRA.BSE_IDX,01/07/2025,09:11:59,614.05,0,0,0,0,0,0
INFRA.BSE_IDX,01/07/2025,09:12:07,614.05,0,0,0,0,0,0
INFRA.BSE_IDX,01/07/2025,09:12:16,614.05,0,0,0,0,0,0
INFRA.BSE_IDX,01/07/2025,09:12:23,614.05,0,0,0,0,0,0
INFRA.BSE_IDX,01/07/2025,09:12:31,614.05,0,0,0,0,0,0
INFRA.BSE_IDX,01/07/2025,09:12:39,614.05,0,0,0,0,0,0
INFRA.BSE_IDX,01/07/2025,09:12:47,614.05,0,0,0,0,0,0
INFRA.BSE_IDX,01/07/2025,09:12:55,614.05,0,0,0,0,0,0
INFRA.BSE_IDX,01/07/2025,09:13:03,614.05,0,0,0,0,0,0
INFRA.BSE_IDX,01/07/2025,09:13:11,614.05,0,0,0,0,0,0
INFRA.BSE_IDX,01/07/2025,09:13:19,614.05,0,0,0,0,0,0
INFRA.BSE_IDX,01/07/2025,09:13:27,614.05,0,0,0,0,0,0
INFRA.BSE_IDX,01/07/2025,09:13:35,614.05,0,0,0,0,0,0
INFRA.BSE_IDX,01/07/2025,09:13:43,614.05,0,0,0,0,0,0
INFRA.BSE_IDX,01/07/2025,09:13:51,614.05,0,0,0,0,0,0
INFRA.BSE_IDX,01/07/2025,09:13:59,614.05,0,0,0,0,0,0
INFRA.BSE_IDX,01/07/2025,09:14:07,614.05,0,0,0,0,0,0
INFRA.BSE_IDX,01/07/2025,09:14:15,614.05,0,0,0,0,0,0
INFRA.BSE_IDX,01/07/2025,09:14:23,614.05,0,0,0,0,0,0
INFRA.BSE_IDX,01/07/2025,09:14:31,614.05,0,0,0,0,0,0
INFRA.BSE_IDX,01/07/2025,09:14:39,614.05,0,0,0,0,0,0
INFRA.BSE_IDX,01/07/2025,09:14:47,614.05,0,0,0,0,0,0
INFRA.BSE_IDX,01/07/2025,09:14:55,614.05,0,0,0,0,0,0
INFRA.BSE_IDX,01/07/2025,09:15:04,613.94,0,0,0,0,0,0
INFRA.BSE_IDX,01/07/2025,09:15:11,613.93,0,0,0,0,0,0
INFRA.BSE_IDX,01/07/2025,09:15:19,614,0,0,0,0,0,0
INFRA.BSE_IDX,01/07/2025,09:15:27,613.48,0,0,0,0,0,0
INFRA.BSE_IDX,01/07/2025,09:15:35,613.4,0,0,0,0,0,0
INFRA.BSE_IDX,01/07/2025,09:15:43,613.32,0,0,0,0,0,0
INFRA.BSE_IDX,01/07/2025,09:15:51,613.47,0,0,0,0,0,0
INFRA.BSE_IDX,01/07/2025,09:15:59,613.56,0,0,0,0,0,0
INFRA.BSE_IDX,01/07/2025,09:16:07,613.19,0,0,0,0,0,0
INFRA.BSE_IDX,01/07/2025,09:16:15,613.42,0,0,0,0,0,0
INFRA.BSE_IDX,01/07/2025,09:16:24,613.72,0,0,0,0,0,0
INFRA.BSE_IDX,01/07/2025,09:16:31,613.65,0,0,0,0,0,0
INFRA.BSE_IDX,01/07/2025,09:16:39,613.8,0,0,0,0,0,0
INFRA.BSE_IDX,01/07/2025,09:16:48,613.84,0,0,0,0,0,0
INFRA.BSE_IDX,01/07/2025,09:16:55,613.82,0,0,0,0,0,0
INFRA.BSE_IDX,01/07/2025,09:17:03,613.75,0,0,0,0,0,0
INFRA.BSE_IDX,01/07/2025,09:17:12,613.89,0,0,0,0,0,0
INFRA.BSE_IDX,01/07/2025,09:17:19,613.73,0,0,0,0,0,0
INFRA.BSE_IDX,01/07/2025,09:17:27,613.75,0,0,0,0,0,0
INFRA.BSE_IDX,01/07/2025,09:17:35,613.75,0,0,0,0,0,0
INFRA.BSE_IDX,01/07/2025,09:17:44,613.8,0,0,0,0,0,0
INFRA.BSE_IDX,01/07/2025,09:17:51,613.89,0,0,0,0,0,0
INFRA.BSE_IDX,01/07/2025,09:17:59,613.84,0,0,0,0,0,0
INFRA.BSE_IDX,01/07/2025,09:18:07,613.97,0,0,0,0,0,0
INFRA.BSE_IDX,01/07/2025,09:18:15,613.92,0,0,0,0,0,0
INFRA.BSE_IDX,01/07/2025,09:18:23,614.01,0,0,0,0,0,0
INFRA.BSE_IDX,01/07/2025,09:18:31,613.85,0,0,0,0,0,0
INFRA.BSE_IDX,01/07/2025,09:18:39,614.08,0,0,0,0,0,0
INFRA.BSE_IDX,01/07/2025,09:18:47,614.03,0,0,0,0,0,0
INFRA.BSE_IDX,01/07/2025,09:18:56,614.04,0,0,0,0,0,0
INFRA.BSE_IDX,01/07/2025,09:19:03,613.98,0,0,0,0,0,0
INFRA.BSE_IDX,01/07/2025,09:19:11,613.85,0,0,0,0,0,0
INFRA.BSE_IDX,01/07/2025,09:19:19,614.01,0,0,0,0,0,0
INFRA.BSE_IDX,01/07/2025,09:19:28,613.97,0,0,0,0,0,0
INFRA.BSE_IDX,01/07/2025,09:19:35,614.07,0,0,0,0,0,0
INFRA.BSE_IDX,01/07/2025,09:19:43,614.04,0,0,0,0,0,0
INFRA.BSE_IDX,01/07/2025,09:19:52,614.04,0,0,0,0,0,0
INFRA.BSE_IDX,01/07/2025,09:19:59,614.15,0,0,0,0,0,0
INFRA.BSE_IDX,01/07/2025,09:20:07,614.09,0,0,0,0,0,0
INFRA.BSE_IDX,01/07/2025,09:20:15,614.03,0,0,0,0,0,0
INFRA.BSE_IDX,01/07/2025,09:20:24,614.08,0,0,0,0,0,0
INFRA.BSE_IDX,01/07/2025,09:20:31,614.02,0,0,0,0,0,0
INFRA.BSE_IDX,01/07/2025,09:20:39,613.98,0,0,0,0,0,0
INFRA.BSE_IDX,01/07/2025,09:20:47,614.17,0,0,0,0,0,0
INFRA.BSE_IDX,01/07/2025,09:20:55,614.04,0,0,0,0,0,0
INFRA.BSE_IDX,01/07/2025,09:21:03,614.01,0,0,0,0,0,0
INFRA.BSE_IDX,01/07/2025,09:21:11,613.99,0,0,0,0,0,0
INFRA.BSE_IDX,01/07/2025,09:21:19,614.26,0,0,0,0,0,0
INFRA.BSE_IDX,01/07/2025,09:21:27,614.14,0,0,0,0,0,0
INFRA.BSE_IDX,01/07/2025,09:21:36,613.99,0,0,0,0,0,0
INFRA.BSE_IDX,01/07/2025,09:21:43,614.03,0,0,0,0,0,0
INFRA.BSE_IDX,01/07/2025,09:21:51,614.1,0,0,0,0,0,0
INFRA.BSE_IDX,01/07/2025,09:21:59,614.07,0,0,0,0,0,0
INFRA.BSE_IDX,01/07/2025,09:22:07,614.02,0,0,0,0,0,0
INFRA.BSE_IDX,01/07/2025,09:22:15,614.09,0,0,0,0,0,0
INFRA.BSE_IDX,01/07/2025,09:22:23,614.2,0,0,0,0,0,0
INFRA.BSE_IDX,01/07/2025,09:22:31,614.3,0,0,0,0,0,0
INFRA.BSE_IDX,01/07/2025,09:22:39,614.43,0,0,0,0,0,0
INFRA.BSE_IDX,01/07/2025,09:22:47,614.45,0,0,0,0,0,0
INFRA.BSE_IDX,01/07/2025,09:22:55,614.48,0,0,0,0,0,0
INFRA.BSE_IDX,01/07/2025,09:23:03,614.54,0,0,0,0,0,0
INFRA.BSE_IDX,01/07/2025,09:23:11,614.57,0,0,0,0,0,0
INFRA.BSE_IDX,01/07/2025,09:23:19,614.58,0,0,0,0,0,0
INFRA.BSE_IDX,01/07/2025,09:23:27,614.49,0,0,0,0,0,0
INFRA.BSE_IDX,01/07/2025,09:23:35,614.41,0,0,0,0,0,0
INFRA.BSE_IDX,01/07/2025,09:23:44,614.34,0,0,0,0,0,0
INFRA.BSE_IDX,01/07/2025,09:23:51,614.19,0,0,0,0,0,0
INFRA.BSE_IDX,01/07/2025,09:23:59,614.24,0,0,0,0,0,0
INFRA.BSE_IDX,01/07/2025,09:24:08,614.09,0,0,0,0,0,0
INFRA.BSE_IDX,01/07/2025,09:24:15,614.09,0,0,0,0,0,0
INFRA.BSE_IDX,01/07/2025,09:24:23,614.05,0,0,0,0,0,0
INFRA.BSE_IDX,01/07/2025,09:24:32,614.15,0,0,0,0,0,0
INFRA.BSE_IDX,01/07/2025,09:24:39,614.15,0,0,0,0,0,0
INFRA.BSE_IDX,01/07/2025,09:24:48,614.1,0,0,0,0,0,0
INFRA.BSE_IDX,01/07/2025,09:24:57,614.13,0,0,0,0,0,0
INFRA.BSE_IDX,01/07/2025,09:25:03,614,0,0,0,0,0,0
INFRA.BSE_IDX,01/07/2025,09:25:12,613.98,0,0,0,0,0,0
INFRA.BSE_IDX,01/07/2025,09:25:19,614.03,0,0,0,0,0,0
INFRA.BSE_IDX,01/07/2025,09:25:29,614.05,0,0,0,0,0,0
INFRA.BSE_IDX,01/07/2025,09:25:35,614.04,0,0,0,0,0,0
INFRA.BSE_IDX,01/07/2025,09:25:43,614.07,0,0,0,0,0,0
INFRA.BSE_IDX,01/07/2025,09:25:51,613.97,0,0,0,0,0,0
INFRA.BSE_IDX,01/07/2025,09:25:59,613.98,0,0,0,0,0,0
INFRA.BSE_IDX,01/07/2025,09:26:08,613.97,0,0,0,0,0,0
INFRA.BSE_IDX,01/07/2025,09:26:15,613.94,0,0,0,0,0,0
INFRA.BSE_IDX,01/07/2025,09:26:23,613.8,0,0,0,0,0,0
INFRA.BSE_IDX,01/07/2025,09:26:31,613.8,0,0,0,0,0,0
INFRA.BSE_IDX,01/07/2025,09:26:39,613.73,0,0,0,0,0,0
INFRA.BSE_IDX,01/07/2025,09:26:48,613.76,0,0,0,0,0,0
INFRA.BSE_IDX,01/07/2025,09:26:55,613.84,0,0,0,0,0,0
INFRA.BSE_IDX,01/07/2025,09:27:04,614.01,0,0,0,0,0,0
INFRA.BSE_IDX,01/07/2025,09:27:12,613.96,0,0,0,0,0,0
INFRA.BSE_IDX,01/07/2025,09:27:19,613.83,0,0,0,0,0,0
INFRA.BSE_IDX,01/07/2025,09:27:28,613.84,0,0,0,0,0,0
INFRA.BSE_IDX,01/07/2025,09:27:36,613.77,0,0,0,0,0,0
INFRA.BSE_IDX,01/07/2025,09:27:44,613.73,0,0,0,0,0,0
INFRA.BSE_IDX,01/07/2025,09:27:51,613.73,0,0,0,0,0,0
INFRA.BSE_IDX,01/07/2025,09:28:00,613.72,0,0,0,0,0,0
INFRA.BSE_IDX,01/07/2025,09:28:08,613.51,0,0,0,0,0,0
INFRA.BSE_IDX,01/07/2025,09:28:16,613.28,0,0,0,0,0,0
INFRA.BSE_IDX,01/07/2025,09:28:24,613.21,0,0,0,0,0,0
INFRA.BSE_IDX,01/07/2025,09:28:32,613.01,0,0,0,0,0,0
INFRA.BSE_IDX,01/07/2025,09:28:40,613.12,0,0,0,0,0,0
INFRA.BSE_IDX,01/07/2025,09:28:48,613.01,0,0,0,0,0,0
INFRA.BSE_IDX,01/07/2025,09:28:56,612.92,0,0,0,0,0,0
INFRA.BSE_IDX,01/07/2025,09:29:04,612.9,0,0,0,0,0,0
INFRA.BSE_IDX,01/07/2025,09:29:12,612.84,0,0,0,0,0,0
INFRA.BSE_IDX,01/07/2025,09:29:20,612.71,0,0,0,0,0,0
INFRA.BSE_IDX,01/07/2025,09:29:28,612.66,0,0,0,0,0,0
INFRA.BSE_IDX,01/07/2025,09:29:36,612.7,0,0,0,0,0,0
INFRA.BSE_IDX,01/07/2025,09:29:44,612.72,0,0,0,0,0,0
INFRA.BSE_IDX,01/07/2025,09:29:52,612.68,0,0,0,0,0,0
INFRA.BSE_IDX,01/07/2025,09:30:00,612.78,0,0,0,0,0,0
INFRA.BSE_IDX,01/07/2025,09:30:08,612.92,0,0,0,0,0,0
INFRA.BSE_IDX,01/07/2025,09:30:16,613.07,0,0,0,0,0,0
INFRA.BSE_IDX,01/07/2025,09:30:24,613.15,0,0,0,0,0,0
INFRA.BSE_IDX,01/07/2025,09:30:32,613.42,0,0,0,0,0,0
INFRA.BSE_IDX,01/07/2025,09:30:40,613.37,0,0,0,0,0,0
INFRA.BSE_IDX,01/07/2025,09:30:48,613.38,0,0,0,0,0,0
INFRA.BSE_IDX,01/07/2025,09:30:56,613.04,0,0,0,0,0,0
INFRA.BSE_IDX,01/07/2025,09:31:04,613.06,0,0,0,0,0,0
INFRA.BSE_IDX,01/07/2025,09:31:12,612.82,0,0,0,0,0,0
INFRA.BSE_IDX,01/07/2025,09:31:20,612.7,0,0,0,0,0,0
INFRA.BSE_IDX,01/07/2025,09:31:28,612.63,0,0,0,0,0,0
INFRA.BSE_IDX,01/07/2025,09:31:36,612.58,0,0,0,0,0,0
INFRA.BSE_IDX,01/07/2025,09:31:44,612.52,0,0,0,0,0,0
INFRA.BSE_IDX,01/07/2025,09:31:52,612.53,0,0,0,0,0,0
INFRA.BSE_IDX,01/07/2025,09:32:00,612.66,0,0,0,0,0,0
INFRA.BSE_IDX,01/07/2025,09:32:08,612.52,0,0,0,0,0,0
INFRA.BSE_IDX,01/07/2025,09:32:16,612.48,0,0,0,0,0,0
INFRA.BSE_IDX,01/07/2025,09:32:24,612.43,0,0,0,0,0,0
INFRA.BSE_IDX,01/07/2025,09:32:32,612.46,0,0,0,0,0,0
INFRA.BSE_IDX,01/07/2025,09:32:40,612.6,0,0,0,0,0,0
INFRA.BSE_IDX,01/07/2025,09:32:48,612.7,0,0,0,0,0,0
INFRA.BSE_IDX,01/07/2025,09:32:56,612.81,0,0,0,0,0,0
INFRA.BSE_IDX,01/07/2025,09:33:04,612.85,0,0,0,0,0,0
INFRA.BSE_IDX,01/07/2025,09:33:12,612.89,0,0,0,0,0,0
INFRA.BSE_IDX,01/07/2025,09:33:20,612.91,0,0,0,0,0,0
INFRA.BSE_IDX,01/07/2025,09:33:28,612.95,0,0,0,0,0,0
INFRA.BSE_IDX,01/07/2025,09:33:36,612.96,0,0,0,0,0,0
INFRA.BSE_IDX,01/07/2025,09:33:44,612.95,0,0,0,0,0,0
INFRA.BSE_IDX,01/07/2025,09:33:52,612.9,0,0,0,0,0,0
INFRA.BSE_IDX,01/07/2025,09:34:00,612.94,0,0,0,0,0,0
INFRA.BSE_IDX,01/07/2025,09:34:08,612.87,0,0,0,0,0,0
INFRA.BSE_IDX,01/07/2025,09:34:16,612.87,0,0,0,0,0,0
INFRA.BSE_IDX,01/07/2025,09:34:24,612.91,0,0,0,0,0,0
INFRA.BSE_IDX,01/07/2025,09:34:32,612.99,0,0,0,0,0,0
INFRA.BSE_IDX,01/07/2025,09:34:40,612.92,0,0,0,0,0,0
INFRA.BSE_IDX,01/07/2025,09:34:48,613.07,0,0,0,0,0,0
INFRA.BSE_IDX,01/07/2025,09:34:56,613.09,0,0,0,0,0,0
INFRA.BSE_IDX,01/07/2025,09:35:05,612.93,0,0,0,0,0,0
INFRA.BSE_IDX,01/07/2025,09:35:12,612.95,0,0,0,0,0,0
INFRA.BSE_IDX,01/07/2025,09:35:20,613.03,0,0,0,0,0,0
INFRA.BSE_IDX,01/07/2025,09:35:28,612.97,0,0,0,0,0,0
INFRA.BSE_IDX,01/07/2025,09:35:36,613.01,0,0,0,0,0,0
INFRA.BSE_IDX,01/07/2025,09:35:44,613.05,0,0,0,0,0,0
INFRA.BSE_IDX,01/07/2025,09:35:52,613.13,0,0,0,0,0,0
INFRA.BSE_IDX,01/07/2025,09:36:00,613.16,0,0,0,0,0,0
INFRA.BSE_IDX,01/07/2025,09:36:08,613.03,0,0,0,0,0,0
INFRA.BSE_IDX,01/07/2025,09:36:16,613.08,0,0,0,0,0,0
INFRA.BSE_IDX,01/07/2025,09:36:24,612.99,0,0,0,0,0,0
INFRA.BSE_IDX,01/07/2025,09:36:33,612.92,0,0,0,0,0,0
INFRA.BSE_IDX,01/07/2025,09:36:40,612.65,0,0,0,0,0,0
INFRA.BSE_IDX,01/07/2025,09:36:48,612.7,0,0,0,0,0,0
INFRA.BSE_IDX,01/07/2025,09:36:56,612.69,0,0,0,0,0,0
INFRA.BSE_IDX,01/07/2025,09:37:04,612.72,0,0,0,0,0,0
INFRA.BSE_IDX,01/07/2025,09:37:12,612.72,0,0,0,0,0,0
INFRA.BSE_IDX,01/07/2025,09:37:20,612.74,0,0,0,0,0,0
INFRA.BSE_IDX,01/07/2025,09:37:28,612.77,0,0,0,0,0,0
INFRA.BSE_IDX,01/07/2025,09:37:36,612.8,0,0,0,0,0,0
INFRA.BSE_IDX,01/07/2025,09:37:44,612.77,0,0,0,0,0,0
INFRA.BSE_IDX,01/07/2025,09:37:52,612.82,0,0,0,0,0,0
INFRA.BSE_IDX,01/07/2025,09:38:00,612.78,0,0,0,0,0,0
INFRA.BSE_IDX,01/07/2025,09:38:08,612.78,0,0,0,0,0,0
INFRA.BSE_IDX,01/07/2025,09:38:16,612.54,0,0,0,0,0,0
INFRA.BSE_IDX,01/07/2025,09:38:24,612.64,0,0,0,0,0,0
INFRA.BSE_IDX,01/07/2025,09:38:32,612.5,0,0,0,0,0,0
INFRA.BSE_IDX,01/07/2025,09:38:40,612.4,0,0,0,0,0,0
INFRA.BSE_IDX,01/07/2025,09:38:48,612.39,0,0,0,0,0,0
INFRA.BSE_IDX,01/07/2025,09:38:56,612.28,0,0,0,0,0,0
INFRA.BSE_IDX,01/07/2025,09:39:04,612.19,0,0,0,0,0,0
INFRA.BSE_IDX,01/07/2025,09:39:12,612.21,0,0,0,0,0,0
INFRA.BSE_IDX,01/07/2025,09:39:20,612.26,0,0,0,0,0,0
INFRA.BSE_IDX,01/07/2025,09:39:28,612.27,0,0,0,0,0,0
INFRA.BSE_IDX,01/07/2025,09:39:36,612.3,0,0,0,0,0,0
INFRA.BSE_IDX,01/07/2025,09:39:44,612.33,0,0,0,0,0,0
INFRA.BSE_IDX,01/07/2025,09:39:52,612.31,0,0,0,0,0,0
INFRA.BSE_IDX,01/07/2025,09:40:00,612.29,0,0,0,0,0,0
INFRA.BSE_IDX,01/07/2025,09:40:08,612.29,0,0,0,0,0,0
INFRA.BSE_IDX,01/07/2025,09:40:16,612.42,0,0,0,0,0,0
INFRA.BSE_IDX,01/07/2025,09:40:24,612.49,0,0,0,0,0,0
INFRA.BSE_IDX,01/07/2025,09:40:32,612.49,0,0,0,0,0,0
INFRA.BSE_IDX,01/07/2025,09:40:40,612.44,0,0,0,0,0,0
INFRA.BSE_IDX,01/07/2025,09:40:48,612.5,0,0,0,0,0,0
INFRA.BSE_IDX,01/07/2025,09:40:56,612.33,0,0,0,0,0,0
INFRA.BSE_IDX,01/07/2025,09:41:04,612.18,0,0,0,0,0,0
INFRA.BSE_IDX,01/07/2025,09:41:12,612.25,0,0,0,0,0,0
INFRA.BSE_IDX,01/07/2025,09:41:20,612.27,0,0,0,0,0,0
INFRA.BSE_IDX,01/07/2025,09:41:28,612.29,0,0,0,0,0,0
INFRA.BSE_IDX,01/07/2025,09:41:36,612.43,0,0,0,0,0,0
INFRA.BSE_IDX,01/07/2025,09:41:44,612.39,0,0,0,0,0,0
INFRA.BSE_IDX,01/07/2025,09:41:52,612.34,0,0,0,0,0,0
INFRA.BSE_IDX,01/07/2025,09:42:00,612.31,0,0,0,0,0,0
INFRA.BSE_IDX,01/07/2025,09:42:08,612.32,0,0,0,0,0,0
INFRA.BSE_IDX,01/07/2025,09:42:16,612.12,0,0,0,0,0,0
INFRA.BSE_IDX,01/07/2025,09:42:24,612.05,0,0,0,0,0,0
INFRA.BSE_IDX,01/07/2025,09:42:32,612.06,0,0,0,0,0,0
INFRA.BSE_IDX,01/07/2025,09:42:40,612.12,0,0,0,0,0,0
INFRA.BSE_IDX,01/07/2025,09:42:48,612.15,0,0,0,0,0,0
INFRA.BSE_IDX,01/07/2025,09:42:56,612.27,0,0,0,0,0,0
INFRA.BSE_IDX,01/07/2025,09:43:04,612.19,0,0,0,0,0,0
INFRA.BSE_IDX,01/07/2025,09:43:12,612.18,0,0,0,0,0,0
INFRA.BSE_IDX,01/07/2025,09:43:20,612.11,0,0,0,0,0,0
INFRA.BSE_IDX,01/07/2025,09:43:28,612.1,0,0,0,0,0,0
INFRA.BSE_IDX,01/07/2025,09:43:36,612.08,0,0,0,0,0,0
INFRA.BSE_IDX,01/07/2025,09:43:44,612.09,0,0,0,0,0,0
INFRA.BSE_IDX,01/07/2025,09:43:53,612.06,0,0,0,0,0,0
INFRA.BSE_IDX,01/07/2025,09:44:00,612.07,0,0,0,0,0,0
INFRA.BSE_IDX,01/07/2025,09:44:08,612.05,0,0,0,0,0,0
INFRA.BSE_IDX,01/07/2025,09:44:16,612,0,0,0,0,0,0
INFRA.BSE_IDX,01/07/2025,09:44:24,612.06,0,0,0,0,0,0
INFRA.BSE_IDX,01/07/2025,09:44:32,612,0,0,0,0,0,0
INFRA.BSE_IDX,01/07/2025,09:44:40,611.98,0,0,0,0,0,0
INFRA.BSE_IDX,01/07/2025,09:44:48,611.94,0,0,0,0,0,0
INFRA.BSE_IDX,01/07/2025,09:44:56,611.79,0,0,0,0,0,0
INFRA.BSE_IDX,01/07/2025,09:45:05,611.59,0,0,0,0,0,0
INFRA.BSE_IDX,01/07/2025,09:45:12,611.45,0,0,0,0,0,0
INFRA.BSE_IDX,01/07/2025,09:45:20,611.38,0,0,0,0,0,0
INFRA.BSE_IDX,01/07/2025,09:45:28,611.48,0,0,0,0,0,0
INFRA.BSE_IDX,01/07/2025,09:45:36,611.44,0,0,0,0,0,0
INFRA.BSE_IDX,01/07/2025,09:45:44,611.36,0,0,0,0,0,0
INFRA.BSE_IDX,01/07/2025,09:45:52,611.39,0,0,0,0,0,0
INFRA.BSE_IDX,01/07/2025,09:46:01,611.44,0,0,0,0,0,0
INFRA.BSE_IDX,01/07/2025,09:46:08,611.38,0,0,0,0,0,0
INFRA.BSE_IDX,01/07/2025,09:46:16,611.39,0,0,0,0,0,0
INFRA.BSE_IDX,01/07/2025,09:46:24,611.48,0,0,0,0,0,0
INFRA.BSE_IDX,01/07/2025,09:46:32,611.46,0,0,0,0,0,0
INFRA.BSE_IDX,01/07/2025,09:46:40,611.45,0,0,0,0,0,0
INFRA.BSE_IDX,01/07/2025,09:46:48,611.46,0,0,0,0,0,0
INFRA.BSE_IDX,01/07/2025,09:46:56,611.48,0,0,0,0,0,0
INFRA.BSE_IDX,01/07/2025,09:47:04,611.41,0,0,0,0,0,0
INFRA.BSE_IDX,01/07/2025,09:47:12,611.46,0,0,0,0,0,0
INFRA.BSE_IDX,01/07/2025,09:47:20,611.42,0,0,0,0,0,0
INFRA.BSE_IDX,01/07/2025,09:47:28,611.48,0,0,0,0,0,0
INFRA.BSE_IDX,01/07/2025,09:47:36,611.38,0,0,0,0,0,0
INFRA.BSE_IDX,01/07/2025,09:47:44,611.42,0,0,0,0,0,0
INFRA.BSE_IDX,01/07/2025,09:47:52,611.51,0,0,0,0,0,0
INFRA.BSE_IDX,01/07/2025,09:48:00,611.63,0,0,0,0,0,0
INFRA.BSE_IDX,01/07/2025,09:48:08,611.62,0,0,0,0,0,0
INFRA.BSE_IDX,01/07/2025,09:48:16,611.66,0,0,0,0,0,0
INFRA.BSE_IDX,01/07/2025,09:48:24,611.8,0,0,0,0,0,0
INFRA.BSE_IDX,01/07/2025,09:48:32,611.82,0,0,0,0,0,0
INFRA.BSE_IDX,01/07/2025,09:48:40,611.79,0,0,0,0,0,0
INFRA.BSE_IDX,01/07/2025,09:48:48,611.68,0,0,0,0,0,0
INFRA.BSE_IDX,01/07/2025,09:48:56,611.72,0,0,0,0,0,0
INFRA.BSE_IDX,01/07/2025,09:49:04,611.77,0,0,0,0,0,0
INFRA.BSE_IDX,01/07/2025,09:49:12,611.89,0,0,0,0,0,0
INFRA.BSE_IDX,01/07/2025,09:49:20,611.91,0,0,0,0,0,0
INFRA.BSE_IDX,01/07/2025,09:49:28,611.96,0,0,0,0,0,0
INFRA.BSE_IDX,01/07/2025,09:49:36,611.95,0,0,0,0,0,0
INFRA.BSE_IDX,01/07/2025,09:49:44,611.96,0,0,0,0,0,0
INFRA.BSE_IDX,01/07/2025,09:49:52,611.93,0,0,0,0,0,0
INFRA.BSE_IDX,01/07/2025,09:50:00,611.87,0,0,0,0,0,0
INFRA.BSE_IDX,01/07/2025,09:50:08,611.91,0,0,0,0,0,0
INFRA.BSE_IDX,01/07/2025,09:50:16,612.06,0,0,0,0,0,0
INFRA.BSE_IDX,01/07/2025,09:50:24,611.97,0,0,0,0,0,0
INFRA.BSE_IDX,01/07/2025,09:50:32,612.03,0,0,0,0,0,0
INFRA.BSE_IDX,01/07/2025,09:50:40,611.92,0,0,0,0,0,0
INFRA.BSE_IDX,01/07/2025,09:50:48,612.03,0,0,0,0,0,0
INFRA.BSE_IDX,01/07/2025,09:50:57,611.92,0,0,0,0,0,0
INFRA.BSE_IDX,01/07/2025,09:51:04,611.93,0,0,0,0,0,0
INFRA.BSE_IDX,01/07/2025,09:51:12,612.07,0,0,0,0,0,0
INFRA.BSE_IDX,01/07/2025,09:51:20,612.04,0,0,0,0,0,0
INFRA.BSE_IDX,01/07/2025,09:51:28,611.96,0,0,0,0,0,0
INFRA.BSE_IDX,01/07/2025,09:51:37,611.92,0,0,0,0,0,0
INFRA.BSE_IDX,01/07/2025,09:51:44,611.93,0,0,0,0,0,0
INFRA.BSE_IDX,01/07/2025,09:51:52,611.89,0,0,0,0,0,0
INFRA.BSE_IDX,01/07/2025,09:52:01,611.94,0,0,0,0,0,0
INFRA.BSE_IDX,01/07/2025,09:52:08,611.9,0,0,0,0,0,0
INFRA.BSE_IDX,01/07/2025,09:52:17,611.85,0,0,0,0,0,0
INFRA.BSE_IDX,01/07/2025,09:52:24,611.71,0,0,0,0,0,0
INFRA.BSE_IDX,01/07/2025,09:52:32,611.73,0,0,0,0,0,0
INFRA.BSE_IDX,01/07/2025,09:52:40,611.85,0,0,0,0,0,0
INFRA.BSE_IDX,01/07/2025,09:52:48,611.81,0,0,0,0,0,0
INFRA.BSE_IDX,01/07/2025,09:52:57,611.85,0,0,0,0,0,0
INFRA.BSE_IDX,01/07/2025,09:53:04,611.83,0,0,0,0,0,0
INFRA.BSE_IDX,01/07/2025,09:53:13,611.79,0,0,0,0,0,0
INFRA.BSE_IDX,01/07/2025,09:53:20,611.89,0,0,0,0,0,0
INFRA.BSE_IDX,01/07/2025,09:53:28,611.88,0,0,0,0,0,0
INFRA.BSE_IDX,01/07/2025,09:53:36,611.88,0,0,0,0,0,0
INFRA.BSE_IDX,01/07/2025,09:53:44,611.88,0,0,0,0,0,0
INFRA.BSE_IDX,01/07/2025,09:53:52,611.89,0,0,0,0,0,0
INFRA.BSE_IDX,01/07/2025,09:54:00,611.81,0,0,0,0,0,0
INFRA.BSE_IDX,01/07/2025,09:54:08,611.81,0,0,0,0,0,0
INFRA.BSE_IDX,01/07/2025,09:54:16,611.69,0,0,0,0,0,0
INFRA.BSE_IDX,01/07/2025,09:54:24,611.69,0,0,0,0,0,0
INFRA.BSE_IDX,01/07/2025,09:54:32,611.74,0,0,0,0,0,0
INFRA.BSE_IDX,01/07/2025,09:54:40,611.72,0,0,0,0,0,0
INFRA.BSE_IDX,01/07/2025,09:54:48,611.75,0,0,0,0,0,0
INFRA.BSE_IDX,01/07/2025,09:54:56,611.65,0,0,0,0,0,0
INFRA.BSE_IDX,01/07/2025,09:55:04,611.59,0,0,0,0,0,0
INFRA.BSE_IDX,01/07/2025,09:55:12,611.5,0,0,0,0,0,0
INFRA.BSE_IDX,01/07/2025,09:55:20,611.56,0,0,0,0,0,0
INFRA.BSE_IDX,01/07/2025,09:55:28,611.54,0,0,0,0,0,0
INFRA.BSE_IDX,01/07/2025,09:55:36,611.58,0,0,0,0,0,0
INFRA.BSE_IDX,01/07/2025,09:55:44,611.52,0,0,0,0,0,0
INFRA.BSE_IDX,01/07/2025,09:55:52,611.53,0,0,0,0,0,0
INFRA.BSE_IDX,01/07/2025,09:56:00,611.58,0,0,0,0,0,0
INFRA.BSE_IDX,01/07/2025,09:56:08,611.59,0,0,0,0,0,0
INFRA.BSE_IDX,01/07/2025,09:56:16,611.65,0,0,0,0,0,0
INFRA.BSE_IDX,01/07/2025,09:56:25,611.61,0,0,0,0,0,0
INFRA.BSE_IDX,01/07/2025,09:56:32,611.63,0,0,0,0,0,0
INFRA.BSE_IDX,01/07/2025,09:56:41,611.58,0,0,0,0,0,0
INFRA.BSE_IDX,01/07/2025,09:56:48,611.69,0,0,0,0,0,0
INFRA.BSE_IDX,01/07/2025,09:56:57,611.61,0,0,0,0,0,0
INFRA.BSE_IDX,01/07/2025,09:57:04,611.66,0,0,0,0,0,0
INFRA.BSE_IDX,01/07/2025,09:57:12,611.72,0,0,0,0,0,0
INFRA.BSE_IDX,01/07/2025,09:57:20,611.83,0,0,0,0,0,0
INFRA.BSE_IDX,01/07/2025,09:57:28,611.81,0,0,0,0,0,0
INFRA.BSE_IDX,01/07/2025,09:57:36,611.78,0,0,0,0,0,0
INFRA.BSE_IDX,01/07/2025,09:57:44,611.75,0,0,0,0,0,0
INFRA.BSE_IDX,01/07/2025,09:57:52,611.75,0,0,0,0,0,0
INFRA.BSE_IDX,01/07/2025,09:58:00,611.67,0,0,0,0,0,0
INFRA.BSE_IDX,01/07/2025,09:58:08,611.72,0,0,0,0,0,0
INFRA.BSE_IDX,01/07/2025,09:58:16,611.68,0,0,0,0,0,0
INFRA.BSE_IDX,01/07/2025,09:58:24,611.73,0,0,0,0,0,0
INFRA.BSE_IDX,01/07/2025,09:58:32,611.73,0,0,0,0,0,0
INFRA.BSE_IDX,01/07/2025,09:58:40,611.75,0,0,0,0,0,0
INFRA.BSE_IDX,01/07/2025,09:58:48,611.75,0,0,0,0,0,0
INFRA.BSE_IDX,01/07/2025,09:58:56,611.72,0,0,0,0,0,0
INFRA.BSE_IDX,01/07/2025,09:59:05,611.74,0,0,0,0,0,0
INFRA.BSE_IDX,01/07/2025,09:59:12,611.84,0,0,0,0,0,0
INFRA.BSE_IDX,01/07/2025,09:59:20,611.94,0,0,0,0,0,0
INFRA.BSE_IDX,01/07/2025,09:59:28,611.95,0,0,0,0,0,0
INFRA.BSE_IDX,01/07/2025,09:59:36,611.92,0,0,0,0,0,0
INFRA.BSE_IDX,01/07/2025,09:59:45,611.89,0,0,0,0,0,0
INFRA.BSE_IDX,01/07/2025,09:59:52,611.96,0,0,0,0,0,0
INFRA.BSE_IDX,01/07/2025,10:00:00,611.83,0,0,0,0,0,0
INFRA.BSE_IDX,01/07/2025,10:00:08,611.81,0,0,0,0,0,0
INFRA.BSE_IDX,01/07/2025,10:00:16,611.84,0,0,0,0,0,0
INFRA.BSE_IDX,01/07/2025,10:00:24,611.83,0,0,0,0,0,0
INFRA.BSE_IDX,01/07/2025,10:00:32,611.87,0,0,0,0,0,0
INFRA.BSE_IDX,01/07/2025,10:00:40,611.85,0,0,0,0,0,0
INFRA.BSE_IDX,01/07/2025,10:00:48,611.8,0,0,0,0,0,0
INFRA.BSE_IDX,01/07/2025,10:00:56,611.71,0,0,0,0,0,0
INFRA.BSE_IDX,01/07/2025,10:01:04,611.58,0,0,0,0,0,0
INFRA.BSE_IDX,01/07/2025,10:01:12,611.49,0,0,0,0,0,0
INFRA.BSE_IDX,01/07/2025,10:01:21,611.52,0,0,0,0,0,0
INFRA.BSE_IDX,01/07/2025,10:01:28,611.53,0,0,0,0,0,0
INFRA.BSE_IDX,01/07/2025,10:01:36,611.48,0,0,0,0,0,0
INFRA.BSE_IDX,01/07/2025,10:01:44,611.57,0,0,0,0,0,0
INFRA.BSE_IDX,01/07/2025,10:01:52,611.44,0,0,0,0,0,0
INFRA.BSE_IDX,01/07/2025,10:02:00,611.47,0,0,0,0,0,0
INFRA.BSE_IDX,01/07/2025,10:02:08,611.47,0,0,0,0,0,0
INFRA.BSE_IDX,01/07/2025,10:02:16,611.4,0,0,0,0,0,0
INFRA.BSE_IDX,01/07/2025,10:02:24,611.36,0,0,0,0,0,0
INFRA.BSE_IDX,01/07/2025,10:02:32,611.26,0,0,0,0,0,0
INFRA.BSE_IDX,01/07/2025,10:02:41,611.25,0,0,0,0,0,0
INFRA.BSE_IDX,01/07/2025,10:02:49,611.34,0,0,0,0,0,0
INFRA.BSE_IDX,01/07/2025,10:02:56,611.27,0,0,0,0,0,0
INFRA.BSE_IDX,01/07/2025,10:03:04,611.22,0,0,0,0,0,0
INFRA.BSE_IDX,01/07/2025,10:03:13,611.17,0,0,0,0,0,0
INFRA.BSE_IDX,01/07/2025,10:03:20,610.99,0,0,0,0,0,0
INFRA.BSE_IDX,01/07/2025,10:03:29,610.83,0,0,0,0,0,0
INFRA.BSE_IDX,01/07/2025,10:03:37,610.86,0,0,0,0,0,0
INFRA.BSE_IDX,01/07/2025,10:03:45,610.93,0,0,0,0,0,0
INFRA.BSE_IDX,01/07/2025,10:03:53,610.87,0,0,0,0,0,0
INFRA.BSE_IDX,01/07/2025,10:04:01,610.86,0,0,0,0,0,0
INFRA.BSE_IDX,01/07/2025,10:04:09,610.81,0,0,0,0,0,0
INFRA.BSE_IDX,01/07/2025,10:04:17,610.88,0,0,0,0,0,0
INFRA.BSE_IDX,01/07/2025,10:04:25,610.92,0,0,0,0,0,0
INFRA.BSE_IDX,01/07/2025,10:04:33,610.91,0,0,0,0,0,0
INFRA.BSE_IDX,01/07/2025,10:04:41,610.92,0,0,0,0,0,0
INFRA.BSE_IDX,01/07/2025,10:04:50,611.08,0,0,0,0,0,0
INFRA.BSE_IDX,01/07/2025,10:04:57,611.01,0,0,0,0,0,0
INFRA.BSE_IDX,01/07/2025,10:05:05,610.95,0,0,0,0,0,0
INFRA.BSE_IDX,01/07/2025,10:05:14,610.92,0,0,0,0,0,0
INFRA.BSE_IDX,01/07/2025,10:05:21,610.85,0,0,0,0,0,0
INFRA.BSE_IDX,01/07/2025,10:05:29,610.84,0,0,0,0,0,0
INFRA.BSE_IDX,01/07/2025,10:05:37,610.74,0,0,0,0,0,0
INFRA.BSE_IDX,01/07/2025,10:05:45,610.92,0,0,0,0,0,0
INFRA.BSE_IDX,01/07/2025,10:05:53,610.95,0,0,0,0,0,0
INFRA.BSE_IDX,01/07/2025,10:06:01,610.96,0,0,0,0,0,0
INFRA.BSE_IDX,01/07/2025,10:06:09,611.02,0,0,0,0,0,0
INFRA.BSE_IDX,01/07/2025,10:06:17,610.94,0,0,0,0,0,0
INFRA.BSE_IDX,01/07/2025,10:06:25,611.04,0,0,0,0,0,0
INFRA.BSE_IDX,01/07/2025,10:06:33,611.07,0,0,0,0,0,0
INFRA.BSE_IDX,01/07/2025,10:06:41,611.06,0,0,0,0,0,0
INFRA.BSE_IDX,01/07/2025,10:06:49,611.02,0,0,0,0,0,0
INFRA.BSE_IDX,01/07/2025,10:06:57,610.96,0,0,0,0,0,0
INFRA.BSE_IDX,01/07/2025,10:07:05,611.04,0,0,0,0,0,0
INFRA.BSE_IDX,01/07/2025,10:07:13,611.19,0,0,0,0,0,0
INFRA.BSE_IDX,01/07/2025,10:07:21,611.24,0,0,0,0,0,0
INFRA.BSE_IDX,01/07/2025,10:07:29,611.33,0,0,0,0,0,0
INFRA.BSE_IDX,01/07/2025,10:07:37,611.43,0,0,0,0,0,0
INFRA.BSE_IDX,01/07/2025,10:07:45,611.45,0,0,0,0,0,0
INFRA.BSE_IDX,01/07/2025,10:07:53,611.38,0,0,0,0,0,0
INFRA.BSE_IDX,01/07/2025,10:08:01,611.44,0,0,0,0,0,0
INFRA.BSE_IDX,01/07/2025,10:08:09,611.39,0,0,0,0,0,0
INFRA.BSE_IDX,01/07/2025,10:08:17,611.37,0,0,0,0,0,0
INFRA.BSE_IDX,01/07/2025,10:08:25,611.45,0,0,0,0,0,0
INFRA.BSE_IDX,01/07/2025,10:08:33,611.4,0,0,0,0,0,0
INFRA.BSE_IDX,01/07/2025,10:08:41,611.33,0,0,0,0,0,0
INFRA.BSE_IDX,01/07/2025,10:08:49,611.38,0,0,0,0,0,0
INFRA.BSE_IDX,01/07/2025,10:08:57,610.98,0,0,0,0,0,0
INFRA.BSE_IDX,01/07/2025,10:09:05,610.92,0,0,0,0,0,0
INFRA.BSE_IDX,01/07/2025,10:09:13,610.87,0,0,0,0,0,0
INFRA.BSE_IDX,01/07/2025,10:09:21,610.92,0,0,0,0,0,0
INFRA.BSE_IDX,01/07/2025,10:09:29,610.9,0,0,0,0,0,0
INFRA.BSE_IDX,01/07/2025,10:09:37,610.95,0,0,0,0,0,0
INFRA.BSE_IDX,01/07/2025,10:09:45,610.95,0,0,0,0,0,0
INFRA.BSE_IDX,01/07/2025,10:09:53,611.01,0,0,0,0,0,0
INFRA.BSE_IDX,01/07/2025,10:10:01,611.09,0,0,0,0,0,0
INFRA.BSE_IDX,01/07/2025,10:10:09,611.11,0,0,0,0,0,0
INFRA.BSE_IDX,01/07/2025,10:10:17,611.1,0,0,0,0,0,0
INFRA.BSE_IDX,01/07/2025,10:10:25,611.13,0,0,0,0,0,0
INFRA.BSE_IDX,01/07/2025,10:10:33,611.11,0,0,0,0,0,0
INFRA.BSE_IDX,01/07/2025,10:10:41,611.1,0,0,0,0,0,0
INFRA.BSE_IDX,01/07/2025,10:10:49,611.09,0,0,0,0,0,0
INFRA.BSE_IDX,01/07/2025,10:10:57,611.07,0,0,0,0,0,0
INFRA.BSE_IDX,01/07/2025,10:11:05,611.1,0,0,0,0,0,0
INFRA.BSE_IDX,01/07/2025,10:11:13,611.02,0,0,0,0,0,0
INFRA.BSE_IDX,01/07/2025,10:11:22,610.97,0,0,0,0,0,0
INFRA.BSE_IDX,01/07/2025,10:11:29,610.81,0,0,0,0,0,0
INFRA.BSE_IDX,01/07/2025,10:11:37,610.78,0,0,0,0,0,0
INFRA.BSE_IDX,01/07/2025,10:11:45,610.77,0,0,0,0,0,0
INFRA.BSE_IDX,01/07/2025,10:11:53,610.63,0,0,0,0,0,0
INFRA.BSE_IDX,01/07/2025,10:12:01,610.72,0,0,0,0,0,0
INFRA.BSE_IDX,01/07/2025,10:12:09,610.73,0,0,0,0,0,0
INFRA.BSE_IDX,01/07/2025,10:12:17,610.59,0,0,0,0,0,0
INFRA.BSE_IDX,01/07/2025,10:12:25,610.61,0,0,0,0,0,0
INFRA.BSE_IDX,01/07/2025,10:12:33,610.55,0,0,0,0,0,0
INFRA.BSE_IDX,01/07/2025,10:12:41,610.51,0,0,0,0,0,0
INFRA.BSE_IDX,01/07/2025,10:12:49,610.35,0,0,0,0,0,0
INFRA.BSE_IDX,01/07/2025,10:12:57,610.24,0,0,0,0,0,0
INFRA.BSE_IDX,01/07/2025,10:13:05,610.19,0,0,0,0,0,0
INFRA.BSE_IDX,01/07/2025,10:13:13,610.2,0,0,0,0,0,0
INFRA.BSE_IDX,01/07/2025,10:13:21,610.32,0,0,0,0,0,0
INFRA.BSE_IDX,01/07/2025,10:13:29,610.25,0,0,0,0,0,0
INFRA.BSE_IDX,01/07/2025,10:13:37,610.1,0,0,0,0,0,0
INFRA.BSE_IDX,01/07/2025,10:13:45,610.07,0,0,0,0,0,0
INFRA.BSE_IDX,01/07/2025,10:13:53,610.02,0,0,0,0,0,0
INFRA.BSE_IDX,01/07/2025,10:14:01,609.82,0,0,0,0,0,0
INFRA.BSE_IDX,01/07/2025,10:14:09,609.84,0,0,0,0,0,0
INFRA.BSE_IDX,01/07/2025,10:14:17,609.77,0,0,0,0,0,0
INFRA.BSE_IDX,01/07/2025,10:14:25,609.85,0,0,0,0,0,0
INFRA.BSE_IDX,01/07/2025,10:14:33,609.89,0,0,0,0,0,0
INFRA.BSE_IDX,01/07/2025,10:14:41,609.86,0,0,0,0,0,0
INFRA.BSE_IDX,01/07/2025,10:14:49,609.88,0,0,0,0,0,0
INFRA.BSE_IDX,01/07/2025,10:14:57,609.9,0,0,0,0,0,0
INFRA.BSE_IDX,01/07/2025,10:15:05,609.72,0,0,0,0,0,0
INFRA.BSE_IDX,01/07/2025,10:15:13,609.59,0,0,0,0,0,0
INFRA.BSE_IDX,01/07/2025,10:15:21,609.64,0,0,0,0,0,0
INFRA.BSE_IDX,01/07/2025,10:15:29,609.55,0,0,0,0,0,0
INFRA.BSE_IDX,01/07/2025,10:15:37,609.64,0,0,0,0,0,0
INFRA.BSE_IDX,01/07/2025,10:15:45,609.62,0,0,0,0,0,0
INFRA.BSE_IDX,01/07/2025,10:15:53,609.6,0,0,0,0,0,0
INFRA.BSE_IDX,01/07/2025,10:16:01,609.59,0,0,0,0,0,0
INFRA.BSE_IDX,01/07/2025,10:16:09,609.69,0,0,0,0,0,0
INFRA.BSE_IDX,01/07/2025,10:16:17,609.62,0,0,0,0,0,0
INFRA.BSE_IDX,01/07/2025,10:16:25,609.72,0,0,0,0,0,0
INFRA.BSE_IDX,01/07/2025,10:16:33,609.81,0,0,0,0,0,0
INFRA.BSE_IDX,01/07/2025,10:16:41,609.73,0,0,0,0,0,0
INFRA.BSE_IDX,01/07/2025,10:16:49,609.75,0,0,0,0,0,0
INFRA.BSE_IDX,01/07/2025,10:16:57,609.77,0,0,0,0,0,0
INFRA.BSE_IDX,01/07/2025,10:17:05,609.82,0,0,0,0,0,0
INFRA.BSE_IDX,01/07/2025,10:17:13,609.77,0,0,0,0,0,0
INFRA.BSE_IDX,01/07/2025,10:17:21,609.84,0,0,0,0,0,0
INFRA.BSE_IDX,01/07/2025,10:17:29,609.85,0,0,0,0,0,0
INFRA.BSE_IDX,01/07/2025,10:17:37,609.99,0,0,0,0,0,0
INFRA.BSE_IDX,01/07/2025,10:17:45,610.04,0,0,0,0,0,0
INFRA.BSE_IDX,01/07/2025,10:17:53,610.14,0,0,0,0,0,0
INFRA.BSE_IDX,01/07/2025,10:18:01,610.17,0,0,0,0,0,0
INFRA.BSE_IDX,01/07/2025,10:18:09,610.21,0,0,0,0,0,0
INFRA.BSE_IDX,01/07/2025,10:18:17,610.25,0,0,0,0,0,0
INFRA.BSE_IDX,01/07/2025,10:18:25,610.32,0,0,0,0,0,0
INFRA.BSE_IDX,01/07/2025,10:18:33,610.26,0,0,0,0,0,0
INFRA.BSE_IDX,01/07/2025,10:18:41,610.26,0,0,0,0,0,0
INFRA.BSE_IDX,01/07/2025,10:18:49,610.17,0,0,0,0,0,0
INFRA.BSE_IDX,01/07/2025,10:18:57,610.18,0,0,0,0,0,0
INFRA.BSE_IDX,01/07/2025,10:19:05,610.04,0,0,0,0,0,0
INFRA.BSE_IDX,01/07/2025,10:19:13,610.06,0,0,0,0,0,0
INFRA.BSE_IDX,01/07/2025,10:19:21,610.15,0,0,0,0,0,0
INFRA.BSE_IDX,01/07/2025,10:19:29,610.19,0,0,0,0,0,0
INFRA.BSE_IDX,01/07/2025,10:19:37,610.16,0,0,0,0,0,0
INFRA.BSE_IDX,01/07/2025,10:19:45,610.13,0,0,0,0,0,0
INFRA.BSE_IDX,01/07/2025,10:19:53,610.05,0,0,0,0,0,0
INFRA.BSE_IDX,01/07/2025,10:20:01,610.04,0,0,0,0,0,0
INFRA.BSE_IDX,01/07/2025,10:20:09,610.06,0,0,0,0,0,0
INFRA.BSE_IDX,01/07/2025,10:20:17,610.1,0,0,0,0,0,0
INFRA.BSE_IDX,01/07/2025,10:20:25,610.11,0,0,0,0,0,0
INFRA.BSE_IDX,01/07/2025,10:20:33,610.1,0,0,0,0,0,0
INFRA.BSE_IDX,01/07/2025,10:20:41,610.06,0,0,0,0,0,0
INFRA.BSE_IDX,01/07/2025,10:20:49,610.02,0,0,0,0,0,0
INFRA.BSE_IDX,01/07/2025,10:20:57,609.96,0,0,0,0,0,0
INFRA.BSE_IDX,01/07/2025,10:21:05,609.94,0,0,0,0,0,0
INFRA.BSE_IDX,01/07/2025,10:21:13,609.87,0,0,0,0,0,0
INFRA.BSE_IDX,01/07/2025,10:21:21,609.92,0,0,0,0,0,0
INFRA.BSE_IDX,01/07/2025,10:21:29,609.87,0,0,0,0,0,0
INFRA.BSE_IDX,01/07/2025,10:21:37,609.83,0,0,0,0,0,0
INFRA.BSE_IDX,01/07/2025,10:21:45,609.81,0,0,0,0,0,0
INFRA.BSE_IDX,01/07/2025,10:21:53,609.71,0,0,0,0,0,0
INFRA.BSE_IDX,01/07/2025,10:22:01,609.7,0,0,0,0,0,0
INFRA.BSE_IDX,01/07/2025,10:22:09,609.76,0,0,0,0,0,0
INFRA.BSE_IDX,01/07/2025,10:22:17,609.76,0,0,0,0,0,0
INFRA.BSE_IDX,01/07/2025,10:22:25,609.82,0,0,0,0,0,0
INFRA.BSE_IDX,01/07/2025,10:22:33,609.79,0,0,0,0,0,0
INFRA.BSE_IDX,01/07/2025,10:22:41,609.81,0,0,0,0,0,0
INFRA.BSE_IDX,01/07/2025,10:22:49,609.8,0,0,0,0,0,0
INFRA.BSE_IDX,01/07/2025,10:22:57,609.79,0,0,0,0,0,0
INFRA.BSE_IDX,01/07/2025,10:23:05,609.8,0,0,0,0,0,0
INFRA.BSE_IDX,01/07/2025,10:23:13,609.75,0,0,0,0,0,0
INFRA.BSE_IDX,01/07/2025,10:23:21,609.78,0,0,0,0,0,0
INFRA.BSE_IDX,01/07/2025,10:23:29,609.85,0,0,0,0,0,0
INFRA.BSE_IDX,01/07/2025,10:23:37,609.83,0,0,0,0,0,0
INFRA.BSE_IDX,01/07/2025,10:23:45,609.91,0,0,0,0,0,0
INFRA.BSE_IDX,01/07/2025,10:23:53,609.9,0,0,0,0,0,0
INFRA.BSE_IDX,01/07/2025,10:24:01,609.88,0,0,0,0,0,0
INFRA.BSE_IDX,01/07/2025,10:24:09,609.9,0,0,0,0,0,0
INFRA.BSE_IDX,01/07/2025,10:24:17,609.83,0,0,0,0,0,0
INFRA.BSE_IDX,01/07/2025,10:24:25,609.82,0,0,0,0,0,0
INFRA.BSE_IDX,01/07/2025,10:24:33,609.68,0,0,0,0,0,0
INFRA.BSE_IDX,01/07/2025,10:24:41,609.68,0,0,0,0,0,0
INFRA.BSE_IDX,01/07/2025,10:24:49,609.71,0,0,0,0,0,0
INFRA.BSE_IDX,01/07/2025,10:24:57,609.71,0,0,0,0,0,0
INFRA.BSE_IDX,01/07/2025,10:25:05,609.73,0,0,0,0,0,0
INFRA.BSE_IDX,01/07/2025,10:25:13,609.73,0,0,0,0,0,0
INFRA.BSE_IDX,01/07/2025,10:25:21,609.74,0,0,0,0,0,0
INFRA.BSE_IDX,01/07/2025,10:25:29,609.65,0,0,0,0,0,0
INFRA.BSE_IDX,01/07/2025,10:25:37,609.71,0,0,0,0,0,0
INFRA.BSE_IDX,01/07/2025,10:25:45,609.72,0,0,0,0,0,0
INFRA.BSE_IDX,01/07/2025,10:25:53,609.68,0,0,0,0,0,0
INFRA.BSE_IDX,01/07/2025,10:26:01,609.74,0,0,0,0,0,0
INFRA.BSE_IDX,01/07/2025,10:26:09,609.78,0,0,0,0,0,0
INFRA.BSE_IDX,01/07/2025,10:26:17,609.81,0,0,0,0,0,0
INFRA.BSE_IDX,01/07/2025,10:26:25,609.67,0,0,0,0,0,0
INFRA.BSE_IDX,01/07/2025,10:26:33,609.71,0,0,0,0,0,0
INFRA.BSE_IDX,01/07/2025,10:26:41,609.73,0,0,0,0,0,0
INFRA.BSE_IDX,01/07/2025,10:26:49,609.72,0,0,0,0,0,0
INFRA.BSE_IDX,01/07/2025,10:26:57,609.71,0,0,0,0,0,0
INFRA.BSE_IDX,01/07/2025,10:27:05,609.75,0,0,0,0,0,0
INFRA.BSE_IDX,01/07/2025,10:27:13,609.82,0,0,0,0,0,0
INFRA.BSE_IDX,01/07/2025,10:27:21,609.81,0,0,0,0,0,0
INFRA.BSE_IDX,01/07/2025,10:27:29,609.83,0,0,0,0,0,0
INFRA.BSE_IDX,01/07/2025,10:27:37,609.84,0,0,0,0,0,0
INFRA.BSE_IDX,01/07/2025,10:27:45,609.82,0,0,0,0,0,0
INFRA.BSE_IDX,01/07/2025,10:27:53,609.85,0,0,0,0,0,0
INFRA.BSE_IDX,01/07/2025,10:28:01,609.91,0,0,0,0,0,0
INFRA.BSE_IDX,01/07/2025,10:28:09,609.94,0,0,0,0,0,0
INFRA.BSE_IDX,01/07/2025,10:28:17,609.97,0,0,0,0,0,0
INFRA.BSE_IDX,01/07/2025,10:28:25,609.96,0,0,0,0,0,0
INFRA.BSE_IDX,01/07/2025,10:28:33,609.95,0,0,0,0,0,0
INFRA.BSE_IDX,01/07/2025,10:28:41,609.87,0,0,0,0,0,0
INFRA.BSE_IDX,01/07/2025,10:28:49,609.87,0,0,0,0,0,0
INFRA.BSE_IDX,01/07/2025,10:28:57,609.86,0,0,0,0,0,0
INFRA.BSE_IDX,01/07/2025,10:29:05,609.88,0,0,0,0,0,0
INFRA.BSE_IDX,01/07/2025,10:29:13,609.83,0,0,0,0,0,0
INFRA.BSE_IDX,01/07/2025,10:29:21,609.91,0,0,0,0,0,0
INFRA.BSE_IDX,01/07/2025,10:29:29,609.92,0,0,0,0,0,0
INFRA.BSE_IDX,01/07/2025,10:29:37,609.92,0,0,0,0,0,0
INFRA.BSE_IDX,01/07/2025,10:29:46,609.86,0,0,0,0,0,0
INFRA.BSE_IDX,01/07/2025,10:29:54,609.97,0,0,0,0,0,0
INFRA.BSE_IDX,01/07/2025,10:30:01,609.98,0,0,0,0,0,0
INFRA.BSE_IDX,01/07/2025,10:30:09,610.02,0,0,0,0,0,0
INFRA.BSE_IDX,01/07/2025,10:30:17,610.04,0,0,0,0,0,0
INFRA.BSE_IDX,01/07/2025,10:30:25,610.1,0,0,0,0,0,0
INFRA.BSE_IDX,01/07/2025,10:30:33,610.09,0,0,0,0,0,0
INFRA.BSE_IDX,01/07/2025,10:30:41,610.11,0,0,0,0,0,0
INFRA.BSE_IDX,01/07/2025,10:30:49,610.08,0,0,0,0,0,0
INFRA.BSE_IDX,01/07/2025,10:30:57,610.03,0,0,0,0,0,0
INFRA.BSE_IDX,01/07/2025,10:31:05,610.05,0,0,0,0,0,0
INFRA.BSE_IDX,01/07/2025,10:31:13,609.99,0,0,0,0,0,0
INFRA.BSE_IDX,01/07/2025,10:31:21,609.98,0,0,0,0,0,0
INFRA.BSE_IDX,01/07/2025,10:31:29,609.94,0,0,0,0,0,0
INFRA.BSE_IDX,01/07/2025,10:31:37,609.98,0,0,0,0,0,0
INFRA.BSE_IDX,01/07/2025,10:31:45,609.95,0,0,0,0,0,0
INFRA.BSE_IDX,01/07/2025,10:31:53,609.94,0,0,0,0,0,0
INFRA.BSE_IDX,01/07/2025,10:32:01,609.96,0,0,0,0,0,0
INFRA.BSE_IDX,01/07/2025,10:32:09,609.97,0,0,0,0,0,0
INFRA.BSE_IDX,01/07/2025,10:32:17,609.95,0,0,0,0,0,0
INFRA.BSE_IDX,01/07/2025,10:32:25,610.05,0,0,0,0,0,0
INFRA.BSE_IDX,01/07/2025,10:32:33,610.12,0,0,0,0,0,0
INFRA.BSE_IDX,01/07/2025,10:32:41,610.16,0,0,0,0,0,0
INFRA.BSE_IDX,01/07/2025,10:32:49,610.18,0,0,0,0,0,0
INFRA.BSE_IDX,01/07/2025,10:32:57,610.18,0,0,0,0,0,0
INFRA.BSE_IDX,01/07/2025,10:33:05,610.21,0,0,0,0,0,0
INFRA.BSE_IDX,01/07/2025,10:33:13,610.28,0,0,0,0,0,0
INFRA.BSE_IDX,01/07/2025,10:33:21,610.26,0,0,0,0,0,0
INFRA.BSE_IDX,01/07/2025,10:33:29,610.27,0,0,0,0,0,0
INFRA.BSE_IDX,01/07/2025,10:33:37,610.3,0,0,0,0,0,0
INFRA.BSE_IDX,01/07/2025,10:33:45,610.34,0,0,0,0,0,0
INFRA.BSE_IDX,01/07/2025,10:33:53,610.31,0,0,0,0,0,0
INFRA.BSE_IDX,01/07/2025,10:34:01,610.36,0,0,0,0,0,0
INFRA.BSE_IDX,01/07/2025,10:34:09,610.35,0,0,0,0,0,0
INFRA.BSE_IDX,01/07/2025,10:34:17,610.41,0,0,0,0,0,0
INFRA.BSE_IDX,01/07/2025,10:34:25,610.5,0,0,0,0,0,0
INFRA.BSE_IDX,01/07/2025,10:34:33,610.51,0,0,0,0,0,0
INFRA.BSE_IDX,01/07/2025,10:34:41,610.55,0,0,0,0,0,0
INFRA.BSE_IDX,01/07/2025,10:34:49,610.54,0,0,0,0,0,0
INFRA.BSE_IDX,01/07/2025,10:34:58,610.5,0,0,0,0,0,0
INFRA.BSE_IDX,01/07/2025,10:35:06,610.43,0,0,0,0,0,0
INFRA.BSE_IDX,01/07/2025,10:35:14,610.4,0,0,0,0,0,0
INFRA.BSE_IDX,01/07/2025,10:35:21,610.41,0,0,0,0,0,0
INFRA.BSE_IDX,01/07/2025,10:35:29,610.38,0,0,0,0,0,0
INFRA.BSE_IDX,01/07/2025,10:35:37,610.21,0,0,0,0,0,0
INFRA.BSE_IDX,01/07/2025,10:35:45,610.13,0,0,0,0,0,0
INFRA.BSE_IDX,01/07/2025,10:35:54,610.15,0,0,0,0,0,0
INFRA.BSE_IDX,01/07/2025,10:36:02,610.12,0,0,0,0,0,0
INFRA.BSE_IDX,01/07/2025,10:36:10,610.15,0,0,0,0,0,0
INFRA.BSE_IDX,01/07/2025,10:36:17,610.08,0,0,0,0,0,0
INFRA.BSE_IDX,01/07/2025,10:36:25,610.11,0,0,0,0,0,0
INFRA.BSE_IDX,01/07/2025,10:36:34,610.22,0,0,0,0,0,0
INFRA.BSE_IDX,01/07/2025,10:36:42,610.24,0,0,0,0,0,0
INFRA.BSE_IDX,01/07/2025,10:36:49,610.26,0,0,0,0,0,0
INFRA.BSE_IDX,01/07/2025,10:36:58,610.23,0,0,0,0,0,0
INFRA.BSE_IDX,01/07/2025,10:37:05,610.15,0,0,0,0,0,0
INFRA.BSE_IDX,01/07/2025,10:37:14,610.1,0,0,0,0,0,0
INFRA.BSE_IDX,01/07/2025,10:37:21,610.07,0,0,0,0,0,0
INFRA.BSE_IDX,01/07/2025,10:37:30,610,0,0,0,0,0,0
INFRA.BSE_IDX,01/07/2025,10:37:38,610.01,0,0,0,0,0,0
INFRA.BSE_IDX,01/07/2025,10:37:46,609.94,0,0,0,0,0,0
INFRA.BSE_IDX,01/07/2025,10:37:54,609.96,0,0,0,0,0,0
INFRA.BSE_IDX,01/07/2025,10:38:02,610.01,0,0,0,0,0,0
INFRA.BSE_IDX,01/07/2025,10:38:10,610.03,0,0,0,0,0,0
INFRA.BSE_IDX,01/07/2025,10:38:18,610.1,0,0,0,0,0,0
INFRA.BSE_IDX,01/07/2025,10:38:26,610.24,0,0,0,0,0,0
INFRA.BSE_IDX,01/07/2025,10:38:34,610.24,0,0,0,0,0,0
INFRA.BSE_IDX,01/07/2025,10:38:42,610.32,0,0,0,0,0,0
INFRA.BSE_IDX,01/07/2025,10:38:50,610.33,0,0,0,0,0,0
INFRA.BSE_IDX,01/07/2025,10:38:58,610.34,0,0,0,0,0,0
INFRA.BSE_IDX,01/07/2025,10:39:06,610.47,0,0,0,0,0,0
INFRA.BSE_IDX,01/07/2025,10:39:14,610.49,0,0,0,0,0,0
INFRA.BSE_IDX,01/07/2025,10:39:22,610.6,0,0,0,0,0,0
INFRA.BSE_IDX,01/07/2025,10:39:30,610.59,0,0,0,0,0,0
INFRA.BSE_IDX,01/07/2025,10:39:38,610.53,0,0,0,0,0,0
INFRA.BSE_IDX,01/07/2025,10:39:46,610.51,0,0,0,0,0,0
INFRA.BSE_IDX,01/07/2025,10:39:54,610.63,0,0,0,0,0,0
INFRA.BSE_IDX,01/07/2025,10:40:02,610.65,0,0,0,0,0,0
INFRA.BSE_IDX,01/07/2025,10:40:10,610.56,0,0,0,0,0,0
INFRA.BSE_IDX,01/07/2025,10:40:18,610.59,0,0,0,0,0,0
INFRA.BSE_IDX,01/07/2025,10:40:26,610.39,0,0,0,0,0,0
INFRA.BSE_IDX,01/07/2025,10:40:34,610.36,0,0,0,0,0,0
INFRA.BSE_IDX,01/07/2025,10:40:42,610.39,0,0,0,0,0,0
INFRA.BSE_IDX,01/07/2025,10:40:50,610.43,0,0,0,0,0,0
INFRA.BSE_IDX,01/07/2025,10:40:58,610.43,0,0,0,0,0,0
INFRA.BSE_IDX,01/07/2025,10:41:06,610.43,0,0,0,0,0,0
INFRA.BSE_IDX,01/07/2025,10:41:14,610.42,0,0,0,0,0,0
INFRA.BSE_IDX,01/07/2025,10:41:22,610.47,0,0,0,0,0,0
INFRA.BSE_IDX,01/07/2025,10:41:30,610.47,0,0,0,0,0,0
INFRA.BSE_IDX,01/07/2025,10:41:38,610.59,0,0,0,0,0,0
INFRA.BSE_IDX,01/07/2025,10:41:46,610.57,0,0,0,0,0,0
INFRA.BSE_IDX,01/07/2025,10:41:54,610.57,0,0,0,0,0,0
INFRA.BSE_IDX,01/07/2025,10:42:02,610.54,0,0,0,0,0,0
INFRA.BSE_IDX,01/07/2025,10:42:10,610.57,0,0,0,0,0,0
INFRA.BSE_IDX,01/07/2025,10:42:18,610.63,0,0,0,0,0,0
INFRA.BSE_IDX,01/07/2025,10:42:26,610.64,0,0,0,0,0,0
INFRA.BSE_IDX,01/07/2025,10:42:34,610.62,0,0,0,0,0,0
INFRA.BSE_IDX,01/07/2025,10:42:42,610.54,0,0,0,0,0,0
INFRA.BSE_IDX,01/07/2025,10:42:50,610.58,0,0,0,0,0,0
INFRA.BSE_IDX,01/07/2025,10:42:58,610.51,0,0,0,0,0,0
INFRA.BSE_IDX,01/07/2025,10:43:06,610.5,0,0,0,0,0,0
INFRA.BSE_IDX,01/07/2025,10:43:14,610.5,0,0,0,0,0,0
INFRA.BSE_IDX,01/07/2025,10:43:22,610.5,0,0,0,0,0,0
INFRA.BSE_IDX,01/07/2025,10:43:30,610.49,0,0,0,0,0,0
INFRA.BSE_IDX,01/07/2025,10:43:38,610.47,0,0,0,0,0,0
INFRA.BSE_IDX,01/07/2025,10:43:46,610.41,0,0,0,0,0,0
INFRA.BSE_IDX,01/07/2025,10:43:54,610.38,0,0,0,0,0,0
INFRA.BSE_IDX,01/07/2025,10:44:02,610.36,0,0,0,0,0,0
INFRA.BSE_IDX,01/07/2025,10:44:10,610.4,0,0,0,0,0,0
INFRA.BSE_IDX,01/07/2025,10:44:18,610.44,0,0,0,0,0,0
INFRA.BSE_IDX,01/07/2025,10:44:26,610.37,0,0,0,0,0,0
INFRA.BSE_IDX,01/07/2025,10:44:34,610.4,0,0,0,0,0,0
INFRA.BSE_IDX,01/07/2025,10:44:42,610.44,0,0,0,0,0,0
INFRA.BSE_IDX,01/07/2025,10:44:50,610.43,0,0,0,0,0,0
INFRA.BSE_IDX,01/07/2025,10:44:58,610.31,0,0,0,0,0,0
INFRA.BSE_IDX,01/07/2025,10:45:07,610.28,0,0,0,0,0,0
INFRA.BSE_IDX,01/07/2025,10:45:14,610.27,0,0,0,0,0,0
INFRA.BSE_IDX,01/07/2025,10:45:22,610.19,0,0,0,0,0,0
INFRA.BSE_IDX,01/07/2025,10:45:30,610.28,0,0,0,0,0,0
INFRA.BSE_IDX,01/07/2025,10:45:38,610.27,0,0,0,0,0,0
INFRA.BSE_IDX,01/07/2025,10:45:46,610.26,0,0,0,0,0,0
INFRA.BSE_IDX,01/07/2025,10:45:54,610.24,0,0,0,0,0,0
INFRA.BSE_IDX,01/07/2025,10:46:02,610.24,0,0,0,0,0,0
INFRA.BSE_IDX,01/07/2025,10:46:10,610.23,0,0,0,0,0,0
INFRA.BSE_IDX,01/07/2025,10:46:18,610.17,0,0,0,0,0,0
INFRA.BSE_IDX,01/07/2025,10:46:26,610.19,0,0,0,0,0,0
INFRA.BSE_IDX,01/07/2025,10:46:34,610.15,0,0,0,0,0,0
INFRA.BSE_IDX,01/07/2025,10:46:42,610.1,0,0,0,0,0,0
INFRA.BSE_IDX,01/07/2025,10:46:50,610.08,0,0,0,0,0,0
INFRA.BSE_IDX,01/07/2025,10:46:58,610.11,0,0,0,0,0,0
INFRA.BSE_IDX,01/07/2025,10:47:06,610.04,0,0,0,0,0,0
INFRA.BSE_IDX,01/07/2025,10:47:14,610.01,0,0,0,0,0,0
INFRA.BSE_IDX,01/07/2025,10:47:22,610.03,0,0,0,0,0,0
INFRA.BSE_IDX,01/07/2025,10:47:30,610.02,0,0,0,0,0,0
INFRA.BSE_IDX,01/07/2025,10:47:38,609.99,0,0,0,0,0,0
INFRA.BSE_IDX,01/07/2025,10:47:46,610.08,0,0,0,0,0,0
INFRA.BSE_IDX,01/07/2025,10:47:54,610.18,0,0,0,0,0,0
INFRA.BSE_IDX,01/07/2025,10:48:02,610.23,0,0,0,0,0,0
INFRA.BSE_IDX,01/07/2025,10:48:10,610.29,0,0,0,0,0,0
INFRA.BSE_IDX,01/07/2025,10:48:18,610.3,0,0,0,0,0,0
INFRA.BSE_IDX,01/07/2025,10:48:26,610.32,0,0,0,0,0,0
INFRA.BSE_IDX,01/07/2025,10:48:34,610.28,0,0,0,0,0,0
INFRA.BSE_IDX,01/07/2025,10:48:42,610.31,0,0,0,0,0,0
INFRA.BSE_IDX,01/07/2025,10:48:50,610.24,0,0,0,0,0,0
INFRA.BSE_IDX,01/07/2025,10:48:58,610.27,0,0,0,0,0,0
INFRA.BSE_IDX,01/07/2025,10:49:06,610.22,0,0,0,0,0,0
INFRA.BSE_IDX,01/07/2025,10:49:14,610.1,0,0,0,0,0,0
INFRA.BSE_IDX,01/07/2025,10:49:22,610.05,0,0,0,0,0,0
INFRA.BSE_IDX,01/07/2025,10:49:30,610.07,0,0,0,0,0,0
INFRA.BSE_IDX,01/07/2025,10:49:38,609.97,0,0,0,0,0,0
INFRA.BSE_IDX,01/07/2025,10:49:46,609.93,0,0,0,0,0,0
INFRA.BSE_IDX,01/07/2025,10:49:54,609.93,0,0,0,0,0,0
INFRA.BSE_IDX,01/07/2025,10:50:02,609.94,0,0,0,0,0,0
INFRA.BSE_IDX,01/07/2025,10:50:10,609.85,0,0,0,0,0,0
INFRA.BSE_IDX,01/07/2025,10:50:18,609.86,0,0,0,0,0,0
INFRA.BSE_IDX,01/07/2025,10:50:26,609.85,0,0,0,0,0,0
INFRA.BSE_IDX,01/07/2025,10:50:34,609.86,0,0,0,0,0,0
INFRA.BSE_IDX,01/07/2025,10:50:42,609.87,0,0,0,0,0,0
INFRA.BSE_IDX,01/07/2025,10:50:50,609.81,0,0,0,0,0,0
INFRA.BSE_IDX,01/07/2025,10:50:58,609.79,0,0,0,0,0,0
INFRA.BSE_IDX,01/07/2025,10:51:06,609.75,0,0,0,0,0,0
INFRA.BSE_IDX,01/07/2025,10:51:14,609.74,0,0,0,0,0,0
INFRA.BSE_IDX,01/07/2025,10:51:22,609.74,0,0,0,0,0,0
INFRA.BSE_IDX,01/07/2025,10:51:30,609.74,0,0,0,0,0,0
INFRA.BSE_IDX,01/07/2025,10:51:38,609.72,0,0,0,0,0,0
INFRA.BSE_IDX,01/07/2025,10:51:46,609.66,0,0,0,0,0,0
INFRA.BSE_IDX,01/07/2025,10:51:54,609.6,0,0,0,0,0,0
INFRA.BSE_IDX,01/07/2025,10:52:02,609.59,0,0,0,0,0,0
INFRA.BSE_IDX,01/07/2025,10:52:10,609.62,0,0,0,0,0,0
INFRA.BSE_IDX,01/07/2025,10:52:18,609.64,0,0,0,0,0,0
INFRA.BSE_IDX,01/07/2025,10:52:26,609.57,0,0,0,0,0,0
INFRA.BSE_IDX,01/07/2025,10:52:34,609.52,0,0,0,0,0,0
INFRA.BSE_IDX,01/07/2025,10:52:43,609.41,0,0,0,0,0,0
INFRA.BSE_IDX,01/07/2025,10:52:50,609.39,0,0,0,0,0,0
INFRA.BSE_IDX,01/07/2025,10:52:58,609.4,0,0,0,0,0,0
INFRA.BSE_IDX,01/07/2025,10:53:06,609.17,0,0,0,0,0,0
INFRA.BSE_IDX,01/07/2025,10:53:14,609.17,0,0,0,0,0,0
INFRA.BSE_IDX,01/07/2025,10:53:22,609.2,0,0,0,0,0,0
INFRA.BSE_IDX,01/07/2025,10:53:30,609.17,0,0,0,0,0,0
INFRA.BSE_IDX,01/07/2025,10:53:38,609.19,0,0,0,0,0,0
INFRA.BSE_IDX,01/07/2025,10:53:46,609.17,0,0,0,0,0,0
INFRA.BSE_IDX,01/07/2025,10:53:54,609.27,0,0,0,0,0,0
INFRA.BSE_IDX,01/07/2025,10:54:02,609.3,0,0,0,0,0,0
INFRA.BSE_IDX,01/07/2025,10:54:10,609.34,0,0,0,0,0,0
INFRA.BSE_IDX,01/07/2025,10:54:18,609.34,0,0,0,0,0,0
INFRA.BSE_IDX,01/07/2025,10:54:26,609.36,0,0,0,0,0,0
INFRA.BSE_IDX,01/07/2025,10:54:34,609.42,0,0,0,0,0,0
INFRA.BSE_IDX,01/07/2025,10:54:42,609.51,0,0,0,0,0,0
INFRA.BSE_IDX,01/07/2025,10:54:51,609.46,0,0,0,0,0,0
INFRA.BSE_IDX,01/07/2025,10:54:58,609.44,0,0,0,0,0,0
INFRA.BSE_IDX,01/07/2025,10:55:06,609.45,0,0,0,0,0,0
INFRA.BSE_IDX,01/07/2025,10:55:14,609.4,0,0,0,0,0,0
INFRA.BSE_IDX,01/07/2025,10:55:22,609.53,0,0,0,0,0,0
INFRA.BSE_IDX,01/07/2025,10:55:30,609.54,0,0,0,0,0,0
INFRA.BSE_IDX,01/07/2025,10:55:38,609.48,0,0,0,0,0,0
INFRA.BSE_IDX,01/07/2025,10:55:46,609.5,0,0,0,0,0,0
INFRA.BSE_IDX,01/07/2025,10:55:54,609.43,0,0,0,0,0,0
INFRA.BSE_IDX,01/07/2025,10:56:02,609.48,0,0,0,0,0,0
INFRA.BSE_IDX,01/07/2025,10:56:10,609.44,0,0,0,0,0,0
INFRA.BSE_IDX,01/07/2025,10:56:18,609.44,0,0,0,0,0,0
INFRA.BSE_IDX,01/07/2025,10:56:26,609.4,0,0,0,0,0,0
INFRA.BSE_IDX,01/07/2025,10:56:34,609.43,0,0,0,0,0,0
INFRA.BSE_IDX,01/07/2025,10:56:42,609.39,0,0,0,0,0,0
INFRA.BSE_IDX,01/07/2025,10:56:50,609.29,0,0,0,0,0,0
INFRA.BSE_IDX,01/07/2025,10:56:58,609.3,0,0,0,0,0,0
INFRA.BSE_IDX,01/07/2025,10:57:06,609.24,0,0,0,0,0,0
INFRA.BSE_IDX,01/07/2025,10:57:14,609.15,0,0,0,0,0,0
INFRA.BSE_IDX,01/07/2025,10:57:22,609.19,0,0,0,0,0,0
INFRA.BSE_IDX,01/07/2025,10:57:30,609.23,0,0,0,0,0,0
INFRA.BSE_IDX,01/07/2025,10:57:39,609.33,0,0,0,0,0,0
INFRA.BSE_IDX,01/07/2025,10:57:46,609.34,0,0,0,0,0,0
INFRA.BSE_IDX,01/07/2025,10:57:54,609.35,0,0,0,0,0,0
INFRA.BSE_IDX,01/07/2025,10:58:02,609.38,0,0,0,0,0,0
INFRA.BSE_IDX,01/07/2025,10:58:10,609.35,0,0,0,0,0,0
INFRA.BSE_IDX,01/07/2025,10:58:18,609.28,0,0,0,0,0,0
INFRA.BSE_IDX,01/07/2025,10:58:26,609.24,0,0,0,0,0,0
INFRA.BSE_IDX,01/07/2025,10:58:34,609.33,0,0,0,0,0,0
INFRA.BSE_IDX,01/07/2025,10:58:42,609.34,0,0,0,0,0,0
INFRA.BSE_IDX,01/07/2025,10:58:50,609.39,0,0,0,0,0,0
INFRA.BSE_IDX,01/07/2025,10:58:58,609.26,0,0,0,0,0,0
INFRA.BSE_IDX,01/07/2025,10:59:06,609.31,0,0,0,0,0,0
INFRA.BSE_IDX,01/07/2025,10:59:14,609.32,0,0,0,0,0,0
INFRA.BSE_IDX,01/07/2025,10:59:22,609.27,0,0,0,0,0,0
INFRA.BSE_IDX,01/07/2025,10:59:30,609.27,0,0,0,0,0,0
INFRA.BSE_IDX,01/07/2025,10:59:38,609.2,0,0,0,0,0,0
INFRA.BSE_IDX,01/07/2025,10:59:47,609.17,0,0,0,0,0,0
INFRA.BSE_IDX,01/07/2025,10:59:55,609.17,0,0,0,0,0,0
INFRA.BSE_IDX,01/07/2025,11:00:03,609.14,0,0,0,0,0,0
INFRA.BSE_IDX,01/07/2025,11:00:11,609.3,0,0,0,0,0,0
INFRA.BSE_IDX,01/07/2025,11:00:18,609.3,0,0,0,0,0,0
INFRA.BSE_IDX,01/07/2025,11:00:26,609.25,0,0,0,0,0,0
INFRA.BSE_IDX,01/07/2025,11:00:34,609.2,0,0,0,0,0,0
INFRA.BSE_IDX,01/07/2025,11:00:42,609.2,0,0,0,0,0,0
INFRA.BSE_IDX,01/07/2025,11:00:50,609.19,0,0,0,0,0,0
INFRA.BSE_IDX,01/07/2025,11:00:58,609.22,0,0,0,0,0,0
INFRA.BSE_IDX,01/07/2025,11:01:06,609.35,0,0,0,0,0,0
INFRA.BSE_IDX,01/07/2025,11:01:15,609.42,0,0,0,0,0,0
INFRA.BSE_IDX,01/07/2025,11:01:22,609.44,0,0,0,0,0,0
INFRA.BSE_IDX,01/07/2025,11:01:30,609.32,0,0,0,0,0,0
INFRA.BSE_IDX,01/07/2025,11:01:38,609.28,0,0,0,0,0,0
INFRA.BSE_IDX,01/07/2025,11:01:46,609.27,0,0,0,0,0,0
INFRA.BSE_IDX,01/07/2025,11:01:54,609.22,0,0,0,0,0,0
INFRA.BSE_IDX,01/07/2025,11:02:02,609.29,0,0,0,0,0,0
INFRA.BSE_IDX,01/07/2025,11:02:10,609.22,0,0,0,0,0,0
INFRA.BSE_IDX,01/07/2025,11:02:18,609.16,0,0,0,0,0,0
INFRA.BSE_IDX,01/07/2025,11:02:27,609.15,0,0,0,0,0,0
INFRA.BSE_IDX,01/07/2025,11:02:34,609.17,0,0,0,0,0,0
INFRA.BSE_IDX,01/07/2025,11:02:42,609.11,0,0,0,0,0,0
INFRA.BSE_IDX,01/07/2025,11:02:51,609.14,0,0,0,0,0,0
INFRA.BSE_IDX,01/07/2025,11:02:58,609.04,0,0,0,0,0,0
INFRA.BSE_IDX,01/07/2025,11:03:06,609,0,0,0,0,0,0
INFRA.BSE_IDX,01/07/2025,11:03:14,608.99,0,0,0,0,0,0
INFRA.BSE_IDX,01/07/2025,11:03:22,608.99,0,0,0,0,0,0
INFRA.BSE_IDX,01/07/2025,11:03:31,609.02,0,0,0,0,0,0
INFRA.BSE_IDX,01/07/2025,11:03:38,609,0,0,0,0,0,0
INFRA.BSE_IDX,01/07/2025,11:03:46,609.03,0,0,0,0,0,0
INFRA.BSE_IDX,01/07/2025,11:03:54,608.99,0,0,0,0,0,0
INFRA.BSE_IDX,01/07/2025,11:04:02,609,0,0,0,0,0,0
INFRA.BSE_IDX,01/07/2025,11:04:10,608.98,0,0,0,0,0,0
INFRA.BSE_IDX,01/07/2025,11:04:18,608.96,0,0,0,0,0,0
INFRA.BSE_IDX,01/07/2025,11:04:27,608.92,0,0,0,0,0,0
INFRA.BSE_IDX,01/07/2025,11:04:34,608.96,0,0,0,0,0,0
INFRA.BSE_IDX,01/07/2025,11:04:42,609.02,0,0,0,0,0,0
INFRA.BSE_IDX,01/07/2025,11:04:51,608.97,0,0,0,0,0,0
INFRA.BSE_IDX,01/07/2025,11:04:58,608.93,0,0,0,0,0,0
INFRA.BSE_IDX,01/07/2025,11:05:06,608.97,0,0,0,0,0,0
INFRA.BSE_IDX,01/07/2025,11:05:14,608.98,0,0,0,0,0,0
INFRA.BSE_IDX,01/07/2025,11:05:22,609.04,0,0,0,0,0,0
INFRA.BSE_IDX,01/07/2025,11:05:30,609.02,0,0,0,0,0,0
INFRA.BSE_IDX,01/07/2025,11:05:38,609.06,0,0,0,0,0,0
INFRA.BSE_IDX,01/07/2025,11:05:46,609.19,0,0,0,0,0,0
INFRA.BSE_IDX,01/07/2025,11:05:54,609.16,0,0,0,0,0,0
INFRA.BSE_IDX,01/07/2025,11:06:02,609.18,0,0,0,0,0,0
INFRA.BSE_IDX,01/07/2025,11:06:11,609.23,0,0,0,0,0,0
INFRA.BSE_IDX,01/07/2025,11:06:19,609.23,0,0,0,0,0,0
INFRA.BSE_IDX,01/07/2025,11:06:26,609.29,0,0,0,0,0,0
INFRA.BSE_IDX,01/07/2025,11:06:34,609.24,0,0,0,0,0,0
INFRA.BSE_IDX,01/07/2025,11:06:42,609.23,0,0,0,0,0,0
INFRA.BSE_IDX,01/07/2025,11:06:50,609.16,0,0,0,0,0,0
INFRA.BSE_IDX,01/07/2025,11:06:58,609.21,0,0,0,0,0,0
INFRA.BSE_IDX,01/07/2025,11:07:06,609.4,0,0,0,0,0,0
INFRA.BSE_IDX,01/07/2025,11:07:15,609.44,0,0,0,0,0,0
INFRA.BSE_IDX,01/07/2025,11:07:22,609.51,0,0,0,0,0,0
INFRA.BSE_IDX,01/07/2025,11:07:30,609.49,0,0,0,0,0,0
INFRA.BSE_IDX,01/07/2025,11:07:38,609.51,0,0,0,0,0,0
INFRA.BSE_IDX,01/07/2025,11:07:46,609.52,0,0,0,0,0,0
INFRA.BSE_IDX,01/07/2025,11:07:54,609.58,0,0,0,0,0,0
INFRA.BSE_IDX,01/07/2025,11:08:02,609.6,0,0,0,0,0,0
INFRA.BSE_IDX,01/07/2025,11:08:11,609.58,0,0,0,0,0,0
INFRA.BSE_IDX,01/07/2025,11:08:18,609.59,0,0,0,0,0,0
INFRA.BSE_IDX,01/07/2025,11:08:26,609.64,0,0,0,0,0,0
INFRA.BSE_IDX,01/07/2025,11:08:35,609.67,0,0,0,0,0,0
INFRA.BSE_IDX,01/07/2025,11:08:43,609.66,0,0,0,0,0,0
INFRA.BSE_IDX,01/07/2025,11:08:51,609.65,0,0,0,0,0,0
INFRA.BSE_IDX,01/07/2025,11:08:58,609.59,0,0,0,0,0,0
INFRA.BSE_IDX,01/07/2025,11:09:07,609.6,0,0,0,0,0,0
INFRA.BSE_IDX,01/07/2025,11:09:15,609.5,0,0,0,0,0,0
INFRA.BSE_IDX,01/07/2025,11:09:23,609.52,0,0,0,0,0,0
INFRA.BSE_IDX,01/07/2025,11:09:31,609.49,0,0,0,0,0,0
INFRA.BSE_IDX,01/07/2025,11:09:39,609.48,0,0,0,0,0,0
INFRA.BSE_IDX,01/07/2025,11:09:46,609.41,0,0,0,0,0,0
INFRA.BSE_IDX,01/07/2025,11:09:55,609.41,0,0,0,0,0,0
INFRA.BSE_IDX,01/07/2025,11:10:03,609.44,0,0,0,0,0,0
INFRA.BSE_IDX,01/07/2025,11:10:11,609.44,0,0,0,0,0,0
INFRA.BSE_IDX,01/07/2025,11:10:19,609.51,0,0,0,0,0,0
INFRA.BSE_IDX,01/07/2025,11:10:27,609.51,0,0,0,0,0,0
INFRA.BSE_IDX,01/07/2025,11:10:35,609.59,0,0,0,0,0,0
INFRA.BSE_IDX,01/07/2025,11:10:43,609.68,0,0,0,0,0,0
INFRA.BSE_IDX,01/07/2025,11:10:51,609.76,0,0,0,0,0,0
INFRA.BSE_IDX,01/07/2025,11:10:59,609.73,0,0,0,0,0,0
INFRA.BSE_IDX,01/07/2025,11:11:07,609.81,0,0,0,0,0,0
INFRA.BSE_IDX,01/07/2025,11:11:15,609.74,0,0,0,0,0,0
INFRA.BSE_IDX,01/07/2025,11:11:23,609.75,0,0,0,0,0,0
INFRA.BSE_IDX,01/07/2025,11:11:31,609.65,0,0,0,0,0,0
INFRA.BSE_IDX,01/07/2025,11:11:39,609.68,0,0,0,0,0,0
INFRA.BSE_IDX,01/07/2025,11:11:47,609.65,0,0,0,0,0,0
INFRA.BSE_IDX,01/07/2025,11:11:55,609.68,0,0,0,0,0,0
INFRA.BSE_IDX,01/07/2025,11:12:03,609.71,0,0,0,0,0,0
INFRA.BSE_IDX,01/07/2025,11:12:11,609.76,0,0,0,0,0,0
INFRA.BSE_IDX,01/07/2025,11:12:19,609.8,0,0,0,0,0,0
INFRA.BSE_IDX,01/07/2025,11:12:27,609.77,0,0,0,0,0,0
INFRA.BSE_IDX,01/07/2025,11:12:35,609.8,0,0,0,0,0,0
INFRA.BSE_IDX,01/07/2025,11:12:43,609.76,0,0,0,0,0,0
INFRA.BSE_IDX,01/07/2025,11:12:51,609.78,0,0,0,0,0,0
INFRA.BSE_IDX,01/07/2025,11:12:59,609.76,0,0,0,0,0,0
INFRA.BSE_IDX,01/07/2025,11:13:07,609.76,0,0,0,0,0,0
INFRA.BSE_IDX,01/07/2025,11:13:16,609.74,0,0,0,0,0,0
INFRA.BSE_IDX,01/07/2025,11:13:23,609.71,0,0,0,0,0,0
INFRA.BSE_IDX,01/07/2025,11:13:31,609.74,0,0,0,0,0,0
INFRA.BSE_IDX,01/07/2025,11:13:39,609.81,0,0,0,0,0,0
INFRA.BSE_IDX,01/07/2025,11:13:47,609.78,0,0,0,0,0,0
INFRA.BSE_IDX,01/07/2025,11:13:55,609.84,0,0,0,0,0,0
INFRA.BSE_IDX,01/07/2025,11:14:03,609.94,0,0,0,0,0,0
INFRA.BSE_IDX,01/07/2025,11:14:11,610.01,0,0,0,0,0,0
INFRA.BSE_IDX,01/07/2025,11:14:19,609.98,0,0,0,0,0,0
INFRA.BSE_IDX,01/07/2025,11:14:27,609.97,0,0,0,0,0,0
INFRA.BSE_IDX,01/07/2025,11:14:35,610.02,0,0,0,0,0,0
INFRA.BSE_IDX,01/07/2025,11:14:43,610.01,0,0,0,0,0,0
INFRA.BSE_IDX,01/07/2025,11:14:51,610.03,0,0,0,0,0,0
INFRA.BSE_IDX,01/07/2025,11:14:59,610.03,0,0,0,0,0,0
INFRA.BSE_IDX,01/07/2025,11:15:07,610.17,0,0,0,0,0,0
INFRA.BSE_IDX,01/07/2025,11:15:15,610.16,0,0,0,0,0,0
INFRA.BSE_IDX,01/07/2025,11:15:23,610.15,0,0,0,0,0,0
INFRA.BSE_IDX,01/07/2025,11:15:31,610.03,0,0,0,0,0,0
INFRA.BSE_IDX,01/07/2025,11:15:39,610.07,0,0,0,0,0,0
INFRA.BSE_IDX,01/07/2025,11:15:47,610.17,0,0,0,0,0,0
INFRA.BSE_IDX,01/07/2025,11:15:56,610.24,0,0,0,0,0,0
INFRA.BSE_IDX,01/07/2025,11:16:03,610.24,0,0,0,0,0,0
INFRA.BSE_IDX,01/07/2025,11:16:11,610.16,0,0,0,0,0,0
INFRA.BSE_IDX,01/07/2025,11:16:19,610.16,0,0,0,0,0,0
INFRA.BSE_IDX,01/07/2025,11:16:27,610.1,0,0,0,0,0,0
INFRA.BSE_IDX,01/07/2025,11:16:35,610.11,0,0,0,0,0,0
INFRA.BSE_IDX,01/07/2025,11:16:43,610.13,0,0,0,0,0,0
INFRA.BSE_IDX,01/07/2025,11:16:51,610.09,0,0,0,0,0,0
INFRA.BSE_IDX,01/07/2025,11:16:59,610.14,0,0,0,0,0,0
INFRA.BSE_IDX,01/07/2025,11:17:07,610.26,0,0,0,0,0,0
INFRA.BSE_IDX,01/07/2025,11:17:15,610.27,0,0,0,0,0,0
INFRA.BSE_IDX,01/07/2025,11:17:23,610.37,0,0,0,0,0,0
INFRA.BSE_IDX,01/07/2025,11:17:31,610.42,0,0,0,0,0,0
INFRA.BSE_IDX,01/07/2025,11:17:39,610.48,0,0,0,0,0,0
INFRA.BSE_IDX,01/07/2025,11:17:47,610.6,0,0,0,0,0,0
INFRA.BSE_IDX,01/07/2025,11:17:57,610.59,0,0,0,0,0,0
INFRA.BSE_IDX,01/07/2025,11:18:03,610.61,0,0,0,0,0,0
INFRA.BSE_IDX,01/07/2025,11:18:11,610.53,0,0,0,0,0,0
INFRA.BSE_IDX,01/07/2025,11:18:19,610.61,0,0,0,0,0,0
INFRA.BSE_IDX,01/07/2025,11:18:27,610.69,0,0,0,0,0,0
INFRA.BSE_IDX,01/07/2025,11:18:35,610.68,0,0,0,0,0,0
INFRA.BSE_IDX,01/07/2025,11:18:44,610.62,0,0,0,0,0,0
INFRA.BSE_IDX,01/07/2025,11:18:51,610.57,0,0,0,0,0,0
INFRA.BSE_IDX,01/07/2025,11:18:59,610.49,0,0,0,0,0,0
INFRA.BSE_IDX,01/07/2025,11:19:08,610.43,0,0,0,0,0,0
INFRA.BSE_IDX,01/07/2025,11:19:15,610.43,0,0,0,0,0,0
INFRA.BSE_IDX,01/07/2025,11:19:23,610.44,0,0,0,0,0,0
INFRA.BSE_IDX,01/07/2025,11:19:31,610.28,0,0,0,0,0,0
INFRA.BSE_IDX,01/07/2025,11:19:39,610.28,0,0,0,0,0,0
INFRA.BSE_IDX,01/07/2025,11:19:47,610.27,0,0,0,0,0,0
INFRA.BSE_IDX,01/07/2025,11:19:55,610.23,0,0,0,0,0,0
INFRA.BSE_IDX,01/07/2025,11:20:03,610.22,0,0,0,0,0,0
INFRA.BSE_IDX,01/07/2025,11:20:11,610.2,0,0,0,0,0,0
INFRA.BSE_IDX,01/07/2025,11:20:19,610.2,0,0,0,0,0,0
INFRA.BSE_IDX,01/07/2025,11:20:27,610.26,0,0,0,0,0,0
INFRA.BSE_IDX,01/07/2025,11:20:35,610.22,0,0,0,0,0,0
INFRA.BSE_IDX,01/07/2025,11:20:43,610.2,0,0,0,0,0,0
INFRA.BSE_IDX,01/07/2025,11:20:51,610.23,0,0,0,0,0,0
INFRA.BSE_IDX,01/07/2025,11:20:59,610.16,0,0,0,0,0,0
INFRA.BSE_IDX,01/07/2025,11:21:07,610.28,0,0,0,0,0,0
INFRA.BSE_IDX,01/07/2025,11:21:15,610.29,0,0,0,0,0,0
INFRA.BSE_IDX,01/07/2025,11:21:24,610.3,0,0,0,0,0,0
INFRA.BSE_IDX,01/07/2025,11:21:31,610.35,0,0,0,0,0,0
INFRA.BSE_IDX,01/07/2025,11:21:39,610.29,0,0,0,0,0,0
INFRA.BSE_IDX,01/07/2025,11:21:47,610.18,0,0,0,0,0,0
INFRA.BSE_IDX,01/07/2025,11:21:56,610.18,0,0,0,0,0,0
INFRA.BSE_IDX,01/07/2025,11:22:03,610.22,0,0,0,0,0,0
INFRA.BSE_IDX,01/07/2025,11:22:11,610.15,0,0,0,0,0,0
INFRA.BSE_IDX,01/07/2025,11:22:19,610.18,0,0,0,0,0,0
INFRA.BSE_IDX,01/07/2025,11:22:28,610.15,0,0,0,0,0,0
INFRA.BSE_IDX,01/07/2025,11:22:35,610.11,0,0,0,0,0,0
INFRA.BSE_IDX,01/07/2025,11:22:43,610.14,0,0,0,0,0,0
INFRA.BSE_IDX,01/07/2025,11:22:51,610.12,0,0,0,0,0,0
INFRA.BSE_IDX,01/07/2025,11:22:59,610.19,0,0,0,0,0,0
INFRA.BSE_IDX,01/07/2025,11:23:07,610.19,0,0,0,0,0,0
INFRA.BSE_IDX,01/07/2025,11:23:15,610.13,0,0,0,0,0,0
INFRA.BSE_IDX,01/07/2025,11:23:23,610.1,0,0,0,0,0,0
INFRA.BSE_IDX,01/07/2025,11:23:31,610.08,0,0,0,0,0,0
INFRA.BSE_IDX,01/07/2025,11:23:39,610.11,0,0,0,0,0,0
INFRA.BSE_IDX,01/07/2025,11:23:47,610.13,0,0,0,0,0,0
INFRA.BSE_IDX,01/07/2025,11:23:55,610.2,0,0,0,0,0,0
INFRA.BSE_IDX,01/07/2025,11:24:04,610.16,0,0,0,0,0,0
INFRA.BSE_IDX,01/07/2025,11:24:11,610.18,0,0,0,0,0,0
INFRA.BSE_IDX,01/07/2025,11:24:19,610.24,0,0,0,0,0,0
INFRA.BSE_IDX,01/07/2025,11:24:27,610.29,0,0,0,0,0,0
INFRA.BSE_IDX,01/07/2025,11:24:35,610.27,0,0,0,0,0,0
INFRA.BSE_IDX,01/07/2025,11:24:43,610.26,0,0,0,0,0,0
INFRA.BSE_IDX,01/07/2025,11:24:52,610.24,0,0,0,0,0,0
INFRA.BSE_IDX,01/07/2025,11:25:00,610.27,0,0,0,0,0,0
INFRA.BSE_IDX,01/07/2025,11:25:07,610.25,0,0,0,0,0,0
INFRA.BSE_IDX,01/07/2025,11:25:15,610.23,0,0,0,0,0,0
INFRA.BSE_IDX,01/07/2025,11:25:23,610.23,0,0,0,0,0,0
INFRA.BSE_IDX,01/07/2025,11:25:31,610.28,0,0,0,0,0,0
INFRA.BSE_IDX,01/07/2025,11:25:41,610.27,0,0,0,0,0,0
INFRA.BSE_IDX,01/07/2025,11:25:47,610.22,0,0,0,0,0,0
INFRA.BSE_IDX,01/07/2025,11:25:55,610.12,0,0,0,0,0,0
INFRA.BSE_IDX,01/07/2025,11:26:03,610.13,0,0,0,0,0,0
INFRA.BSE_IDX,01/07/2025,11:26:11,610.16,0,0,0,0,0,0
INFRA.BSE_IDX,01/07/2025,11:26:19,610.19,0,0,0,0,0,0
INFRA.BSE_IDX,01/07/2025,11:26:27,610.19,0,0,0,0,0,0
INFRA.BSE_IDX,01/07/2025,11:26:35,610.2,0,0,0,0,0,0
INFRA.BSE_IDX,01/07/2025,11:26:43,610.2,0,0,0,0,0,0
INFRA.BSE_IDX,01/07/2025,11:26:51,610.21,0,0,0,0,0,0
INFRA.BSE_IDX,01/07/2025,11:26:59,610.28,0,0,0,0,0,0
INFRA.BSE_IDX,01/07/2025,11:27:07,610.37,0,0,0,0,0,0
INFRA.BSE_IDX,01/07/2025,11:27:15,610.33,0,0,0,0,0,0
INFRA.BSE_IDX,01/07/2025,11:27:23,610.29,0,0,0,0,0,0
INFRA.BSE_IDX,01/07/2025,11:27:31,610.31,0,0,0,0,0,0
INFRA.BSE_IDX,01/07/2025,11:27:39,610.36,0,0,0,0,0,0
INFRA.BSE_IDX,01/07/2025,11:27:47,610.35,0,0,0,0,0,0
INFRA.BSE_IDX,01/07/2025,11:27:55,610.28,0,0,0,0,0,0
INFRA.BSE_IDX,01/07/2025,11:28:03,610.26,0,0,0,0,0,0
INFRA.BSE_IDX,01/07/2025,11:28:11,610.26,0,0,0,0,0,0
INFRA.BSE_IDX,01/07/2025,11:28:19,610.1,0,0,0,0,0,0
INFRA.BSE_IDX,01/07/2025,11:28:27,610.15,0,0,0,0,0,0
INFRA.BSE_IDX,01/07/2025,11:28:36,610.19,0,0,0,0,0,0
INFRA.BSE_IDX,01/07/2025,11:28:43,610.13,0,0,0,0,0,0
INFRA.BSE_IDX,01/07/2025,11:28:51,610.16,0,0,0,0,0,0
INFRA.BSE_IDX,01/07/2025,11:28:59,610.22,0,0,0,0,0,0
INFRA.BSE_IDX,01/07/2025,11:29:07,610.24,0,0,0,0,0,0
INFRA.BSE_IDX,01/07/2025,11:29:16,610.2,0,0,0,0,0,0
INFRA.BSE_IDX,01/07/2025,11:29:24,610.14,0,0,0,0,0,0
INFRA.BSE_IDX,01/07/2025,11:29:31,610.11,0,0,0,0,0,0
INFRA.BSE_IDX,01/07/2025,11:29:39,610.14,0,0,0,0,0,0
INFRA.BSE_IDX,01/07/2025,11:29:47,610.21,0,0,0,0,0,0
INFRA.BSE_IDX,01/07/2025,11:29:55,610.21,0,0,0,0,0,0
INFRA.BSE_IDX,01/07/2025,11:30:03,610.24,0,0,0,0,0,0
INFRA.BSE_IDX,01/07/2025,11:30:11,610.19,0,0,0,0,0,0
INFRA.BSE_IDX,01/07/2025,11:30:19,610.15,0,0,0,0,0,0
INFRA.BSE_IDX,01/07/2025,11:30:27,610.18,0,0,0,0,0,0
INFRA.BSE_IDX,01/07/2025,11:30:35,610.19,0,0,0,0,0,0
INFRA.BSE_IDX,01/07/2025,11:30:43,610.3,0,0,0,0,0,0
INFRA.BSE_IDX,01/07/2025,11:30:51,610.28,0,0,0,0,0,0
INFRA.BSE_IDX,01/07/2025,11:30:59,610.18,0,0,0,0,0,0
INFRA.BSE_IDX,01/07/2025,11:31:07,610.22,0,0,0,0,0,0
INFRA.BSE_IDX,01/07/2025,11:31:15,610.09,0,0,0,0,0,0
INFRA.BSE_IDX,01/07/2025,11:31:23,610.05,0,0,0,0,0,0
INFRA.BSE_IDX,01/07/2025,11:31:31,610.06,0,0,0,0,0,0
INFRA.BSE_IDX,01/07/2025,11:31:39,610.08,0,0,0,0,0,0
INFRA.BSE_IDX,01/07/2025,11:31:47,610.03,0,0,0,0,0,0
INFRA.BSE_IDX,01/07/2025,11:31:55,609.98,0,0,0,0,0,0
INFRA.BSE_IDX,01/07/2025,11:32:04,610.01,0,0,0,0,0,0
INFRA.BSE_IDX,01/07/2025,11:32:11,609.94,0,0,0,0,0,0
INFRA.BSE_IDX,01/07/2025,11:32:19,609.89,0,0,0,0,0,0
INFRA.BSE_IDX,01/07/2025,11:32:27,609.89,0,0,0,0,0,0
INFRA.BSE_IDX,01/07/2025,11:32:35,609.89,0,0,0,0,0,0
INFRA.BSE_IDX,01/07/2025,11:32:43,609.8,0,0,0,0,0,0
INFRA.BSE_IDX,01/07/2025,11:32:51,609.81,0,0,0,0,0,0
INFRA.BSE_IDX,01/07/2025,11:32:59,609.81,0,0,0,0,0,0
INFRA.BSE_IDX,01/07/2025,11:33:07,609.79,0,0,0,0,0,0
INFRA.BSE_IDX,01/07/2025,11:33:15,609.87,0,0,0,0,0,0
INFRA.BSE_IDX,01/07/2025,11:33:23,609.84,0,0,0,0,0,0
INFRA.BSE_IDX,01/07/2025,11:33:31,609.85,0,0,0,0,0,0
INFRA.BSE_IDX,01/07/2025,11:33:39,609.86,0,0,0,0,0,0
INFRA.BSE_IDX,01/07/2025,11:33:47,609.84,0,0,0,0,0,0
INFRA.BSE_IDX,01/07/2025,11:33:55,609.81,0,0,0,0,0,0
INFRA.BSE_IDX,01/07/2025,11:34:03,609.75,0,0,0,0,0,0
INFRA.BSE_IDX,01/07/2025,11:34:12,609.8,0,0,0,0,0,0
INFRA.BSE_IDX,01/07/2025,11:34:19,609.81,0,0,0,0,0,0
INFRA.BSE_IDX,01/07/2025,11:34:27,609.77,0,0,0,0,0,0
INFRA.BSE_IDX,01/07/2025,11:34:35,609.72,0,0,0,0,0,0
INFRA.BSE_IDX,01/07/2025,11:34:43,609.74,0,0,0,0,0,0
INFRA.BSE_IDX,01/07/2025,11:34:51,609.77,0,0,0,0,0,0
INFRA.BSE_IDX,01/07/2025,11:34:59,609.7,0,0,0,0,0,0
INFRA.BSE_IDX,01/07/2025,11:35:07,609.71,0,0,0,0,0,0
INFRA.BSE_IDX,01/07/2025,11:35:16,609.77,0,0,0,0,0,0
INFRA.BSE_IDX,01/07/2025,11:35:23,609.71,0,0,0,0,0,0
INFRA.BSE_IDX,01/07/2025,11:35:32,609.69,0,0,0,0,0,0
INFRA.BSE_IDX,01/07/2025,11:35:39,609.68,0,0,0,0,0,0
INFRA.BSE_IDX,01/07/2025,11:35:47,609.73,0,0,0,0,0,0
INFRA.BSE_IDX,01/07/2025,11:35:55,609.78,0,0,0,0,0,0
INFRA.BSE_IDX,01/07/2025,11:36:04,609.77,0,0,0,0,0,0
INFRA.BSE_IDX,01/07/2025,11:36:11,609.77,0,0,0,0,0,0
INFRA.BSE_IDX,01/07/2025,11:36:19,609.75,0,0,0,0,0,0
INFRA.BSE_IDX,01/07/2025,11:36:28,609.75,0,0,0,0,0,0
INFRA.BSE_IDX,01/07/2025,11:36:35,609.71,0,0,0,0,0,0
INFRA.BSE_IDX,01/07/2025,11:36:43,609.76,0,0,0,0,0,0
INFRA.BSE_IDX,01/07/2025,11:36:54,609.81,0,0,0,0,0,0
INFRA.BSE_IDX,01/07/2025,11:36:59,609.77,0,0,0,0,0,0
INFRA.BSE_IDX,01/07/2025,11:37:07,609.78,0,0,0,0,0,0
INFRA.BSE_IDX,01/07/2025,11:37:15,609.82,0,0,0,0,0,0
INFRA.BSE_IDX,01/07/2025,11:37:23,609.83,0,0,0,0,0,0
INFRA.BSE_IDX,01/07/2025,11:37:31,609.79,0,0,0,0,0,0
INFRA.BSE_IDX,01/07/2025,11:37:41,609.8,0,0,0,0,0,0
INFRA.BSE_IDX,01/07/2025,11:37:47,609.84,0,0,0,0,0,0
INFRA.BSE_IDX,01/07/2025,11:37:55,609.85,0,0,0,0,0,0
INFRA.BSE_IDX,01/07/2025,11:38:03,609.81,0,0,0,0,0,0
INFRA.BSE_IDX,01/07/2025,11:38:11,609.84,0,0,0,0,0,0
INFRA.BSE_IDX,01/07/2025,11:38:20,609.77,0,0,0,0,0,0
INFRA.BSE_IDX,01/07/2025,11:38:27,609.77,0,0,0,0,0,0
INFRA.BSE_IDX,01/07/2025,11:38:35,609.81,0,0,0,0,0,0
INFRA.BSE_IDX,01/07/2025,11:38:43,609.8,0,0,0,0,0,0
INFRA.BSE_IDX,01/07/2025,11:38:51,609.83,0,0,0,0,0,0
INFRA.BSE_IDX,01/07/2025,11:38:59,609.88,0,0,0,0,0,0
INFRA.BSE_IDX,01/07/2025,11:39:07,609.87,0,0,0,0,0,0
INFRA.BSE_IDX,01/07/2025,11:39:16,609.89,0,0,0,0,0,0
INFRA.BSE_IDX,01/07/2025,11:39:23,609.9,0,0,0,0,0,0
INFRA.BSE_IDX,01/07/2025,11:39:31,609.96,0,0,0,0,0,0
INFRA.BSE_IDX,01/07/2025,11:39:39,609.89,0,0,0,0,0,0
INFRA.BSE_IDX,01/07/2025,11:39:47,609.87,0,0,0,0,0,0
INFRA.BSE_IDX,01/07/2025,11:39:55,609.85,0,0,0,0,0,0
INFRA.BSE_IDX,01/07/2025,11:40:03,609.86,0,0,0,0,0,0
INFRA.BSE_IDX,01/07/2025,11:40:11,609.85,0,0,0,0,0,0
INFRA.BSE_IDX,01/07/2025,11:40:19,609.84,0,0,0,0,0,0
INFRA.BSE_IDX,01/07/2025,11:40:27,609.86,0,0,0,0,0,0
INFRA.BSE_IDX,01/07/2025,11:40:35,609.89,0,0,0,0,0,0
INFRA.BSE_IDX,01/07/2025,11:40:43,609.87,0,0,0,0,0,0
INFRA.BSE_IDX,01/07/2025,11:40:51,609.86,0,0,0,0,0,0
INFRA.BSE_IDX,01/07/2025,11:41:00,609.84,0,0,0,0,0,0
INFRA.BSE_IDX,01/07/2025,11:41:07,609.82,0,0,0,0,0,0
INFRA.BSE_IDX,01/07/2025,11:41:15,609.76,0,0,0,0,0,0
INFRA.BSE_IDX,01/07/2025,11:41:24,609.77,0,0,0,0,0,0
INFRA.BSE_IDX,01/07/2025,11:41:32,609.76,0,0,0,0,0,0
INFRA.BSE_IDX,01/07/2025,11:41:39,609.83,0,0,0,0,0,0
INFRA.BSE_IDX,01/07/2025,11:41:48,609.83,0,0,0,0,0,0
INFRA.BSE_IDX,01/07/2025,11:41:56,609.91,0,0,0,0,0,0
INFRA.BSE_IDX,01/07/2025,11:42:04,609.89,0,0,0,0,0,0
INFRA.BSE_IDX,01/07/2025,11:42:12,609.93,0,0,0,0,0,0
INFRA.BSE_IDX,01/07/2025,11:42:20,609.95,0,0,0,0,0,0
INFRA.BSE_IDX,01/07/2025,11:42:28,609.97,0,0,0,0,0,0
INFRA.BSE_IDX,01/07/2025,11:42:36,609.97,0,0,0,0,0,0
INFRA.BSE_IDX,01/07/2025,11:42:44,609.98,0,0,0,0,0,0
INFRA.BSE_IDX,01/07/2025,11:42:52,609.99,0,0,0,0,0,0
INFRA.BSE_IDX,01/07/2025,11:43:00,609.93,0,0,0,0,0,0
INFRA.BSE_IDX,01/07/2025,11:43:08,609.95,0,0,0,0,0,0
INFRA.BSE_IDX,01/07/2025,11:43:16,609.97,0,0,0,0,0,0
INFRA.BSE_IDX,01/07/2025,11:43:24,609.94,0,0,0,0,0,0
INFRA.BSE_IDX,01/07/2025,11:43:32,609.92,0,0,0,0,0,0
INFRA.BSE_IDX,01/07/2025,11:43:40,609.88,0,0,0,0,0,0
INFRA.BSE_IDX,01/07/2025,11:43:48,609.94,0,0,0,0,0,0
INFRA.BSE_IDX,01/07/2025,11:43:56,609.91,0,0,0,0,0,0
INFRA.BSE_IDX,01/07/2025,11:44:04,609.9,0,0,0,0,0,0
INFRA.BSE_IDX,01/07/2025,11:44:12,609.88,0,0,0,0,0,0
INFRA.BSE_IDX,01/07/2025,11:44:20,609.97,0,0,0,0,0,0
INFRA.BSE_IDX,01/07/2025,11:44:28,609.94,0,0,0,0,0,0
INFRA.BSE_IDX,01/07/2025,11:44:36,609.93,0,0,0,0,0,0
INFRA.BSE_IDX,01/07/2025,11:44:44,609.97,0,0,0,0,0,0
INFRA.BSE_IDX,01/07/2025,11:44:52,609.94,0,0,0,0,0,0
INFRA.BSE_IDX,01/07/2025,11:45:00,609.95,0,0,0,0,0,0
INFRA.BSE_IDX,01/07/2025,11:45:08,609.9,0,0,0,0,0,0
INFRA.BSE_IDX,01/07/2025,11:45:16,609.88,0,0,0,0,0,0
INFRA.BSE_IDX,01/07/2025,11:45:24,609.91,0,0,0,0,0,0
INFRA.BSE_IDX,01/07/2025,11:45:32,609.88,0,0,0,0,0,0
INFRA.BSE_IDX,01/07/2025,11:45:40,609.93,0,0,0,0,0,0
INFRA.BSE_IDX,01/07/2025,11:45:48,609.87,0,0,0,0,0,0
INFRA.BSE_IDX,01/07/2025,11:45:56,609.91,0,0,0,0,0,0
INFRA.BSE_IDX,01/07/2025,11:46:04,609.98,0,0,0,0,0,0
INFRA.BSE_IDX,01/07/2025,11:46:12,610.03,0,0,0,0,0,0
INFRA.BSE_IDX,01/07/2025,11:46:20,610.11,0,0,0,0,0,0
INFRA.BSE_IDX,01/07/2025,11:46:28,610.11,0,0,0,0,0,0
INFRA.BSE_IDX,01/07/2025,11:46:36,610.09,0,0,0,0,0,0
INFRA.BSE_IDX,01/07/2025,11:46:44,610.05,0,0,0,0,0,0
INFRA.BSE_IDX,01/07/2025,11:46:52,610.06,0,0,0,0,0,0
INFRA.BSE_IDX,01/07/2025,11:47:00,610.06,0,0,0,0,0,0
INFRA.BSE_IDX,01/07/2025,11:47:08,610.07,0,0,0,0,0,0
INFRA.BSE_IDX,01/07/2025,11:47:16,609.98,0,0,0,0,0,0
INFRA.BSE_IDX,01/07/2025,11:47:24,609.99,0,0,0,0,0,0
INFRA.BSE_IDX,01/07/2025,11:47:32,609.99,0,0,0,0,0,0
INFRA.BSE_IDX,01/07/2025,11:47:40,609.99,0,0,0,0,0,0
INFRA.BSE_IDX,01/07/2025,11:47:48,610.02,0,0,0,0,0,0
INFRA.BSE_IDX,01/07/2025,11:47:56,610.04,0,0,0,0,0,0
INFRA.BSE_IDX,01/07/2025,11:48:04,609.97,0,0,0,0,0,0
INFRA.BSE_IDX,01/07/2025,11:48:12,609.98,0,0,0,0,0,0
INFRA.BSE_IDX,01/07/2025,11:48:20,609.91,0,0,0,0,0,0
INFRA.BSE_IDX,01/07/2025,11:48:28,609.98,0,0,0,0,0,0
INFRA.BSE_IDX,01/07/2025,11:48:36,610.03,0,0,0,0,0,0
INFRA.BSE_IDX,01/07/2025,11:48:44,609.99,0,0,0,0,0,0
INFRA.BSE_IDX,01/07/2025,11:48:52,610.01,0,0,0,0,0,0
INFRA.BSE_IDX,01/07/2025,11:49:01,609.98,0,0,0,0,0,0
INFRA.BSE_IDX,01/07/2025,11:49:09,609.98,0,0,0,0,0,0
INFRA.BSE_IDX,01/07/2025,11:49:16,609.99,0,0,0,0,0,0
INFRA.BSE_IDX,01/07/2025,11:49:24,609.99,0,0,0,0,0,0
INFRA.BSE_IDX,01/07/2025,11:49:32,609.96,0,0,0,0,0,0
INFRA.BSE_IDX,01/07/2025,11:49:40,609.96,0,0,0,0,0,0
INFRA.BSE_IDX,01/07/2025,11:49:49,609.92,0,0,0,0,0,0
INFRA.BSE_IDX,01/07/2025,11:49:56,609.96,0,0,0,0,0,0
INFRA.BSE_IDX,01/07/2025,11:50:04,609.98,0,0,0,0,0,0
INFRA.BSE_IDX,01/07/2025,11:50:12,609.87,0,0,0,0,0,0
INFRA.BSE_IDX,01/07/2025,11:50:20,609.87,0,0,0,0,0,0
INFRA.BSE_IDX,01/07/2025,11:50:28,609.82,0,0,0,0,0,0
INFRA.BSE_IDX,01/07/2025,11:50:36,609.83,0,0,0,0,0,0
INFRA.BSE_IDX,01/07/2025,11:50:44,609.87,0,0,0,0,0,0
INFRA.BSE_IDX,01/07/2025,11:50:52,609.88,0,0,0,0,0,0
INFRA.BSE_IDX,01/07/2025,11:51:00,609.82,0,0,0,0,0,0
INFRA.BSE_IDX,01/07/2025,11:51:08,609.8,0,0,0,0,0,0
INFRA.BSE_IDX,01/07/2025,11:51:16,609.85,0,0,0,0,0,0
INFRA.BSE_IDX,01/07/2025,11:51:24,609.86,0,0,0,0,0,0
INFRA.BSE_IDX,01/07/2025,11:51:32,609.85,0,0,0,0,0,0
INFRA.BSE_IDX,01/07/2025,11:51:40,609.87,0,0,0,0,0,0
INFRA.BSE_IDX,01/07/2025,11:51:48,609.92,0,0,0,0,0,0
INFRA.BSE_IDX,01/07/2025,11:51:56,609.94,0,0,0,0,0,0
INFRA.BSE_IDX,01/07/2025,11:52:04,609.88,0,0,0,0,0,0
INFRA.BSE_IDX,01/07/2025,11:52:12,609.87,0,0,0,0,0,0
INFRA.BSE_IDX,01/07/2025,11:52:20,609.89,0,0,0,0,0,0
INFRA.BSE_IDX,01/07/2025,11:52:28,609.89,0,0,0,0,0,0
INFRA.BSE_IDX,01/07/2025,11:52:36,609.89,0,0,0,0,0,0
INFRA.BSE_IDX,01/07/2025,11:52:44,609.78,0,0,0,0,0,0
INFRA.BSE_IDX,01/07/2025,11:52:52,609.79,0,0,0,0,0,0
INFRA.BSE_IDX,01/07/2025,11:53:00,609.74,0,0,0,0,0,0
INFRA.BSE_IDX,01/07/2025,11:53:08,609.67,0,0,0,0,0,0
INFRA.BSE_IDX,01/07/2025,11:53:16,609.64,0,0,0,0,0,0
INFRA.BSE_IDX,01/07/2025,11:53:24,609.66,0,0,0,0,0,0
INFRA.BSE_IDX,01/07/2025,11:53:32,609.64,0,0,0,0,0,0
INFRA.BSE_IDX,01/07/2025,11:53:40,609.66,0,0,0,0,0,0
INFRA.BSE_IDX,01/07/2025,11:53:48,609.65,0,0,0,0,0,0
INFRA.BSE_IDX,01/07/2025,11:53:56,609.63,0,0,0,0,0,0
INFRA.BSE_IDX,01/07/2025,11:54:04,609.45,0,0,0,0,0,0
INFRA.BSE_IDX,01/07/2025,11:54:12,609.45,0,0,0,0,0,0
INFRA.BSE_IDX,01/07/2025,11:54:20,609.4,0,0,0,0,0,0
INFRA.BSE_IDX,01/07/2025,11:54:28,609.38,0,0,0,0,0,0
INFRA.BSE_IDX,01/07/2025,11:54:36,609.41,0,0,0,0,0,0
INFRA.BSE_IDX,01/07/2025,11:54:44,609.4,0,0,0,0,0,0
INFRA.BSE_IDX,01/07/2025,11:54:52,609.36,0,0,0,0,0,0
INFRA.BSE_IDX,01/07/2025,11:55:00,609.45,0,0,0,0,0,0
INFRA.BSE_IDX,01/07/2025,11:55:08,609.47,0,0,0,0,0,0
INFRA.BSE_IDX,01/07/2025,11:55:17,609.46,0,0,0,0,0,0
INFRA.BSE_IDX,01/07/2025,11:55:24,609.44,0,0,0,0,0,0
INFRA.BSE_IDX,01/07/2025,11:55:32,609.43,0,0,0,0,0,0
INFRA.BSE_IDX,01/07/2025,11:55:40,609.48,0,0,0,0,0,0
INFRA.BSE_IDX,01/07/2025,11:55:48,609.45,0,0,0,0,0,0
INFRA.BSE_IDX,01/07/2025,11:55:56,609.45,0,0,0,0,0,0
INFRA.BSE_IDX,01/07/2025,11:56:05,609.44,0,0,0,0,0,0
INFRA.BSE_IDX,01/07/2025,11:56:12,609.45,0,0,0,0,0,0
INFRA.BSE_IDX,01/07/2025,11:56:20,609.36,0,0,0,0,0,0
INFRA.BSE_IDX,01/07/2025,11:56:28,609.3,0,0,0,0,0,0
INFRA.BSE_IDX,01/07/2025,11:56:36,609.33,0,0,0,0,0,0
INFRA.BSE_IDX,01/07/2025,11:56:44,609.29,0,0,0,0,0,0
INFRA.BSE_IDX,01/07/2025,11:56:52,609.27,0,0,0,0,0,0
INFRA.BSE_IDX,01/07/2025,11:57:00,609.18,0,0,0,0,0,0
INFRA.BSE_IDX,01/07/2025,11:57:08,609.13,0,0,0,0,0,0
INFRA.BSE_IDX,01/07/2025,11:57:16,609.06,0,0,0,0,0,0
INFRA.BSE_IDX,01/07/2025,11:57:24,609.07,0,0,0,0,0,0
INFRA.BSE_IDX,01/07/2025,11:57:32,609.09,0,0,0,0,0,0
INFRA.BSE_IDX,01/07/2025,11:57:40,609.08,0,0,0,0,0,0
INFRA.BSE_IDX,01/07/2025,11:57:48,609.14,0,0,0,0,0,0
INFRA.BSE_IDX,01/07/2025,11:57:56,609.14,0,0,0,0,0,0
INFRA.BSE_IDX,01/07/2025,11:58:04,609.09,0,0,0,0,0,0
INFRA.BSE_IDX,01/07/2025,11:58:12,609.04,0,0,0,0,0,0
INFRA.BSE_IDX,01/07/2025,11:58:20,609.05,0,0,0,0,0,0
INFRA.BSE_IDX,01/07/2025,11:58:28,609.02,0,0,0,0,0,0
INFRA.BSE_IDX,01/07/2025,11:58:36,609.05,0,0,0,0,0,0
INFRA.BSE_IDX,01/07/2025,11:58:44,609.13,0,0,0,0,0,0
INFRA.BSE_IDX,01/07/2025,11:58:52,609.24,0,0,0,0,0,0
INFRA.BSE_IDX,01/07/2025,11:59:00,609.26,0,0,0,0,0,0
INFRA.BSE_IDX,01/07/2025,11:59:08,609.22,0,0,0,0,0,0
INFRA.BSE_IDX,01/07/2025,11:59:16,609.17,0,0,0,0,0,0
INFRA.BSE_IDX,01/07/2025,11:59:24,609.25,0,0,0,0,0,0
INFRA.BSE_IDX,01/07/2025,11:59:32,609.27,0,0,0,0,0,0
INFRA.BSE_IDX,01/07/2025,11:59:40,609.33,0,0,0,0,0,0
INFRA.BSE_IDX,01/07/2025,11:59:48,609.38,0,0,0,0,0,0
INFRA.BSE_IDX,01/07/2025,11:59:56,609.37,0,0,0,0,0,0
INFRA.BSE_IDX,01/07/2025,12:00:05,609.37,0,0,0,0,0,0
INFRA.BSE_IDX,01/07/2025,12:00:12,609.43,0,0,0,0,0,0
INFRA.BSE_IDX,01/07/2025,12:00:20,609.4,0,0,0,0,0,0
INFRA.BSE_IDX,01/07/2025,12:00:28,609.34,0,0,0,0,0,0
INFRA.BSE_IDX,01/07/2025,12:00:37,609.31,0,0,0,0,0,0
INFRA.BSE_IDX,01/07/2025,12:00:44,609.27,0,0,0,0,0,0
INFRA.BSE_IDX,01/07/2025,12:00:52,609.29,0,0,0,0,0,0
INFRA.BSE_IDX,01/07/2025,12:01:00,609.25,0,0,0,0,0,0
INFRA.BSE_IDX,01/07/2025,12:01:08,609.26,0,0,0,0,0,0
INFRA.BSE_IDX,01/07/2025,12:01:16,609.3,0,0,0,0,0,0
INFRA.BSE_IDX,01/07/2025,12:01:24,609.29,0,0,0,0,0,0
INFRA.BSE_IDX,01/07/2025,12:01:32,609.21,0,0,0,0,0,0
INFRA.BSE_IDX,01/07/2025,12:01:40,609.2,0,0,0,0,0,0
INFRA.BSE_IDX,01/07/2025,12:01:48,609.23,0,0,0,0,0,0
INFRA.BSE_IDX,01/07/2025,12:01:57,609.25,0,0,0,0,0,0
INFRA.BSE_IDX,01/07/2025,12:02:04,609.19,0,0,0,0,0,0
INFRA.BSE_IDX,01/07/2025,12:02:12,609.27,0,0,0,0,0,0
INFRA.BSE_IDX,01/07/2025,12:02:20,609.23,0,0,0,0,0,0
INFRA.BSE_IDX,01/07/2025,12:02:28,609.13,0,0,0,0,0,0
INFRA.BSE_IDX,01/07/2025,12:02:36,609.15,0,0,0,0,0,0
INFRA.BSE_IDX,01/07/2025,12:02:44,609.16,0,0,0,0,0,0
INFRA.BSE_IDX,01/07/2025,12:02:52,609.22,0,0,0,0,0,0
INFRA.BSE_IDX,01/07/2025,12:03:00,609.08,0,0,0,0,0,0
INFRA.BSE_IDX,01/07/2025,12:03:08,609.15,0,0,0,0,0,0
INFRA.BSE_IDX,01/07/2025,12:03:17,609.1,0,0,0,0,0,0
INFRA.BSE_IDX,01/07/2025,12:03:24,609.12,0,0,0,0,0,0
INFRA.BSE_IDX,01/07/2025,12:03:32,609.11,0,0,0,0,0,0
INFRA.BSE_IDX,01/07/2025,12:03:40,609.1,0,0,0,0,0,0
INFRA.BSE_IDX,01/07/2025,12:03:48,609.1,0,0,0,0,0,0
INFRA.BSE_IDX,01/07/2025,12:03:56,609.12,0,0,0,0,0,0
INFRA.BSE_IDX,01/07/2025,12:04:04,609.12,0,0,0,0,0,0
INFRA.BSE_IDX,01/07/2025,12:04:12,609.1,0,0,0,0,0,0
INFRA.BSE_IDX,01/07/2025,12:04:20,609.15,0,0,0,0,0,0
INFRA.BSE_IDX,01/07/2025,12:04:28,609.18,0,0,0,0,0,0
INFRA.BSE_IDX,01/07/2025,12:04:36,609.2,0,0,0,0,0,0
INFRA.BSE_IDX,01/07/2025,12:04:44,609.22,0,0,0,0,0,0
INFRA.BSE_IDX,01/07/2025,12:04:52,609.18,0,0,0,0,0,0
INFRA.BSE_IDX,01/07/2025,12:05:01,609.22,0,0,0,0,0,0
INFRA.BSE_IDX,01/07/2025,12:05:08,609.19,0,0,0,0,0,0
INFRA.BSE_IDX,01/07/2025,12:05:16,609.2,0,0,0,0,0,0
INFRA.BSE_IDX,01/07/2025,12:05:24,609.22,0,0,0,0,0,0
INFRA.BSE_IDX,01/07/2025,12:05:32,609.18,0,0,0,0,0,0
INFRA.BSE_IDX,01/07/2025,12:05:40,609.19,0,0,0,0,0,0
INFRA.BSE_IDX,01/07/2025,12:05:48,609.2,0,0,0,0,0,0
INFRA.BSE_IDX,01/07/2025,12:05:56,609.18,0,0,0,0,0,0
INFRA.BSE_IDX,01/07/2025,12:06:04,609.24,0,0,0,0,0,0
INFRA.BSE_IDX,01/07/2025,12:06:12,609.31,0,0,0,0,0,0
INFRA.BSE_IDX,01/07/2025,12:06:20,609.32,0,0,0,0,0,0
INFRA.BSE_IDX,01/07/2025,12:06:28,609.27,0,0,0,0,0,0
INFRA.BSE_IDX,01/07/2025,12:06:36,609.3,0,0,0,0,0,0
INFRA.BSE_IDX,01/07/2025,12:06:44,609.25,0,0,0,0,0,0
INFRA.BSE_IDX,01/07/2025,12:06:53,609.24,0,0,0,0,0,0
INFRA.BSE_IDX,01/07/2025,12:07:00,609.21,0,0,0,0,0,0
INFRA.BSE_IDX,01/07/2025,12:07:08,609.21,0,0,0,0,0,0
INFRA.BSE_IDX,01/07/2025,12:07:16,609.31,0,0,0,0,0,0
INFRA.BSE_IDX,01/07/2025,12:07:24,609.28,0,0,0,0,0,0
INFRA.BSE_IDX,01/07/2025,12:07:32,609.28,0,0,0,0,0,0
INFRA.BSE_IDX,01/07/2025,12:07:40,609.27,0,0,0,0,0,0
INFRA.BSE_IDX,01/07/2025,12:07:48,609.31,0,0,0,0,0,0
INFRA.BSE_IDX,01/07/2025,12:07:56,609.33,0,0,0,0,0,0
INFRA.BSE_IDX,01/07/2025,12:08:04,609.34,0,0,0,0,0,0
INFRA.BSE_IDX,01/07/2025,12:08:12,609.35,0,0,0,0,0,0
INFRA.BSE_IDX,01/07/2025,12:08:20,609.3,0,0,0,0,0,0
INFRA.BSE_IDX,01/07/2025,12:08:28,609.41,0,0,0,0,0,0
INFRA.BSE_IDX,01/07/2025,12:08:36,609.34,0,0,0,0,0,0
INFRA.BSE_IDX,01/07/2025,12:08:44,609.42,0,0,0,0,0,0
INFRA.BSE_IDX,01/07/2025,12:08:52,609.49,0,0,0,0,0,0
INFRA.BSE_IDX,01/07/2025,12:09:00,609.52,0,0,0,0,0,0
INFRA.BSE_IDX,01/07/2025,12:09:08,609.53,0,0,0,0,0,0
INFRA.BSE_IDX,01/07/2025,12:09:16,609.56,0,0,0,0,0,0
INFRA.BSE_IDX,01/07/2025,12:09:25,609.58,0,0,0,0,0,0
INFRA.BSE_IDX,01/07/2025,12:09:32,609.58,0,0,0,0,0,0
INFRA.BSE_IDX,01/07/2025,12:09:40,609.63,0,0,0,0,0,0
INFRA.BSE_IDX,01/07/2025,12:09:48,609.61,0,0,0,0,0,0
INFRA.BSE_IDX,01/07/2025,12:09:57,609.6,0,0,0,0,0,0
INFRA.BSE_IDX,01/07/2025,12:10:05,609.63,0,0,0,0,0,0
INFRA.BSE_IDX,01/07/2025,12:10:13,609.56,0,0,0,0,0,0
INFRA.BSE_IDX,01/07/2025,12:10:22,609.53,0,0,0,0,0,0
INFRA.BSE_IDX,01/07/2025,12:10:28,609.57,0,0,0,0,0,0
INFRA.BSE_IDX,01/07/2025,12:10:36,609.62,0,0,0,0,0,0
INFRA.BSE_IDX,01/07/2025,12:10:45,609.61,0,0,0,0,0,0
INFRA.BSE_IDX,01/07/2025,12:10:52,609.62,0,0,0,0,0,0
INFRA.BSE_IDX,01/07/2025,12:11:00,609.62,0,0,0,0,0,0
INFRA.BSE_IDX,01/07/2025,12:11:08,609.6,0,0,0,0,0,0
INFRA.BSE_IDX,01/07/2025,12:11:17,609.56,0,0,0,0,0,0
INFRA.BSE_IDX,01/07/2025,12:11:24,609.63,0,0,0,0,0,0
INFRA.BSE_IDX,01/07/2025,12:11:32,609.71,0,0,0,0,0,0
INFRA.BSE_IDX,01/07/2025,12:11:40,609.7,0,0,0,0,0,0
INFRA.BSE_IDX,01/07/2025,12:11:49,609.75,0,0,0,0,0,0
INFRA.BSE_IDX,01/07/2025,12:11:57,609.76,0,0,0,0,0,0
INFRA.BSE_IDX,01/07/2025,12:12:05,609.8,0,0,0,0,0,0
INFRA.BSE_IDX,01/07/2025,12:12:13,609.81,0,0,0,0,0,0
INFRA.BSE_IDX,01/07/2025,12:12:21,609.8,0,0,0,0,0,0
INFRA.BSE_IDX,01/07/2025,12:12:29,609.77,0,0,0,0,0,0
INFRA.BSE_IDX,01/07/2025,12:12:37,609.77,0,0,0,0,0,0
INFRA.BSE_IDX,01/07/2025,12:12:45,609.79,0,0,0,0,0,0
INFRA.BSE_IDX,01/07/2025,12:12:53,609.77,0,0,0,0,0,0
INFRA.BSE_IDX,01/07/2025,12:13:01,609.78,0,0,0,0,0,0
INFRA.BSE_IDX,01/07/2025,12:13:09,609.8,0,0,0,0,0,0
INFRA.BSE_IDX,01/07/2025,12:13:17,609.85,0,0,0,0,0,0
INFRA.BSE_IDX,01/07/2025,12:13:25,609.9,0,0,0,0,0,0
INFRA.BSE_IDX,01/07/2025,12:13:33,609.92,0,0,0,0,0,0
INFRA.BSE_IDX,01/07/2025,12:13:41,609.89,0,0,0,0,0,0
INFRA.BSE_IDX,01/07/2025,12:13:49,609.92,0,0,0,0,0,0
INFRA.BSE_IDX,01/07/2025,12:13:57,609.92,0,0,0,0,0,0
INFRA.BSE_IDX,01/07/2025,12:14:05,609.93,0,0,0,0,0,0
INFRA.BSE_IDX,01/07/2025,12:14:13,609.89,0,0,0,0,0,0
INFRA.BSE_IDX,01/07/2025,12:14:21,609.93,0,0,0,0,0,0
INFRA.BSE_IDX,01/07/2025,12:14:29,609.91,0,0,0,0,0,0
INFRA.BSE_IDX,01/07/2025,12:14:37,609.88,0,0,0,0,0,0
INFRA.BSE_IDX,01/07/2025,12:14:46,609.9,0,0,0,0,0,0
INFRA.BSE_IDX,01/07/2025,12:14:54,609.9,0,0,0,0,0,0
INFRA.BSE_IDX,01/07/2025,12:15:01,609.86,0,0,0,0,0,0
INFRA.BSE_IDX,01/07/2025,12:15:09,609.89,0,0,0,0,0,0
INFRA.BSE_IDX,01/07/2025,12:15:17,609.87,0,0,0,0,0,0
INFRA.BSE_IDX,01/07/2025,12:15:25,609.86,0,0,0,0,0,0
INFRA.BSE_IDX,01/07/2025,12:15:33,609.81,0,0,0,0,0,0
INFRA.BSE_IDX,01/07/2025,12:15:41,609.77,0,0,0,0,0,0
INFRA.BSE_IDX,01/07/2025,12:15:49,609.77,0,0,0,0,0,0
INFRA.BSE_IDX,01/07/2025,12:15:57,609.75,0,0,0,0,0,0
INFRA.BSE_IDX,01/07/2025,12:16:05,609.75,0,0,0,0,0,0
INFRA.BSE_IDX,01/07/2025,12:16:13,609.8,0,0,0,0,0,0
INFRA.BSE_IDX,01/07/2025,12:16:21,609.85,0,0,0,0,0,0
INFRA.BSE_IDX,01/07/2025,12:16:29,609.85,0,0,0,0,0,0
INFRA.BSE_IDX,01/07/2025,12:16:37,609.84,0,0,0,0,0,0
INFRA.BSE_IDX,01/07/2025,12:16:45,609.86,0,0,0,0,0,0
INFRA.BSE_IDX,01/07/2025,12:16:53,609.85,0,0,0,0,0,0
INFRA.BSE_IDX,01/07/2025,12:17:01,609.83,0,0,0,0,0,0
INFRA.BSE_IDX,01/07/2025,12:17:09,609.82,0,0,0,0,0,0
INFRA.BSE_IDX,01/07/2025,12:17:17,609.83,0,0,0,0,0,0
INFRA.BSE_IDX,01/07/2025,12:17:25,609.75,0,0,0,0,0,0
INFRA.BSE_IDX,01/07/2025,12:17:33,609.83,0,0,0,0,0,0
INFRA.BSE_IDX,01/07/2025,12:17:41,609.82,0,0,0,0,0,0
INFRA.BSE_IDX,01/07/2025,12:17:49,609.86,0,0,0,0,0,0
INFRA.BSE_IDX,01/07/2025,12:17:57,609.93,0,0,0,0,0,0
INFRA.BSE_IDX,01/07/2025,12:18:05,610,0,0,0,0,0,0
INFRA.BSE_IDX,01/07/2025,12:18:13,610.06,0,0,0,0,0,0
INFRA.BSE_IDX,01/07/2025,12:18:21,610.09,0,0,0,0,0,0
INFRA.BSE_IDX,01/07/2025,12:18:29,610.18,0,0,0,0,0,0
INFRA.BSE_IDX,01/07/2025,12:18:37,610.16,0,0,0,0,0,0
INFRA.BSE_IDX,01/07/2025,12:18:45,610.17,0,0,0,0,0,0
INFRA.BSE_IDX,01/07/2025,12:18:53,610.21,0,0,0,0,0,0
INFRA.BSE_IDX,01/07/2025,12:19:01,610.24,0,0,0,0,0,0
INFRA.BSE_IDX,01/07/2025,12:19:09,610.18,0,0,0,0,0,0
INFRA.BSE_IDX,01/07/2025,12:19:17,610.22,0,0,0,0,0,0
INFRA.BSE_IDX,01/07/2025,12:19:25,610.15,0,0,0,0,0,0
INFRA.BSE_IDX,01/07/2025,12:19:33,610.24,0,0,0,0,0,0
INFRA.BSE_IDX,01/07/2025,12:19:41,610.34,0,0,0,0,0,0
INFRA.BSE_IDX,01/07/2025,12:19:49,610.38,0,0,0,0,0,0
INFRA.BSE_IDX,01/07/2025,12:19:57,610.43,0,0,0,0,0,0
INFRA.BSE_IDX,01/07/2025,12:20:05,610.48,0,0,0,0,0,0
INFRA.BSE_IDX,01/07/2025,12:20:13,610.49,0,0,0,0,0,0
INFRA.BSE_IDX,01/07/2025,12:20:21,610.55,0,0,0,0,0,0
INFRA.BSE_IDX,01/07/2025,12:20:29,610.57,0,0,0,0,0,0
INFRA.BSE_IDX,01/07/2025,12:20:37,610.57,0,0,0,0,0,0
INFRA.BSE_IDX,01/07/2025,12:20:45,610.57,0,0,0,0,0,0
INFRA.BSE_IDX,01/07/2025,12:20:53,610.51,0,0,0,0,0,0
INFRA.BSE_IDX,01/07/2025,12:21:01,610.55,0,0,0,0,0,0
INFRA.BSE_IDX,01/07/2025,12:21:09,610.51,0,0,0,0,0,0
INFRA.BSE_IDX,01/07/2025,12:21:17,610.5,0,0,0,0,0,0
INFRA.BSE_IDX,01/07/2025,12:21:25,610.51,0,0,0,0,0,0
INFRA.BSE_IDX,01/07/2025,12:21:33,610.59,0,0,0,0,0,0
INFRA.BSE_IDX,01/07/2025,12:21:41,610.68,0,0,0,0,0,0
INFRA.BSE_IDX,01/07/2025,12:21:49,610.82,0,0,0,0,0,0
INFRA.BSE_IDX,01/07/2025,12:21:57,610.89,0,0,0,0,0,0
INFRA.BSE_IDX,01/07/2025,12:22:05,610.88,0,0,0,0,0,0
INFRA.BSE_IDX,01/07/2025,12:22:13,610.88,0,0,0,0,0,0
INFRA.BSE_IDX,01/07/2025,12:22:21,610.95,0,0,0,0,0,0
INFRA.BSE_IDX,01/07/2025,12:22:29,610.87,0,0,0,0,0,0
INFRA.BSE_IDX,01/07/2025,12:22:37,610.79,0,0,0,0,0,0
INFRA.BSE_IDX,01/07/2025,12:22:45,610.72,0,0,0,0,0,0
INFRA.BSE_IDX,01/07/2025,12:22:53,610.74,0,0,0,0,0,0
INFRA.BSE_IDX,01/07/2025,12:23:02,610.74,0,0,0,0,0,0
INFRA.BSE_IDX,01/07/2025,12:23:09,610.71,0,0,0,0,0,0
INFRA.BSE_IDX,01/07/2025,12:23:17,610.72,0,0,0,0,0,0
INFRA.BSE_IDX,01/07/2025,12:23:25,610.73,0,0,0,0,0,0
INFRA.BSE_IDX,01/07/2025,12:23:33,610.72,0,0,0,0,0,0
INFRA.BSE_IDX,01/07/2025,12:23:41,610.77,0,0,0,0,0,0
INFRA.BSE_IDX,01/07/2025,12:23:49,610.84,0,0,0,0,0,0
INFRA.BSE_IDX,01/07/2025,12:23:57,610.77,0,0,0,0,0,0
INFRA.BSE_IDX,01/07/2025,12:24:05,610.77,0,0,0,0,0,0
INFRA.BSE_IDX,01/07/2025,12:24:13,610.91,0,0,0,0,0,0
INFRA.BSE_IDX,01/07/2025,12:24:21,610.91,0,0,0,0,0,0
INFRA.BSE_IDX,01/07/2025,12:24:29,610.99,0,0,0,0,0,0
INFRA.BSE_IDX,01/07/2025,12:24:37,610.93,0,0,0,0,0,0
INFRA.BSE_IDX,01/07/2025,12:24:45,610.92,0,0,0,0,0,0
INFRA.BSE_IDX,01/07/2025,12:24:53,610.88,0,0,0,0,0,0
INFRA.BSE_IDX,01/07/2025,12:25:01,610.88,0,0,0,0,0,0
INFRA.BSE_IDX,01/07/2025,12:25:09,610.91,0,0,0,0,0,0
INFRA.BSE_IDX,01/07/2025,12:25:17,611.02,0,0,0,0,0,0
INFRA.BSE_IDX,01/07/2025,12:25:25,611,0,0,0,0,0,0
INFRA.BSE_IDX,01/07/2025,12:25:33,610.99,0,0,0,0,0,0
INFRA.BSE_IDX,01/07/2025,12:25:41,611,0,0,0,0,0,0
INFRA.BSE_IDX,01/07/2025,12:25:49,611.07,0,0,0,0,0,0
INFRA.BSE_IDX,01/07/2025,12:25:57,611.02,0,0,0,0,0,0
INFRA.BSE_IDX,01/07/2025,12:26:05,611.05,0,0,0,0,0,0
INFRA.BSE_IDX,01/07/2025,12:26:13,611.06,0,0,0,0,0,0
INFRA.BSE_IDX,01/07/2025,12:26:21,611.02,0,0,0,0,0,0
INFRA.BSE_IDX,01/07/2025,12:26:31,611.03,0,0,0,0,0,0
INFRA.BSE_IDX,01/07/2025,12:26:37,611.06,0,0,0,0,0,0
INFRA.BSE_IDX,01/07/2025,12:26:45,611,0,0,0,0,0,0
INFRA.BSE_IDX,01/07/2025,12:26:53,611,0,0,0,0,0,0
INFRA.BSE_IDX,01/07/2025,12:27:01,610.89,0,0,0,0,0,0
INFRA.BSE_IDX,01/07/2025,12:27:09,610.86,0,0,0,0,0,0
INFRA.BSE_IDX,01/07/2025,12:27:17,610.84,0,0,0,0,0,0
INFRA.BSE_IDX,01/07/2025,12:27:25,610.93,0,0,0,0,0,0
INFRA.BSE_IDX,01/07/2025,12:27:33,610.95,0,0,0,0,0,0
INFRA.BSE_IDX,01/07/2025,12:27:41,610.9,0,0,0,0,0,0
INFRA.BSE_IDX,01/07/2025,12:27:49,610.92,0,0,0,0,0,0
INFRA.BSE_IDX,01/07/2025,12:27:57,610.9,0,0,0,0,0,0
INFRA.BSE_IDX,01/07/2025,12:28:05,610.87,0,0,0,0,0,0
INFRA.BSE_IDX,01/07/2025,12:28:13,610.85,0,0,0,0,0,0
INFRA.BSE_IDX,01/07/2025,12:28:21,610.85,0,0,0,0,0,0
INFRA.BSE_IDX,01/07/2025,12:28:29,610.84,0,0,0,0,0,0
INFRA.BSE_IDX,01/07/2025,12:28:37,610.83,0,0,0,0,0,0
INFRA.BSE_IDX,01/07/2025,12:28:45,610.76,0,0,0,0,0,0
INFRA.BSE_IDX,01/07/2025,12:28:53,610.7,0,0,0,0,0,0
INFRA.BSE_IDX,01/07/2025,12:29:01,610.73,0,0,0,0,0,0
INFRA.BSE_IDX,01/07/2025,12:29:10,610.73,0,0,0,0,0,0
INFRA.BSE_IDX,01/07/2025,12:29:18,610.75,0,0,0,0,0,0
INFRA.BSE_IDX,01/07/2025,12:29:25,610.75,0,0,0,0,0,0
INFRA.BSE_IDX,01/07/2025,12:29:33,610.67,0,0,0,0,0,0
INFRA.BSE_IDX,01/07/2025,12:29:41,610.6,0,0,0,0,0,0
INFRA.BSE_IDX,01/07/2025,12:29:49,610.6,0,0,0,0,0,0
INFRA.BSE_IDX,01/07/2025,12:29:57,610.67,0,0,0,0,0,0
INFRA.BSE_IDX,01/07/2025,12:30:05,610.8,0,0,0,0,0,0
INFRA.BSE_IDX,01/07/2025,12:30:13,610.85,0,0,0,0,0,0
INFRA.BSE_IDX,01/07/2025,12:30:22,610.89,0,0,0,0,0,0
INFRA.BSE_IDX,01/07/2025,12:30:29,610.92,0,0,0,0,0,0
INFRA.BSE_IDX,01/07/2025,12:30:37,610.94,0,0,0,0,0,0
INFRA.BSE_IDX,01/07/2025,12:30:45,610.98,0,0,0,0,0,0
INFRA.BSE_IDX,01/07/2025,12:30:53,610.96,0,0,0,0,0,0
INFRA.BSE_IDX,01/07/2025,12:31:01,610.97,0,0,0,0,0,0
INFRA.BSE_IDX,01/07/2025,12:31:09,611.04,0,0,0,0,0,0
INFRA.BSE_IDX,01/07/2025,12:31:17,611.14,0,0,0,0,0,0
INFRA.BSE_IDX,01/07/2025,12:31:25,611.07,0,0,0,0,0,0
INFRA.BSE_IDX,01/07/2025,12:31:34,611.04,0,0,0,0,0,0
INFRA.BSE_IDX,01/07/2025,12:31:41,611.01,0,0,0,0,0,0
INFRA.BSE_IDX,01/07/2025,12:31:49,610.93,0,0,0,0,0,0
INFRA.BSE_IDX,01/07/2025,12:31:57,610.87,0,0,0,0,0,0
INFRA.BSE_IDX,01/07/2025,12:32:05,610.95,0,0,0,0,0,0
INFRA.BSE_IDX,01/07/2025,12:32:13,610.98,0,0,0,0,0,0
INFRA.BSE_IDX,01/07/2025,12:32:21,610.98,0,0,0,0,0,0
INFRA.BSE_IDX,01/07/2025,12:32:29,610.94,0,0,0,0,0,0
INFRA.BSE_IDX,01/07/2025,12:32:37,610.9,0,0,0,0,0,0
INFRA.BSE_IDX,01/07/2025,12:32:45,610.95,0,0,0,0,0,0
INFRA.BSE_IDX,01/07/2025,12:32:53,610.93,0,0,0,0,0,0
INFRA.BSE_IDX,01/07/2025,12:33:01,610.94,0,0,0,0,0,0
INFRA.BSE_IDX,01/07/2025,12:33:09,610.95,0,0,0,0,0,0
INFRA.BSE_IDX,01/07/2025,12:33:17,610.99,0,0,0,0,0,0
INFRA.BSE_IDX,01/07/2025,12:33:26,610.94,0,0,0,0,0,0
INFRA.BSE_IDX,01/07/2025,12:33:33,610.95,0,0,0,0,0,0
INFRA.BSE_IDX,01/07/2025,12:33:41,611.02,0,0,0,0,0,0
INFRA.BSE_IDX,01/07/2025,12:33:49,610.97,0,0,0,0,0,0
INFRA.BSE_IDX,01/07/2025,12:33:57,610.99,0,0,0,0,0,0
INFRA.BSE_IDX,01/07/2025,12:34:05,610.97,0,0,0,0,0,0
INFRA.BSE_IDX,01/07/2025,12:34:13,610.96,0,0,0,0,0,0
INFRA.BSE_IDX,01/07/2025,12:34:21,610.97,0,0,0,0,0,0
INFRA.BSE_IDX,01/07/2025,12:34:29,610.92,0,0,0,0,0,0
INFRA.BSE_IDX,01/07/2025,12:34:37,610.98,0,0,0,0,0,0
INFRA.BSE_IDX,01/07/2025,12:34:45,610.96,0,0,0,0,0,0
INFRA.BSE_IDX,01/07/2025,12:34:53,611.03,0,0,0,0,0,0
INFRA.BSE_IDX,01/07/2025,12:35:01,611.11,0,0,0,0,0,0
INFRA.BSE_IDX,01/07/2025,12:35:09,611.17,0,0,0,0,0,0
INFRA.BSE_IDX,01/07/2025,12:35:17,611.24,0,0,0,0,0,0
INFRA.BSE_IDX,01/07/2025,12:35:25,611.33,0,0,0,0,0,0
INFRA.BSE_IDX,01/07/2025,12:35:33,611.33,0,0,0,0,0,0
INFRA.BSE_IDX,01/07/2025,12:35:41,611.34,0,0,0,0,0,0
INFRA.BSE_IDX,01/07/2025,12:35:49,611.32,0,0,0,0,0,0
INFRA.BSE_IDX,01/07/2025,12:35:57,611.24,0,0,0,0,0,0
INFRA.BSE_IDX,01/07/2025,12:36:05,611.36,0,0,0,0,0,0
INFRA.BSE_IDX,01/07/2025,12:36:13,611.38,0,0,0,0,0,0
INFRA.BSE_IDX,01/07/2025,12:36:21,611.41,0,0,0,0,0,0
INFRA.BSE_IDX,01/07/2025,12:36:29,611.36,0,0,0,0,0,0
INFRA.BSE_IDX,01/07/2025,12:36:37,611.34,0,0,0,0,0,0
INFRA.BSE_IDX,01/07/2025,12:36:45,611.36,0,0,0,0,0,0
INFRA.BSE_IDX,01/07/2025,12:36:53,611.41,0,0,0,0,0,0
INFRA.BSE_IDX,01/07/2025,12:37:01,611.44,0,0,0,0,0,0
INFRA.BSE_IDX,01/07/2025,12:37:09,611.43,0,0,0,0,0,0
INFRA.BSE_IDX,01/07/2025,12:37:17,611.43,0,0,0,0,0,0
INFRA.BSE_IDX,01/07/2025,12:37:25,611.44,0,0,0,0,0,0
INFRA.BSE_IDX,01/07/2025,12:37:33,611.38,0,0,0,0,0,0
INFRA.BSE_IDX,01/07/2025,12:37:41,611.31,0,0,0,0,0,0
INFRA.BSE_IDX,01/07/2025,12:37:49,611.19,0,0,0,0,0,0
INFRA.BSE_IDX,01/07/2025,12:37:57,611.15,0,0,0,0,0,0
INFRA.BSE_IDX,01/07/2025,12:38:05,611.23,0,0,0,0,0,0
INFRA.BSE_IDX,01/07/2025,12:38:13,611.24,0,0,0,0,0,0
INFRA.BSE_IDX,01/07/2025,12:38:22,611.26,0,0,0,0,0,0
INFRA.BSE_IDX,01/07/2025,12:38:29,611.24,0,0,0,0,0,0
INFRA.BSE_IDX,01/07/2025,12:38:39,611.24,0,0,0,0,0,0
INFRA.BSE_IDX,01/07/2025,12:38:45,611.23,0,0,0,0,0,0
INFRA.BSE_IDX,01/07/2025,12:38:53,611.17,0,0,0,0,0,0
INFRA.BSE_IDX,01/07/2025,12:39:01,611.17,0,0,0,0,0,0
INFRA.BSE_IDX,01/07/2025,12:39:10,611.18,0,0,0,0,0,0
INFRA.BSE_IDX,01/07/2025,12:39:17,611.19,0,0,0,0,0,0
INFRA.BSE_IDX,01/07/2025,12:39:25,611.11,0,0,0,0,0,0
INFRA.BSE_IDX,01/07/2025,12:39:34,611.15,0,0,0,0,0,0
INFRA.BSE_IDX,01/07/2025,12:39:42,611.16,0,0,0,0,0,0
INFRA.BSE_IDX,01/07/2025,12:39:49,611.11,0,0,0,0,0,0
INFRA.BSE_IDX,01/07/2025,12:39:57,611.1,0,0,0,0,0,0
INFRA.BSE_IDX,01/07/2025,12:40:05,611.1,0,0,0,0,0,0
INFRA.BSE_IDX,01/07/2025,12:40:14,611.06,0,0,0,0,0,0
INFRA.BSE_IDX,01/07/2025,12:40:21,611.18,0,0,0,0,0,0
INFRA.BSE_IDX,01/07/2025,12:40:29,611.04,0,0,0,0,0,0
INFRA.BSE_IDX,01/07/2025,12:40:37,611.05,0,0,0,0,0,0
INFRA.BSE_IDX,01/07/2025,12:40:45,611.07,0,0,0,0,0,0
INFRA.BSE_IDX,01/07/2025,12:40:54,611.09,0,0,0,0,0,0
INFRA.BSE_IDX,01/07/2025,12:41:01,611.12,0,0,0,0,0,0
INFRA.BSE_IDX,01/07/2025,12:41:09,611.17,0,0,0,0,0,0
INFRA.BSE_IDX,01/07/2025,12:41:17,611.1,0,0,0,0,0,0
INFRA.BSE_IDX,01/07/2025,12:41:25,611.14,0,0,0,0,0,0
INFRA.BSE_IDX,01/07/2025,12:41:33,611.12,0,0,0,0,0,0
INFRA.BSE_IDX,01/07/2025,12:41:41,611.14,0,0,0,0,0,0
INFRA.BSE_IDX,01/07/2025,12:41:49,611.19,0,0,0,0,0,0
INFRA.BSE_IDX,01/07/2025,12:41:57,611.14,0,0,0,0,0,0
INFRA.BSE_IDX,01/07/2025,12:42:05,611.15,0,0,0,0,0,0
INFRA.BSE_IDX,01/07/2025,12:42:13,611.14,0,0,0,0,0,0
INFRA.BSE_IDX,01/07/2025,12:42:21,611.14,0,0,0,0,0,0
INFRA.BSE_IDX,01/07/2025,12:42:29,611.2,0,0,0,0,0,0
INFRA.BSE_IDX,01/07/2025,12:42:37,611.14,0,0,0,0,0,0
INFRA.BSE_IDX,01/07/2025,12:42:45,611.1,0,0,0,0,0,0
INFRA.BSE_IDX,01/07/2025,12:42:53,611.13,0,0,0,0,0,0
INFRA.BSE_IDX,01/07/2025,12:43:01,611.15,0,0,0,0,0,0
INFRA.BSE_IDX,01/07/2025,12:43:10,611.19,0,0,0,0,0,0
INFRA.BSE_IDX,01/07/2025,12:43:17,611.22,0,0,0,0,0,0
INFRA.BSE_IDX,01/07/2025,12:43:26,611.19,0,0,0,0,0,0
INFRA.BSE_IDX,01/07/2025,12:43:33,611.16,0,0,0,0,0,0
INFRA.BSE_IDX,01/07/2025,12:43:41,611.15,0,0,0,0,0,0
INFRA.BSE_IDX,01/07/2025,12:43:49,611.16,0,0,0,0,0,0
INFRA.BSE_IDX,01/07/2025,12:43:58,611.16,0,0,0,0,0,0
INFRA.BSE_IDX,01/07/2025,12:44:05,611.11,0,0,0,0,0,0
INFRA.BSE_IDX,01/07/2025,12:44:14,611.05,0,0,0,0,0,0
INFRA.BSE_IDX,01/07/2025,12:44:21,611.02,0,0,0,0,0,0
INFRA.BSE_IDX,01/07/2025,12:44:29,610.98,0,0,0,0,0,0
INFRA.BSE_IDX,01/07/2025,12:44:38,610.95,0,0,0,0,0,0
INFRA.BSE_IDX,01/07/2025,12:44:45,610.94,0,0,0,0,0,0
INFRA.BSE_IDX,01/07/2025,12:44:53,610.93,0,0,0,0,0,0
INFRA.BSE_IDX,01/07/2025,12:45:01,610.95,0,0,0,0,0,0
INFRA.BSE_IDX,01/07/2025,12:45:11,611.01,0,0,0,0,0,0
INFRA.BSE_IDX,01/07/2025,12:45:17,610.94,0,0,0,0,0,0
INFRA.BSE_IDX,01/07/2025,12:45:25,610.93,0,0,0,0,0,0
INFRA.BSE_IDX,01/07/2025,12:45:34,610.92,0,0,0,0,0,0
INFRA.BSE_IDX,01/07/2025,12:45:42,610.9,0,0,0,0,0,0
INFRA.BSE_IDX,01/07/2025,12:45:50,610.91,0,0,0,0,0,0
INFRA.BSE_IDX,01/07/2025,12:45:58,610.91,0,0,0,0,0,0
INFRA.BSE_IDX,01/07/2025,12:46:06,610.91,0,0,0,0,0,0
INFRA.BSE_IDX,01/07/2025,12:46:14,610.89,0,0,0,0,0,0
INFRA.BSE_IDX,01/07/2025,12:46:22,610.91,0,0,0,0,0,0
INFRA.BSE_IDX,01/07/2025,12:46:30,610.8,0,0,0,0,0,0
INFRA.BSE_IDX,01/07/2025,12:46:38,610.72,0,0,0,0,0,0
INFRA.BSE_IDX,01/07/2025,12:46:46,610.74,0,0,0,0,0,0
INFRA.BSE_IDX,01/07/2025,12:46:54,610.76,0,0,0,0,0,0
INFRA.BSE_IDX,01/07/2025,12:47:02,610.75,0,0,0,0,0,0
INFRA.BSE_IDX,01/07/2025,12:47:10,610.77,0,0,0,0,0,0
INFRA.BSE_IDX,01/07/2025,12:47:18,610.8,0,0,0,0,0,0
INFRA.BSE_IDX,01/07/2025,12:47:26,610.78,0,0,0,0,0,0
INFRA.BSE_IDX,01/07/2025,12:47:34,610.76,0,0,0,0,0,0
INFRA.BSE_IDX,01/07/2025,12:47:42,610.69,0,0,0,0,0,0
INFRA.BSE_IDX,01/07/2025,12:47:50,610.71,0,0,0,0,0,0
INFRA.BSE_IDX,01/07/2025,12:47:58,610.67,0,0,0,0,0,0
INFRA.BSE_IDX,01/07/2025,12:48:06,610.67,0,0,0,0,0,0
INFRA.BSE_IDX,01/07/2025,12:48:14,610.64,0,0,0,0,0,0
INFRA.BSE_IDX,01/07/2025,12:48:22,610.69,0,0,0,0,0,0
INFRA.BSE_IDX,01/07/2025,12:48:30,610.75,0,0,0,0,0,0
INFRA.BSE_IDX,01/07/2025,12:48:38,610.74,0,0,0,0,0,0
INFRA.BSE_IDX,01/07/2025,12:48:46,610.75,0,0,0,0,0,0
INFRA.BSE_IDX,01/07/2025,12:48:54,610.69,0,0,0,0,0,0
INFRA.BSE_IDX,01/07/2025,12:49:02,610.69,0,0,0,0,0,0
INFRA.BSE_IDX,01/07/2025,12:49:10,610.71,0,0,0,0,0,0
INFRA.BSE_IDX,01/07/2025,12:49:18,610.73,0,0,0,0,0,0
INFRA.BSE_IDX,01/07/2025,12:49:26,610.7,0,0,0,0,0,0
INFRA.BSE_IDX,01/07/2025,12:49:34,610.7,0,0,0,0,0,0
INFRA.BSE_IDX,01/07/2025,12:49:42,610.7,0,0,0,0,0,0
INFRA.BSE_IDX,01/07/2025,12:49:50,610.65,0,0,0,0,0,0
INFRA.BSE_IDX,01/07/2025,12:49:58,610.66,0,0,0,0,0,0
INFRA.BSE_IDX,01/07/2025,12:50:06,610.66,0,0,0,0,0,0
INFRA.BSE_IDX,01/07/2025,12:50:14,610.67,0,0,0,0,0,0
INFRA.BSE_IDX,01/07/2025,12:50:22,610.71,0,0,0,0,0,0
INFRA.BSE_IDX,01/07/2025,12:50:30,610.77,0,0,0,0,0,0
INFRA.BSE_IDX,01/07/2025,12:50:38,610.81,0,0,0,0,0,0
INFRA.BSE_IDX,01/07/2025,12:50:47,610.81,0,0,0,0,0,0
INFRA.BSE_IDX,01/07/2025,12:50:54,610.82,0,0,0,0,0,0
INFRA.BSE_IDX,01/07/2025,12:51:02,610.8,0,0,0,0,0,0
INFRA.BSE_IDX,01/07/2025,12:51:10,610.82,0,0,0,0,0,0
INFRA.BSE_IDX,01/07/2025,12:51:19,610.84,0,0,0,0,0,0
INFRA.BSE_IDX,01/07/2025,12:51:26,610.83,0,0,0,0,0,0
INFRA.BSE_IDX,01/07/2025,12:51:34,610.81,0,0,0,0,0,0
INFRA.BSE_IDX,01/07/2025,12:51:42,610.81,0,0,0,0,0,0
INFRA.BSE_IDX,01/07/2025,12:51:50,610.84,0,0,0,0,0,0
INFRA.BSE_IDX,01/07/2025,12:51:58,610.8,0,0,0,0,0,0
INFRA.BSE_IDX,01/07/2025,12:52:06,610.8,0,0,0,0,0,0
INFRA.BSE_IDX,01/07/2025,12:52:14,610.81,0,0,0,0,0,0
INFRA.BSE_IDX,01/07/2025,12:52:22,610.8,0,0,0,0,0,0
INFRA.BSE_IDX,01/07/2025,12:52:30,610.74,0,0,0,0,0,0
INFRA.BSE_IDX,01/07/2025,12:52:38,610.77,0,0,0,0,0,0
INFRA.BSE_IDX,01/07/2025,12:52:46,610.8,0,0,0,0,0,0
INFRA.BSE_IDX,01/07/2025,12:52:54,610.83,0,0,0,0,0,0
INFRA.BSE_IDX,01/07/2025,12:53:02,610.87,0,0,0,0,0,0
INFRA.BSE_IDX,01/07/2025,12:53:10,610.86,0,0,0,0,0,0
INFRA.BSE_IDX,01/07/2025,12:53:18,610.8,0,0,0,0,0,0
INFRA.BSE_IDX,01/07/2025,12:53:26,610.81,0,0,0,0,0,0
INFRA.BSE_IDX,01/07/2025,12:53:34,610.78,0,0,0,0,0,0
INFRA.BSE_IDX,01/07/2025,12:53:42,610.81,0,0,0,0,0,0
INFRA.BSE_IDX,01/07/2025,12:53:50,610.68,0,0,0,0,0,0
INFRA.BSE_IDX,01/07/2025,12:53:58,610.66,0,0,0,0,0,0
INFRA.BSE_IDX,01/07/2025,12:54:06,610.64,0,0,0,0,0,0
INFRA.BSE_IDX,01/07/2025,12:54:14,610.59,0,0,0,0,0,0
INFRA.BSE_IDX,01/07/2025,12:54:22,610.64,0,0,0,0,0,0
INFRA.BSE_IDX,01/07/2025,12:54:30,610.68,0,0,0,0,0,0
INFRA.BSE_IDX,01/07/2025,12:54:38,610.69,0,0,0,0,0,0
INFRA.BSE_IDX,01/07/2025,12:54:46,610.67,0,0,0,0,0,0
INFRA.BSE_IDX,01/07/2025,12:54:54,610.67,0,0,0,0,0,0
INFRA.BSE_IDX,01/07/2025,12:55:02,610.68,0,0,0,0,0,0
INFRA.BSE_IDX,01/07/2025,12:55:10,610.65,0,0,0,0,0,0
INFRA.BSE_IDX,01/07/2025,12:55:18,610.68,0,0,0,0,0,0
INFRA.BSE_IDX,01/07/2025,12:55:26,610.64,0,0,0,0,0,0
INFRA.BSE_IDX,01/07/2025,12:55:34,610.64,0,0,0,0,0,0
INFRA.BSE_IDX,01/07/2025,12:55:42,610.66,0,0,0,0,0,0
INFRA.BSE_IDX,01/07/2025,12:55:50,610.65,0,0,0,0,0,0
INFRA.BSE_IDX,01/07/2025,12:55:58,610.64,0,0,0,0,0,0
INFRA.BSE_IDX,01/07/2025,12:56:06,610.68,0,0,0,0,0,0
INFRA.BSE_IDX,01/07/2025,12:56:15,610.71,0,0,0,0,0,0
INFRA.BSE_IDX,01/07/2025,12:56:22,610.69,0,0,0,0,0,0
INFRA.BSE_IDX,01/07/2025,12:56:30,610.69,0,0,0,0,0,0
INFRA.BSE_IDX,01/07/2025,12:56:38,610.69,0,0,0,0,0,0
INFRA.BSE_IDX,01/07/2025,12:56:46,610.68,0,0,0,0,0,0
INFRA.BSE_IDX,01/07/2025,12:56:54,610.64,0,0,0,0,0,0
INFRA.BSE_IDX,01/07/2025,12:57:02,610.59,0,0,0,0,0,0
INFRA.BSE_IDX,01/07/2025,12:57:10,610.56,0,0,0,0,0,0
INFRA.BSE_IDX,01/07/2025,12:57:18,610.61,0,0,0,0,0,0
INFRA.BSE_IDX,01/07/2025,12:57:26,610.58,0,0,0,0,0,0
INFRA.BSE_IDX,01/07/2025,12:57:34,610.51,0,0,0,0,0,0
INFRA.BSE_IDX,01/07/2025,12:57:42,610.54,0,0,0,0,0,0
INFRA.BSE_IDX,01/07/2025,12:57:51,610.51,0,0,0,0,0,0
INFRA.BSE_IDX,01/07/2025,12:57:58,610.52,0,0,0,0,0,0
INFRA.BSE_IDX,01/07/2025,12:58:06,610.51,0,0,0,0,0,0
INFRA.BSE_IDX,01/07/2025,12:58:14,610.54,0,0,0,0,0,0
INFRA.BSE_IDX,01/07/2025,12:58:22,610.49,0,0,0,0,0,0
INFRA.BSE_IDX,01/07/2025,12:58:30,610.54,0,0,0,0,0,0
INFRA.BSE_IDX,01/07/2025,12:58:38,610.57,0,0,0,0,0,0
INFRA.BSE_IDX,01/07/2025,12:58:46,610.58,0,0,0,0,0,0
INFRA.BSE_IDX,01/07/2025,12:58:54,610.55,0,0,0,0,0,0
INFRA.BSE_IDX,01/07/2025,12:59:02,610.53,0,0,0,0,0,0
INFRA.BSE_IDX,01/07/2025,12:59:10,610.47,0,0,0,0,0,0
INFRA.BSE_IDX,01/07/2025,12:59:18,610.5,0,0,0,0,0,0
INFRA.BSE_IDX,01/07/2025,12:59:26,610.52,0,0,0,0,0,0
INFRA.BSE_IDX,01/07/2025,12:59:34,610.52,0,0,0,0,0,0
INFRA.BSE_IDX,01/07/2025,12:59:42,610.48,0,0,0,0,0,0
INFRA.BSE_IDX,01/07/2025,12:59:50,610.49,0,0,0,0,0,0
INFRA.BSE_IDX,01/07/2025,12:59:58,610.45,0,0,0,0,0,0
INFRA.BSE_IDX,01/07/2025,13:00:06,610.51,0,0,0,0,0,0
INFRA.BSE_IDX,01/07/2025,13:00:14,610.54,0,0,0,0,0,0
INFRA.BSE_IDX,01/07/2025,13:00:22,610.46,0,0,0,0,0,0
INFRA.BSE_IDX,01/07/2025,13:00:30,610.52,0,0,0,0,0,0
INFRA.BSE_IDX,01/07/2025,13:00:38,610.51,0,0,0,0,0,0
INFRA.BSE_IDX,01/07/2025,13:00:46,610.52,0,0,0,0,0,0
INFRA.BSE_IDX,01/07/2025,13:00:54,610.5,0,0,0,0,0,0
INFRA.BSE_IDX,01/07/2025,13:01:02,610.47,0,0,0,0,0,0
INFRA.BSE_IDX,01/07/2025,13:01:10,610.44,0,0,0,0,0,0
INFRA.BSE_IDX,01/07/2025,13:01:18,610.44,0,0,0,0,0,0
INFRA.BSE_IDX,01/07/2025,13:01:26,610.44,0,0,0,0,0,0
INFRA.BSE_IDX,01/07/2025,13:01:35,610.43,0,0,0,0,0,0
INFRA.BSE_IDX,01/07/2025,13:01:42,610.41,0,0,0,0,0,0
INFRA.BSE_IDX,01/07/2025,13:01:50,610.39,0,0,0,0,0,0
INFRA.BSE_IDX,01/07/2025,13:01:58,610.41,0,0,0,0,0,0
INFRA.BSE_IDX,01/07/2025,13:02:06,610.41,0,0,0,0,0,0
INFRA.BSE_IDX,01/07/2025,13:02:14,610.44,0,0,0,0,0,0
INFRA.BSE_IDX,01/07/2025,13:02:22,610.47,0,0,0,0,0,0
INFRA.BSE_IDX,01/07/2025,13:02:30,610.51,0,0,0,0,0,0
INFRA.BSE_IDX,01/07/2025,13:02:39,610.47,0,0,0,0,0,0
INFRA.BSE_IDX,01/07/2025,13:02:46,610.4,0,0,0,0,0,0
INFRA.BSE_IDX,01/07/2025,13:02:54,610.4,0,0,0,0,0,0
INFRA.BSE_IDX,01/07/2025,13:03:02,610.33,0,0,0,0,0,0
INFRA.BSE_IDX,01/07/2025,13:03:10,610.26,0,0,0,0,0,0
INFRA.BSE_IDX,01/07/2025,13:03:19,610.28,0,0,0,0,0,0
INFRA.BSE_IDX,01/07/2025,13:03:26,610.22,0,0,0,0,0,0
INFRA.BSE_IDX,01/07/2025,13:03:34,610.21,0,0,0,0,0,0
INFRA.BSE_IDX,01/07/2025,13:03:42,610.21,0,0,0,0,0,0
INFRA.BSE_IDX,01/07/2025,13:03:50,610.19,0,0,0,0,0,0
INFRA.BSE_IDX,01/07/2025,13:03:58,610.17,0,0,0,0,0,0
INFRA.BSE_IDX,01/07/2025,13:04:06,610.16,0,0,0,0,0,0
INFRA.BSE_IDX,01/07/2025,13:04:14,610.15,0,0,0,0,0,0
INFRA.BSE_IDX,01/07/2025,13:04:22,610.06,0,0,0,0,0,0
INFRA.BSE_IDX,01/07/2025,13:04:30,610.03,0,0,0,0,0,0
INFRA.BSE_IDX,01/07/2025,13:04:38,610.05,0,0,0,0,0,0
INFRA.BSE_IDX,01/07/2025,13:04:46,610.01,0,0,0,0,0,0
INFRA.BSE_IDX,01/07/2025,13:04:54,609.99,0,0,0,0,0,0
INFRA.BSE_IDX,01/07/2025,13:05:02,609.99,0,0,0,0,0,0
INFRA.BSE_IDX,01/07/2025,13:05:10,609.99,0,0,0,0,0,0
INFRA.BSE_IDX,01/07/2025,13:05:18,609.95,0,0,0,0,0,0
INFRA.BSE_IDX,01/07/2025,13:05:26,609.94,0,0,0,0,0,0
INFRA.BSE_IDX,01/07/2025,13:05:34,609.87,0,0,0,0,0,0
INFRA.BSE_IDX,01/07/2025,13:05:42,609.8,0,0,0,0,0,0
INFRA.BSE_IDX,01/07/2025,13:05:50,609.84,0,0,0,0,0,0
INFRA.BSE_IDX,01/07/2025,13:05:58,609.93,0,0,0,0,0,0
INFRA.BSE_IDX,01/07/2025,13:06:06,609.88,0,0,0,0,0,0
INFRA.BSE_IDX,01/07/2025,13:06:14,609.89,0,0,0,0,0,0
INFRA.BSE_IDX,01/07/2025,13:06:22,609.91,0,0,0,0,0,0
INFRA.BSE_IDX,01/07/2025,13:06:30,609.87,0,0,0,0,0,0
INFRA.BSE_IDX,01/07/2025,13:06:38,609.9,0,0,0,0,0,0
INFRA.BSE_IDX,01/07/2025,13:06:46,609.85,0,0,0,0,0,0
INFRA.BSE_IDX,01/07/2025,13:06:54,609.8,0,0,0,0,0,0
INFRA.BSE_IDX,01/07/2025,13:07:02,609.79,0,0,0,0,0,0
INFRA.BSE_IDX,01/07/2025,13:07:10,609.79,0,0,0,0,0,0
INFRA.BSE_IDX,01/07/2025,13:07:18,609.75,0,0,0,0,0,0
