Ticker,Date,Time,LTP,BuyPrice,BuyQty,SellPrice,SellQty,LTQ,OpenInterest
INSLDR.BSE_IDX,01/07/2025,09:00:00,15617.69,0,0,0,0,0,0
INSLDR.BSE_IDX,01/07/2025,09:00:07,15663.78,0,0,0,0,0,0
INSLDR.BSE_IDX,01/07/2025,09:00:15,15661.62,0,0,0,0,0,0
INSLDR.BSE_IDX,01/07/2025,09:00:23,15662.95,0,0,0,0,0,0
INSLDR.BSE_IDX,01/07/2025,09:00:31,15666.04,0,0,0,0,0,0
INSLDR.BSE_IDX,01/07/2025,09:00:39,15650.58,0,0,0,0,0,0
INSLDR.BSE_IDX,01/07/2025,09:00:47,15641.89,0,0,0,0,0,0
INSLDR.BSE_IDX,01/07/2025,09:00:55,15645.27,0,0,0,0,0,0
INSLDR.BSE_IDX,01/07/2025,09:01:03,15652.36,0,0,0,0,0,0
INSLDR.BSE_IDX,01/07/2025,09:01:11,15652.84,0,0,0,0,0,0
INSLDR.BSE_IDX,01/07/2025,09:01:19,15659.28,0,0,0,0,0,0
INSLDR.BSE_IDX,01/07/2025,09:01:27,15653.4,0,0,0,0,0,0
INSLDR.BSE_IDX,01/07/2025,09:01:35,15650.38,0,0,0,0,0,0
INSLDR.BSE_IDX,01/07/2025,09:01:43,15648.97,0,0,0,0,0,0
INSLDR.BSE_IDX,01/07/2025,09:01:51,15637.49,0,0,0,0,0,0
INSLDR.BSE_IDX,01/07/2025,09:01:59,15649.31,0,0,0,0,0,0
INSLDR.BSE_IDX,01/07/2025,09:02:07,15652.61,0,0,0,0,0,0
INSLDR.BSE_IDX,01/07/2025,09:02:15,15655.58,0,0,0,0,0,0
INSLDR.BSE_IDX,01/07/2025,09:02:23,15649.24,0,0,0,0,0,0
INSLDR.BSE_IDX,01/07/2025,09:02:31,15651.83,0,0,0,0,0,0
INSLDR.BSE_IDX,01/07/2025,09:02:39,15652.25,0,0,0,0,0,0
INSLDR.BSE_IDX,01/07/2025,09:02:47,15642.89,0,0,0,0,0,0
INSLDR.BSE_IDX,01/07/2025,09:02:55,15642.66,0,0,0,0,0,0
INSLDR.BSE_IDX,01/07/2025,09:03:03,15659.88,0,0,0,0,0,0
INSLDR.BSE_IDX,01/07/2025,09:03:11,15657.06,0,0,0,0,0,0
INSLDR.BSE_IDX,01/07/2025,09:03:19,15656.05,0,0,0,0,0,0
INSLDR.BSE_IDX,01/07/2025,09:03:27,15652.67,0,0,0,0,0,0
INSLDR.BSE_IDX,01/07/2025,09:03:35,15650.02,0,0,0,0,0,0
INSLDR.BSE_IDX,01/07/2025,09:03:43,15648.61,0,0,0,0,0,0
INSLDR.BSE_IDX,01/07/2025,09:03:51,15647.29,0,0,0,0,0,0
INSLDR.BSE_IDX,01/07/2025,09:03:59,15639.72,0,0,0,0,0,0
INSLDR.BSE_IDX,01/07/2025,09:04:07,15638.35,0,0,0,0,0,0
INSLDR.BSE_IDX,01/07/2025,09:04:15,15636.44,0,0,0,0,0,0
INSLDR.BSE_IDX,01/07/2025,09:04:23,15637.49,0,0,0,0,0,0
INSLDR.BSE_IDX,01/07/2025,09:04:31,15638.17,0,0,0,0,0,0
INSLDR.BSE_IDX,01/07/2025,09:04:39,15638.2,0,0,0,0,0,0
INSLDR.BSE_IDX,01/07/2025,09:04:47,15636.62,0,0,0,0,0,0
INSLDR.BSE_IDX,01/07/2025,09:04:55,15633.86,0,0,0,0,0,0
INSLDR.BSE_IDX,01/07/2025,09:05:03,15634.14,0,0,0,0,0,0
INSLDR.BSE_IDX,01/07/2025,09:05:11,15631.07,0,0,0,0,0,0
INSLDR.BSE_IDX,01/07/2025,09:05:19,15637.89,0,0,0,0,0,0
INSLDR.BSE_IDX,01/07/2025,09:05:27,15633.91,0,0,0,0,0,0
INSLDR.BSE_IDX,01/07/2025,09:05:35,15633.96,0,0,0,0,0,0
INSLDR.BSE_IDX,01/07/2025,09:05:43,15635.03,0,0,0,0,0,0
INSLDR.BSE_IDX,01/07/2025,09:05:51,15634.08,0,0,0,0,0,0
INSLDR.BSE_IDX,01/07/2025,09:05:59,15636.42,0,0,0,0,0,0
INSLDR.BSE_IDX,01/07/2025,09:06:07,15634.45,0,0,0,0,0,0
INSLDR.BSE_IDX,01/07/2025,09:06:15,15640.08,0,0,0,0,0,0
INSLDR.BSE_IDX,01/07/2025,09:06:23,15642.45,0,0,0,0,0,0
INSLDR.BSE_IDX,01/07/2025,09:06:31,15643.94,0,0,0,0,0,0
INSLDR.BSE_IDX,01/07/2025,09:06:39,15644.84,0,0,0,0,0,0
INSLDR.BSE_IDX,01/07/2025,09:06:47,15641.71,0,0,0,0,0,0
INSLDR.BSE_IDX,01/07/2025,09:06:55,15641.59,0,0,0,0,0,0
INSLDR.BSE_IDX,01/07/2025,09:07:04,15638.07,0,0,0,0,0,0
INSLDR.BSE_IDX,01/07/2025,09:07:11,15638.07,0,0,0,0,0,0
INSLDR.BSE_IDX,01/07/2025,09:07:19,15638.07,0,0,0,0,0,0
INSLDR.BSE_IDX,01/07/2025,09:07:27,15638.07,0,0,0,0,0,0
INSLDR.BSE_IDX,01/07/2025,09:07:35,15638.07,0,0,0,0,0,0
INSLDR.BSE_IDX,01/07/2025,09:07:43,15638.07,0,0,0,0,0,0
INSLDR.BSE_IDX,01/07/2025,09:07:51,15638.07,0,0,0,0,0,0
INSLDR.BSE_IDX,01/07/2025,09:07:59,15638.07,0,0,0,0,0,0
INSLDR.BSE_IDX,01/07/2025,09:08:07,15638.07,0,0,0,0,0,0
INSLDR.BSE_IDX,01/07/2025,09:08:15,15638.07,0,0,0,0,0,0
INSLDR.BSE_IDX,01/07/2025,09:08:23,15638.07,0,0,0,0,0,0
INSLDR.BSE_IDX,01/07/2025,09:08:31,15638.07,0,0,0,0,0,0
INSLDR.BSE_IDX,01/07/2025,09:08:39,15638.07,0,0,0,0,0,0
INSLDR.BSE_IDX,01/07/2025,09:08:47,15638.07,0,0,0,0,0,0
INSLDR.BSE_IDX,01/07/2025,09:08:55,15638.07,0,0,0,0,0,0
INSLDR.BSE_IDX,01/07/2025,09:09:03,15638.03,0,0,0,0,0,0
INSLDR.BSE_IDX,01/07/2025,09:09:11,15638.03,0,0,0,0,0,0
INSLDR.BSE_IDX,01/07/2025,09:09:20,15638.03,0,0,0,0,0,0
INSLDR.BSE_IDX,01/07/2025,09:09:27,15638.03,0,0,0,0,0,0
INSLDR.BSE_IDX,01/07/2025,09:09:36,15638.03,0,0,0,0,0,0
INSLDR.BSE_IDX,01/07/2025,09:09:43,15638.03,0,0,0,0,0,0
INSLDR.BSE_IDX,01/07/2025,09:09:51,15638.03,0,0,0,0,0,0
INSLDR.BSE_IDX,01/07/2025,09:09:59,15638.03,0,0,0,0,0,0
INSLDR.BSE_IDX,01/07/2025,09:10:07,15638.03,0,0,0,0,0,0
INSLDR.BSE_IDX,01/07/2025,09:10:16,15638.03,0,0,0,0,0,0
INSLDR.BSE_IDX,01/07/2025,09:10:24,15638.03,0,0,0,0,0,0
INSLDR.BSE_IDX,01/07/2025,09:10:32,15638.03,0,0,0,0,0,0
INSLDR.BSE_IDX,01/07/2025,09:10:39,15638.03,0,0,0,0,0,0
INSLDR.BSE_IDX,01/07/2025,09:10:47,15638.03,0,0,0,0,0,0
INSLDR.BSE_IDX,01/07/2025,09:10:55,15638.03,0,0,0,0,0,0
INSLDR.BSE_IDX,01/07/2025,09:11:03,15638.03,0,0,0,0,0,0
INSLDR.BSE_IDX,01/07/2025,09:11:11,15638.03,0,0,0,0,0,0
INSLDR.BSE_IDX,01/07/2025,09:11:19,15638.03,0,0,0,0,0,0
INSLDR.BSE_IDX,01/07/2025,09:11:27,15638.03,0,0,0,0,0,0
INSLDR.BSE_IDX,01/07/2025,09:11:35,15638.03,0,0,0,0,0,0
INSLDR.BSE_IDX,01/07/2025,09:11:43,15638.03,0,0,0,0,0,0
INSLDR.BSE_IDX,01/07/2025,09:11:51,15638.03,0,0,0,0,0,0
INSLDR.BSE_IDX,01/07/2025,09:11:59,15638.03,0,0,0,0,0,0
INSLDR.BSE_IDX,01/07/2025,09:12:07,15638.03,0,0,0,0,0,0
INSLDR.BSE_IDX,01/07/2025,09:12:16,15638.03,0,0,0,0,0,0
INSLDR.BSE_IDX,01/07/2025,09:12:23,15638.03,0,0,0,0,0,0
INSLDR.BSE_IDX,01/07/2025,09:12:31,15638.03,0,0,0,0,0,0
INSLDR.BSE_IDX,01/07/2025,09:12:39,15638.03,0,0,0,0,0,0
INSLDR.BSE_IDX,01/07/2025,09:12:47,15638.03,0,0,0,0,0,0
INSLDR.BSE_IDX,01/07/2025,09:12:55,15638.03,0,0,0,0,0,0
INSLDR.BSE_IDX,01/07/2025,09:13:03,15638.03,0,0,0,0,0,0
INSLDR.BSE_IDX,01/07/2025,09:13:11,15638.03,0,0,0,0,0,0
INSLDR.BSE_IDX,01/07/2025,09:13:19,15638.03,0,0,0,0,0,0
INSLDR.BSE_IDX,01/07/2025,09:13:27,15638.03,0,0,0,0,0,0
INSLDR.BSE_IDX,01/07/2025,09:13:35,15638.03,0,0,0,0,0,0
INSLDR.BSE_IDX,01/07/2025,09:13:43,15638.03,0,0,0,0,0,0
INSLDR.BSE_IDX,01/07/2025,09:13:51,15638.03,0,0,0,0,0,0
INSLDR.BSE_IDX,01/07/2025,09:13:59,15638.03,0,0,0,0,0,0
INSLDR.BSE_IDX,01/07/2025,09:14:07,15638.03,0,0,0,0,0,0
INSLDR.BSE_IDX,01/07/2025,09:14:15,15638.03,0,0,0,0,0,0
INSLDR.BSE_IDX,01/07/2025,09:14:23,15638.03,0,0,0,0,0,0
INSLDR.BSE_IDX,01/07/2025,09:14:31,15638.03,0,0,0,0,0,0
INSLDR.BSE_IDX,01/07/2025,09:14:39,15638.03,0,0,0,0,0,0
INSLDR.BSE_IDX,01/07/2025,09:14:47,15638.03,0,0,0,0,0,0
INSLDR.BSE_IDX,01/07/2025,09:14:55,15638.03,0,0,0,0,0,0
INSLDR.BSE_IDX,01/07/2025,09:15:04,15643.11,0,0,0,0,0,0
INSLDR.BSE_IDX,01/07/2025,09:15:11,15645.89,0,0,0,0,0,0
INSLDR.BSE_IDX,01/07/2025,09:15:19,15639.06,0,0,0,0,0,0
INSLDR.BSE_IDX,01/07/2025,09:15:27,15631.28,0,0,0,0,0,0
INSLDR.BSE_IDX,01/07/2025,09:15:35,15629.8,0,0,0,0,0,0
INSLDR.BSE_IDX,01/07/2025,09:15:43,15628.9,0,0,0,0,0,0
INSLDR.BSE_IDX,01/07/2025,09:15:51,15624.68,0,0,0,0,0,0
INSLDR.BSE_IDX,01/07/2025,09:15:59,15623.12,0,0,0,0,0,0
INSLDR.BSE_IDX,01/07/2025,09:16:07,15620.87,0,0,0,0,0,0
INSLDR.BSE_IDX,01/07/2025,09:16:15,15626.3,0,0,0,0,0,0
INSLDR.BSE_IDX,01/07/2025,09:16:24,15628.21,0,0,0,0,0,0
INSLDR.BSE_IDX,01/07/2025,09:16:31,15629.46,0,0,0,0,0,0
INSLDR.BSE_IDX,01/07/2025,09:16:39,15628.33,0,0,0,0,0,0
INSLDR.BSE_IDX,01/07/2025,09:16:48,15625.7,0,0,0,0,0,0
INSLDR.BSE_IDX,01/07/2025,09:16:55,15626.73,0,0,0,0,0,0
INSLDR.BSE_IDX,01/07/2025,09:17:03,15626.18,0,0,0,0,0,0
INSLDR.BSE_IDX,01/07/2025,09:17:12,15625.56,0,0,0,0,0,0
INSLDR.BSE_IDX,01/07/2025,09:17:19,15625.99,0,0,0,0,0,0
INSLDR.BSE_IDX,01/07/2025,09:17:27,15626.08,0,0,0,0,0,0
INSLDR.BSE_IDX,01/07/2025,09:17:35,15626.57,0,0,0,0,0,0
INSLDR.BSE_IDX,01/07/2025,09:17:44,15631.11,0,0,0,0,0,0
INSLDR.BSE_IDX,01/07/2025,09:17:51,15633.47,0,0,0,0,0,0
INSLDR.BSE_IDX,01/07/2025,09:17:59,15633.69,0,0,0,0,0,0
INSLDR.BSE_IDX,01/07/2025,09:18:07,15634.88,0,0,0,0,0,0
INSLDR.BSE_IDX,01/07/2025,09:18:15,15636.18,0,0,0,0,0,0
INSLDR.BSE_IDX,01/07/2025,09:18:23,15636.38,0,0,0,0,0,0
INSLDR.BSE_IDX,01/07/2025,09:18:31,15635.06,0,0,0,0,0,0
INSLDR.BSE_IDX,01/07/2025,09:18:39,15635.81,0,0,0,0,0,0
INSLDR.BSE_IDX,01/07/2025,09:18:47,15637.06,0,0,0,0,0,0
INSLDR.BSE_IDX,01/07/2025,09:18:56,15638.38,0,0,0,0,0,0
INSLDR.BSE_IDX,01/07/2025,09:19:03,15637.21,0,0,0,0,0,0
INSLDR.BSE_IDX,01/07/2025,09:19:11,15636.17,0,0,0,0,0,0
INSLDR.BSE_IDX,01/07/2025,09:19:19,15635.8,0,0,0,0,0,0
INSLDR.BSE_IDX,01/07/2025,09:19:28,15633.58,0,0,0,0,0,0
INSLDR.BSE_IDX,01/07/2025,09:19:35,15635.46,0,0,0,0,0,0
INSLDR.BSE_IDX,01/07/2025,09:19:43,15634.18,0,0,0,0,0,0
INSLDR.BSE_IDX,01/07/2025,09:19:52,15633.93,0,0,0,0,0,0
INSLDR.BSE_IDX,01/07/2025,09:19:59,15633.8,0,0,0,0,0,0
INSLDR.BSE_IDX,01/07/2025,09:20:07,15635.78,0,0,0,0,0,0
INSLDR.BSE_IDX,01/07/2025,09:20:15,15637.93,0,0,0,0,0,0
INSLDR.BSE_IDX,01/07/2025,09:20:24,15637.45,0,0,0,0,0,0
INSLDR.BSE_IDX,01/07/2025,09:20:31,15640.4,0,0,0,0,0,0
INSLDR.BSE_IDX,01/07/2025,09:20:39,15638.39,0,0,0,0,0,0
INSLDR.BSE_IDX,01/07/2025,09:20:47,15639.37,0,0,0,0,0,0
INSLDR.BSE_IDX,01/07/2025,09:20:55,15637.48,0,0,0,0,0,0
INSLDR.BSE_IDX,01/07/2025,09:21:03,15636.8,0,0,0,0,0,0
INSLDR.BSE_IDX,01/07/2025,09:21:11,15639.91,0,0,0,0,0,0
INSLDR.BSE_IDX,01/07/2025,09:21:19,15642.77,0,0,0,0,0,0
INSLDR.BSE_IDX,01/07/2025,09:21:27,15643.03,0,0,0,0,0,0
INSLDR.BSE_IDX,01/07/2025,09:21:36,15643.66,0,0,0,0,0,0
INSLDR.BSE_IDX,01/07/2025,09:21:43,15645.57,0,0,0,0,0,0
INSLDR.BSE_IDX,01/07/2025,09:21:51,15647.1,0,0,0,0,0,0
INSLDR.BSE_IDX,01/07/2025,09:22:00,15648.61,0,0,0,0,0,0
INSLDR.BSE_IDX,01/07/2025,09:22:07,15648.64,0,0,0,0,0,0
INSLDR.BSE_IDX,01/07/2025,09:22:15,15647.11,0,0,0,0,0,0
INSLDR.BSE_IDX,01/07/2025,09:22:23,15651,0,0,0,0,0,0
INSLDR.BSE_IDX,01/07/2025,09:22:31,15653.39,0,0,0,0,0,0
INSLDR.BSE_IDX,01/07/2025,09:22:39,15654.51,0,0,0,0,0,0
INSLDR.BSE_IDX,01/07/2025,09:22:47,15655.44,0,0,0,0,0,0
INSLDR.BSE_IDX,01/07/2025,09:22:55,15655.55,0,0,0,0,0,0
INSLDR.BSE_IDX,01/07/2025,09:23:03,15655.88,0,0,0,0,0,0
INSLDR.BSE_IDX,01/07/2025,09:23:11,15653.22,0,0,0,0,0,0
INSLDR.BSE_IDX,01/07/2025,09:23:20,15652.03,0,0,0,0,0,0
INSLDR.BSE_IDX,01/07/2025,09:23:27,15650.49,0,0,0,0,0,0
INSLDR.BSE_IDX,01/07/2025,09:23:35,15649.35,0,0,0,0,0,0
INSLDR.BSE_IDX,01/07/2025,09:23:44,15648.48,0,0,0,0,0,0
INSLDR.BSE_IDX,01/07/2025,09:23:51,15647.65,0,0,0,0,0,0
INSLDR.BSE_IDX,01/07/2025,09:23:59,15647.91,0,0,0,0,0,0
INSLDR.BSE_IDX,01/07/2025,09:24:08,15649.4,0,0,0,0,0,0
INSLDR.BSE_IDX,01/07/2025,09:24:16,15648.93,0,0,0,0,0,0
INSLDR.BSE_IDX,01/07/2025,09:24:23,15649,0,0,0,0,0,0
INSLDR.BSE_IDX,01/07/2025,09:24:32,15648.82,0,0,0,0,0,0
INSLDR.BSE_IDX,01/07/2025,09:24:39,15648.32,0,0,0,0,0,0
INSLDR.BSE_IDX,01/07/2025,09:24:48,15649.04,0,0,0,0,0,0
INSLDR.BSE_IDX,01/07/2025,09:24:57,15647.35,0,0,0,0,0,0
INSLDR.BSE_IDX,01/07/2025,09:25:03,15648.25,0,0,0,0,0,0
INSLDR.BSE_IDX,01/07/2025,09:25:12,15649.74,0,0,0,0,0,0
INSLDR.BSE_IDX,01/07/2025,09:25:20,15651.39,0,0,0,0,0,0
INSLDR.BSE_IDX,01/07/2025,09:25:29,15651.29,0,0,0,0,0,0
INSLDR.BSE_IDX,01/07/2025,09:25:35,15654.12,0,0,0,0,0,0
INSLDR.BSE_IDX,01/07/2025,09:25:43,15654.65,0,0,0,0,0,0
INSLDR.BSE_IDX,01/07/2025,09:25:51,15654.04,0,0,0,0,0,0
INSLDR.BSE_IDX,01/07/2025,09:25:59,15654.34,0,0,0,0,0,0
INSLDR.BSE_IDX,01/07/2025,09:26:08,15652.46,0,0,0,0,0,0
INSLDR.BSE_IDX,01/07/2025,09:26:15,15651.3,0,0,0,0,0,0
INSLDR.BSE_IDX,01/07/2025,09:26:24,15653.53,0,0,0,0,0,0
INSLDR.BSE_IDX,01/07/2025,09:26:31,15654.36,0,0,0,0,0,0
INSLDR.BSE_IDX,01/07/2025,09:26:40,15654.22,0,0,0,0,0,0
INSLDR.BSE_IDX,01/07/2025,09:26:48,15654.64,0,0,0,0,0,0
INSLDR.BSE_IDX,01/07/2025,09:26:55,15655.89,0,0,0,0,0,0
INSLDR.BSE_IDX,01/07/2025,09:27:04,15656.58,0,0,0,0,0,0
INSLDR.BSE_IDX,01/07/2025,09:27:12,15655.6,0,0,0,0,0,0
INSLDR.BSE_IDX,01/07/2025,09:27:19,15656.53,0,0,0,0,0,0
INSLDR.BSE_IDX,01/07/2025,09:27:28,15655.54,0,0,0,0,0,0
INSLDR.BSE_IDX,01/07/2025,09:27:36,15653.87,0,0,0,0,0,0
INSLDR.BSE_IDX,01/07/2025,09:27:44,15653.43,0,0,0,0,0,0
INSLDR.BSE_IDX,01/07/2025,09:27:52,15652.26,0,0,0,0,0,0
INSLDR.BSE_IDX,01/07/2025,09:28:00,15654.81,0,0,0,0,0,0
INSLDR.BSE_IDX,01/07/2025,09:28:08,15652.24,0,0,0,0,0,0
INSLDR.BSE_IDX,01/07/2025,09:28:16,15651.5,0,0,0,0,0,0
INSLDR.BSE_IDX,01/07/2025,09:28:24,15649.15,0,0,0,0,0,0
INSLDR.BSE_IDX,01/07/2025,09:28:32,15646.45,0,0,0,0,0,0
INSLDR.BSE_IDX,01/07/2025,09:28:40,15645.63,0,0,0,0,0,0
INSLDR.BSE_IDX,01/07/2025,09:28:48,15643.35,0,0,0,0,0,0
INSLDR.BSE_IDX,01/07/2025,09:28:56,15643.13,0,0,0,0,0,0
INSLDR.BSE_IDX,01/07/2025,09:29:04,15643.26,0,0,0,0,0,0
INSLDR.BSE_IDX,01/07/2025,09:29:12,15643.09,0,0,0,0,0,0
INSLDR.BSE_IDX,01/07/2025,09:29:20,15641.3,0,0,0,0,0,0
INSLDR.BSE_IDX,01/07/2025,09:29:28,15641.25,0,0,0,0,0,0
INSLDR.BSE_IDX,01/07/2025,09:29:36,15642.04,0,0,0,0,0,0
INSLDR.BSE_IDX,01/07/2025,09:29:44,15643.72,0,0,0,0,0,0
INSLDR.BSE_IDX,01/07/2025,09:29:52,15643.97,0,0,0,0,0,0
INSLDR.BSE_IDX,01/07/2025,09:30:00,15644.4,0,0,0,0,0,0
INSLDR.BSE_IDX,01/07/2025,09:30:08,15646.92,0,0,0,0,0,0
INSLDR.BSE_IDX,01/07/2025,09:30:16,15652.58,0,0,0,0,0,0
INSLDR.BSE_IDX,01/07/2025,09:30:24,15653.24,0,0,0,0,0,0
INSLDR.BSE_IDX,01/07/2025,09:30:32,15655.17,0,0,0,0,0,0
INSLDR.BSE_IDX,01/07/2025,09:30:40,15656.16,0,0,0,0,0,0
INSLDR.BSE_IDX,01/07/2025,09:30:48,15656.39,0,0,0,0,0,0
INSLDR.BSE_IDX,01/07/2025,09:30:56,15653.69,0,0,0,0,0,0
INSLDR.BSE_IDX,01/07/2025,09:31:04,15653.65,0,0,0,0,0,0
INSLDR.BSE_IDX,01/07/2025,09:31:12,15651.4,0,0,0,0,0,0
INSLDR.BSE_IDX,01/07/2025,09:31:20,15650.82,0,0,0,0,0,0
INSLDR.BSE_IDX,01/07/2025,09:31:28,15650.83,0,0,0,0,0,0
INSLDR.BSE_IDX,01/07/2025,09:31:36,15649.67,0,0,0,0,0,0
INSLDR.BSE_IDX,01/07/2025,09:31:44,15648.99,0,0,0,0,0,0
INSLDR.BSE_IDX,01/07/2025,09:31:52,15650.29,0,0,0,0,0,0
INSLDR.BSE_IDX,01/07/2025,09:32:00,15652.58,0,0,0,0,0,0
INSLDR.BSE_IDX,01/07/2025,09:32:08,15650.89,0,0,0,0,0,0
INSLDR.BSE_IDX,01/07/2025,09:32:16,15649.41,0,0,0,0,0,0
INSLDR.BSE_IDX,01/07/2025,09:32:24,15649.36,0,0,0,0,0,0
INSLDR.BSE_IDX,01/07/2025,09:32:32,15650.44,0,0,0,0,0,0
INSLDR.BSE_IDX,01/07/2025,09:32:40,15649.6,0,0,0,0,0,0
INSLDR.BSE_IDX,01/07/2025,09:32:48,15650.38,0,0,0,0,0,0
INSLDR.BSE_IDX,01/07/2025,09:32:56,15651.31,0,0,0,0,0,0
INSLDR.BSE_IDX,01/07/2025,09:33:04,15652.45,0,0,0,0,0,0
INSLDR.BSE_IDX,01/07/2025,09:33:12,15654.04,0,0,0,0,0,0
INSLDR.BSE_IDX,01/07/2025,09:33:20,15654.6,0,0,0,0,0,0
INSLDR.BSE_IDX,01/07/2025,09:33:28,15655.33,0,0,0,0,0,0
INSLDR.BSE_IDX,01/07/2025,09:33:36,15655.18,0,0,0,0,0,0
INSLDR.BSE_IDX,01/07/2025,09:33:44,15655.46,0,0,0,0,0,0
INSLDR.BSE_IDX,01/07/2025,09:33:52,15655.87,0,0,0,0,0,0
INSLDR.BSE_IDX,01/07/2025,09:34:00,15655.23,0,0,0,0,0,0
INSLDR.BSE_IDX,01/07/2025,09:34:08,15655.38,0,0,0,0,0,0
INSLDR.BSE_IDX,01/07/2025,09:34:16,15654.67,0,0,0,0,0,0
INSLDR.BSE_IDX,01/07/2025,09:34:24,15655.27,0,0,0,0,0,0
INSLDR.BSE_IDX,01/07/2025,09:34:32,15654.3,0,0,0,0,0,0
INSLDR.BSE_IDX,01/07/2025,09:34:40,15654.61,0,0,0,0,0,0
INSLDR.BSE_IDX,01/07/2025,09:34:48,15655.42,0,0,0,0,0,0
INSLDR.BSE_IDX,01/07/2025,09:34:56,15654.36,0,0,0,0,0,0
INSLDR.BSE_IDX,01/07/2025,09:35:05,15652.8,0,0,0,0,0,0
INSLDR.BSE_IDX,01/07/2025,09:35:12,15652.71,0,0,0,0,0,0
INSLDR.BSE_IDX,01/07/2025,09:35:20,15651.06,0,0,0,0,0,0
INSLDR.BSE_IDX,01/07/2025,09:35:28,15651.2,0,0,0,0,0,0
INSLDR.BSE_IDX,01/07/2025,09:35:36,15651.65,0,0,0,0,0,0
INSLDR.BSE_IDX,01/07/2025,09:35:44,15652.24,0,0,0,0,0,0
INSLDR.BSE_IDX,01/07/2025,09:35:52,15651.04,0,0,0,0,0,0
INSLDR.BSE_IDX,01/07/2025,09:36:00,15651.51,0,0,0,0,0,0
INSLDR.BSE_IDX,01/07/2025,09:36:08,15651.03,0,0,0,0,0,0
INSLDR.BSE_IDX,01/07/2025,09:36:16,15651.14,0,0,0,0,0,0
INSLDR.BSE_IDX,01/07/2025,09:36:24,15651.16,0,0,0,0,0,0
INSLDR.BSE_IDX,01/07/2025,09:36:33,15651.32,0,0,0,0,0,0
INSLDR.BSE_IDX,01/07/2025,09:36:40,15649.35,0,0,0,0,0,0
INSLDR.BSE_IDX,01/07/2025,09:36:48,15650.63,0,0,0,0,0,0
INSLDR.BSE_IDX,01/07/2025,09:36:56,15650.17,0,0,0,0,0,0
INSLDR.BSE_IDX,01/07/2025,09:37:04,15651.54,0,0,0,0,0,0
INSLDR.BSE_IDX,01/07/2025,09:37:12,15652.38,0,0,0,0,0,0
INSLDR.BSE_IDX,01/07/2025,09:37:20,15652.39,0,0,0,0,0,0
INSLDR.BSE_IDX,01/07/2025,09:37:28,15653.88,0,0,0,0,0,0
INSLDR.BSE_IDX,01/07/2025,09:37:36,15654,0,0,0,0,0,0
INSLDR.BSE_IDX,01/07/2025,09:37:44,15654.71,0,0,0,0,0,0
INSLDR.BSE_IDX,01/07/2025,09:37:52,15654.44,0,0,0,0,0,0
INSLDR.BSE_IDX,01/07/2025,09:38:00,15655.37,0,0,0,0,0,0
INSLDR.BSE_IDX,01/07/2025,09:38:08,15654.53,0,0,0,0,0,0
INSLDR.BSE_IDX,01/07/2025,09:38:16,15653.45,0,0,0,0,0,0
INSLDR.BSE_IDX,01/07/2025,09:38:24,15653.85,0,0,0,0,0,0
INSLDR.BSE_IDX,01/07/2025,09:38:32,15653.24,0,0,0,0,0,0
INSLDR.BSE_IDX,01/07/2025,09:38:40,15651.27,0,0,0,0,0,0
INSLDR.BSE_IDX,01/07/2025,09:38:48,15652.23,0,0,0,0,0,0
INSLDR.BSE_IDX,01/07/2025,09:38:56,15650.97,0,0,0,0,0,0
INSLDR.BSE_IDX,01/07/2025,09:39:04,15648.69,0,0,0,0,0,0
INSLDR.BSE_IDX,01/07/2025,09:39:12,15649.79,0,0,0,0,0,0
INSLDR.BSE_IDX,01/07/2025,09:39:20,15650.32,0,0,0,0,0,0
INSLDR.BSE_IDX,01/07/2025,09:39:28,15650.65,0,0,0,0,0,0
INSLDR.BSE_IDX,01/07/2025,09:39:36,15651.55,0,0,0,0,0,0
INSLDR.BSE_IDX,01/07/2025,09:39:44,15652.79,0,0,0,0,0,0
INSLDR.BSE_IDX,01/07/2025,09:39:52,15653.03,0,0,0,0,0,0
INSLDR.BSE_IDX,01/07/2025,09:40:00,15653.5,0,0,0,0,0,0
INSLDR.BSE_IDX,01/07/2025,09:40:08,15654.14,0,0,0,0,0,0
INSLDR.BSE_IDX,01/07/2025,09:40:16,15654.32,0,0,0,0,0,0
INSLDR.BSE_IDX,01/07/2025,09:40:24,15655.1,0,0,0,0,0,0
INSLDR.BSE_IDX,01/07/2025,09:40:32,15652.16,0,0,0,0,0,0
INSLDR.BSE_IDX,01/07/2025,09:40:40,15652.31,0,0,0,0,0,0
INSLDR.BSE_IDX,01/07/2025,09:40:48,15651.55,0,0,0,0,0,0
INSLDR.BSE_IDX,01/07/2025,09:40:56,15651.48,0,0,0,0,0,0
INSLDR.BSE_IDX,01/07/2025,09:41:04,15650.69,0,0,0,0,0,0
INSLDR.BSE_IDX,01/07/2025,09:41:12,15651.49,0,0,0,0,0,0
INSLDR.BSE_IDX,01/07/2025,09:41:20,15651.8,0,0,0,0,0,0
INSLDR.BSE_IDX,01/07/2025,09:41:28,15653.27,0,0,0,0,0,0
INSLDR.BSE_IDX,01/07/2025,09:41:36,15653.82,0,0,0,0,0,0
INSLDR.BSE_IDX,01/07/2025,09:41:44,15652.59,0,0,0,0,0,0
INSLDR.BSE_IDX,01/07/2025,09:41:52,15652.12,0,0,0,0,0,0
INSLDR.BSE_IDX,01/07/2025,09:42:00,15652.56,0,0,0,0,0,0
INSLDR.BSE_IDX,01/07/2025,09:42:08,15654.05,0,0,0,0,0,0
INSLDR.BSE_IDX,01/07/2025,09:42:16,15653.84,0,0,0,0,0,0
INSLDR.BSE_IDX,01/07/2025,09:42:24,15652.53,0,0,0,0,0,0
INSLDR.BSE_IDX,01/07/2025,09:42:32,15652.09,0,0,0,0,0,0
INSLDR.BSE_IDX,01/07/2025,09:42:40,15653.25,0,0,0,0,0,0
INSLDR.BSE_IDX,01/07/2025,09:42:48,15653.49,0,0,0,0,0,0
INSLDR.BSE_IDX,01/07/2025,09:42:56,15656.46,0,0,0,0,0,0
INSLDR.BSE_IDX,01/07/2025,09:43:04,15655.28,0,0,0,0,0,0
INSLDR.BSE_IDX,01/07/2025,09:43:12,15654.54,0,0,0,0,0,0
INSLDR.BSE_IDX,01/07/2025,09:43:20,15654.02,0,0,0,0,0,0
INSLDR.BSE_IDX,01/07/2025,09:43:28,15655.1,0,0,0,0,0,0
INSLDR.BSE_IDX,01/07/2025,09:43:36,15654.64,0,0,0,0,0,0
INSLDR.BSE_IDX,01/07/2025,09:43:44,15654.03,0,0,0,0,0,0
INSLDR.BSE_IDX,01/07/2025,09:43:53,15653.72,0,0,0,0,0,0
INSLDR.BSE_IDX,01/07/2025,09:44:00,15654.61,0,0,0,0,0,0
INSLDR.BSE_IDX,01/07/2025,09:44:08,15654.61,0,0,0,0,0,0
INSLDR.BSE_IDX,01/07/2025,09:44:16,15654.84,0,0,0,0,0,0
INSLDR.BSE_IDX,01/07/2025,09:44:24,15654.98,0,0,0,0,0,0
INSLDR.BSE_IDX,01/07/2025,09:44:32,15655.37,0,0,0,0,0,0
INSLDR.BSE_IDX,01/07/2025,09:44:40,15654.15,0,0,0,0,0,0
INSLDR.BSE_IDX,01/07/2025,09:44:48,15653.51,0,0,0,0,0,0
INSLDR.BSE_IDX,01/07/2025,09:44:56,15653.32,0,0,0,0,0,0
INSLDR.BSE_IDX,01/07/2025,09:45:05,15652.01,0,0,0,0,0,0
INSLDR.BSE_IDX,01/07/2025,09:45:12,15649.88,0,0,0,0,0,0
INSLDR.BSE_IDX,01/07/2025,09:45:20,15648.39,0,0,0,0,0,0
INSLDR.BSE_IDX,01/07/2025,09:45:28,15649.86,0,0,0,0,0,0
INSLDR.BSE_IDX,01/07/2025,09:45:36,15647.68,0,0,0,0,0,0
INSLDR.BSE_IDX,01/07/2025,09:45:44,15646.19,0,0,0,0,0,0
INSLDR.BSE_IDX,01/07/2025,09:45:52,15645.89,0,0,0,0,0,0
INSLDR.BSE_IDX,01/07/2025,09:46:01,15645.59,0,0,0,0,0,0
INSLDR.BSE_IDX,01/07/2025,09:46:08,15644.21,0,0,0,0,0,0
INSLDR.BSE_IDX,01/07/2025,09:46:16,15644.43,0,0,0,0,0,0
INSLDR.BSE_IDX,01/07/2025,09:46:24,15645.04,0,0,0,0,0,0
INSLDR.BSE_IDX,01/07/2025,09:46:32,15645.2,0,0,0,0,0,0
INSLDR.BSE_IDX,01/07/2025,09:46:40,15645.48,0,0,0,0,0,0
INSLDR.BSE_IDX,01/07/2025,09:46:48,15644.99,0,0,0,0,0,0
INSLDR.BSE_IDX,01/07/2025,09:46:56,15646.34,0,0,0,0,0,0
INSLDR.BSE_IDX,01/07/2025,09:47:04,15645.54,0,0,0,0,0,0
INSLDR.BSE_IDX,01/07/2025,09:47:12,15646.28,0,0,0,0,0,0
INSLDR.BSE_IDX,01/07/2025,09:47:20,15645.96,0,0,0,0,0,0
INSLDR.BSE_IDX,01/07/2025,09:47:28,15645.57,0,0,0,0,0,0
INSLDR.BSE_IDX,01/07/2025,09:47:36,15644.56,0,0,0,0,0,0
INSLDR.BSE_IDX,01/07/2025,09:47:44,15643.88,0,0,0,0,0,0
INSLDR.BSE_IDX,01/07/2025,09:47:52,15646.37,0,0,0,0,0,0
INSLDR.BSE_IDX,01/07/2025,09:48:00,15647.69,0,0,0,0,0,0
INSLDR.BSE_IDX,01/07/2025,09:48:08,15647.92,0,0,0,0,0,0
INSLDR.BSE_IDX,01/07/2025,09:48:16,15648.46,0,0,0,0,0,0
INSLDR.BSE_IDX,01/07/2025,09:48:24,15650.42,0,0,0,0,0,0
INSLDR.BSE_IDX,01/07/2025,09:48:32,15652.4,0,0,0,0,0,0
INSLDR.BSE_IDX,01/07/2025,09:48:40,15651.45,0,0,0,0,0,0
INSLDR.BSE_IDX,01/07/2025,09:48:48,15650.46,0,0,0,0,0,0
INSLDR.BSE_IDX,01/07/2025,09:48:56,15652.09,0,0,0,0,0,0
INSLDR.BSE_IDX,01/07/2025,09:49:04,15653.47,0,0,0,0,0,0
INSLDR.BSE_IDX,01/07/2025,09:49:12,15654.04,0,0,0,0,0,0
INSLDR.BSE_IDX,01/07/2025,09:49:20,15653.68,0,0,0,0,0,0
INSLDR.BSE_IDX,01/07/2025,09:49:28,15654.3,0,0,0,0,0,0
INSLDR.BSE_IDX,01/07/2025,09:49:36,15655.19,0,0,0,0,0,0
INSLDR.BSE_IDX,01/07/2025,09:49:44,15656.38,0,0,0,0,0,0
INSLDR.BSE_IDX,01/07/2025,09:49:52,15656.4,0,0,0,0,0,0
INSLDR.BSE_IDX,01/07/2025,09:50:00,15656.04,0,0,0,0,0,0
INSLDR.BSE_IDX,01/07/2025,09:50:08,15655.95,0,0,0,0,0,0
INSLDR.BSE_IDX,01/07/2025,09:50:16,15657,0,0,0,0,0,0
INSLDR.BSE_IDX,01/07/2025,09:50:24,15656.97,0,0,0,0,0,0
INSLDR.BSE_IDX,01/07/2025,09:50:32,15656.15,0,0,0,0,0,0
INSLDR.BSE_IDX,01/07/2025,09:50:40,15653.13,0,0,0,0,0,0
INSLDR.BSE_IDX,01/07/2025,09:50:48,15653.91,0,0,0,0,0,0
INSLDR.BSE_IDX,01/07/2025,09:50:57,15654.53,0,0,0,0,0,0
INSLDR.BSE_IDX,01/07/2025,09:51:04,15653.53,0,0,0,0,0,0
INSLDR.BSE_IDX,01/07/2025,09:51:12,15656.31,0,0,0,0,0,0
INSLDR.BSE_IDX,01/07/2025,09:51:20,15656.21,0,0,0,0,0,0
INSLDR.BSE_IDX,01/07/2025,09:51:28,15654.23,0,0,0,0,0,0
INSLDR.BSE_IDX,01/07/2025,09:51:37,15652.55,0,0,0,0,0,0
INSLDR.BSE_IDX,01/07/2025,09:51:44,15653.6,0,0,0,0,0,0
INSLDR.BSE_IDX,01/07/2025,09:51:52,15652.01,0,0,0,0,0,0
INSLDR.BSE_IDX,01/07/2025,09:52:01,15651.08,0,0,0,0,0,0
INSLDR.BSE_IDX,01/07/2025,09:52:08,15648.64,0,0,0,0,0,0
INSLDR.BSE_IDX,01/07/2025,09:52:17,15645.8,0,0,0,0,0,0
INSLDR.BSE_IDX,01/07/2025,09:52:24,15645.19,0,0,0,0,0,0
INSLDR.BSE_IDX,01/07/2025,09:52:32,15646.91,0,0,0,0,0,0
INSLDR.BSE_IDX,01/07/2025,09:52:40,15646.44,0,0,0,0,0,0
INSLDR.BSE_IDX,01/07/2025,09:52:48,15647.33,0,0,0,0,0,0
INSLDR.BSE_IDX,01/07/2025,09:52:57,15647.35,0,0,0,0,0,0
INSLDR.BSE_IDX,01/07/2025,09:53:04,15647.68,0,0,0,0,0,0
INSLDR.BSE_IDX,01/07/2025,09:53:13,15647.9,0,0,0,0,0,0
INSLDR.BSE_IDX,01/07/2025,09:53:20,15649.1,0,0,0,0,0,0
INSLDR.BSE_IDX,01/07/2025,09:53:28,15649.14,0,0,0,0,0,0
INSLDR.BSE_IDX,01/07/2025,09:53:36,15648.21,0,0,0,0,0,0
INSLDR.BSE_IDX,01/07/2025,09:53:44,15647.66,0,0,0,0,0,0
INSLDR.BSE_IDX,01/07/2025,09:53:52,15647.17,0,0,0,0,0,0
INSLDR.BSE_IDX,01/07/2025,09:54:00,15645.34,0,0,0,0,0,0
INSLDR.BSE_IDX,01/07/2025,09:54:08,15644.39,0,0,0,0,0,0
INSLDR.BSE_IDX,01/07/2025,09:54:16,15645.28,0,0,0,0,0,0
INSLDR.BSE_IDX,01/07/2025,09:54:24,15642.57,0,0,0,0,0,0
INSLDR.BSE_IDX,01/07/2025,09:54:32,15642.7,0,0,0,0,0,0
INSLDR.BSE_IDX,01/07/2025,09:54:40,15642.46,0,0,0,0,0,0
INSLDR.BSE_IDX,01/07/2025,09:54:48,15642.45,0,0,0,0,0,0
INSLDR.BSE_IDX,01/07/2025,09:54:56,15642.73,0,0,0,0,0,0
INSLDR.BSE_IDX,01/07/2025,09:55:04,15640.92,0,0,0,0,0,0
INSLDR.BSE_IDX,01/07/2025,09:55:12,15641.49,0,0,0,0,0,0
INSLDR.BSE_IDX,01/07/2025,09:55:20,15640.98,0,0,0,0,0,0
INSLDR.BSE_IDX,01/07/2025,09:55:28,15641.26,0,0,0,0,0,0
INSLDR.BSE_IDX,01/07/2025,09:55:36,15640.8,0,0,0,0,0,0
INSLDR.BSE_IDX,01/07/2025,09:55:44,15640.17,0,0,0,0,0,0
INSLDR.BSE_IDX,01/07/2025,09:55:52,15638.55,0,0,0,0,0,0
INSLDR.BSE_IDX,01/07/2025,09:56:00,15638.48,0,0,0,0,0,0
INSLDR.BSE_IDX,01/07/2025,09:56:08,15638.87,0,0,0,0,0,0
INSLDR.BSE_IDX,01/07/2025,09:56:16,15638.25,0,0,0,0,0,0
INSLDR.BSE_IDX,01/07/2025,09:56:25,15638,0,0,0,0,0,0
INSLDR.BSE_IDX,01/07/2025,09:56:33,15636.93,0,0,0,0,0,0
INSLDR.BSE_IDX,01/07/2025,09:56:41,15636.53,0,0,0,0,0,0
INSLDR.BSE_IDX,01/07/2025,09:56:48,15637.42,0,0,0,0,0,0
INSLDR.BSE_IDX,01/07/2025,09:56:57,15636.76,0,0,0,0,0,0
INSLDR.BSE_IDX,01/07/2025,09:57:04,15636.95,0,0,0,0,0,0
INSLDR.BSE_IDX,01/07/2025,09:57:12,15637.96,0,0,0,0,0,0
INSLDR.BSE_IDX,01/07/2025,09:57:20,15638.85,0,0,0,0,0,0
INSLDR.BSE_IDX,01/07/2025,09:57:28,15638.86,0,0,0,0,0,0
INSLDR.BSE_IDX,01/07/2025,09:57:36,15638.4,0,0,0,0,0,0
INSLDR.BSE_IDX,01/07/2025,09:57:44,15639.97,0,0,0,0,0,0
INSLDR.BSE_IDX,01/07/2025,09:57:52,15639.43,0,0,0,0,0,0
INSLDR.BSE_IDX,01/07/2025,09:58:00,15639.35,0,0,0,0,0,0
INSLDR.BSE_IDX,01/07/2025,09:58:08,15639.8,0,0,0,0,0,0
INSLDR.BSE_IDX,01/07/2025,09:58:16,15640.59,0,0,0,0,0,0
INSLDR.BSE_IDX,01/07/2025,09:58:24,15640.15,0,0,0,0,0,0
INSLDR.BSE_IDX,01/07/2025,09:58:32,15640.85,0,0,0,0,0,0
INSLDR.BSE_IDX,01/07/2025,09:58:40,15642.51,0,0,0,0,0,0
INSLDR.BSE_IDX,01/07/2025,09:58:48,15642.91,0,0,0,0,0,0
INSLDR.BSE_IDX,01/07/2025,09:58:56,15643.85,0,0,0,0,0,0
INSLDR.BSE_IDX,01/07/2025,09:59:05,15645.53,0,0,0,0,0,0
INSLDR.BSE_IDX,01/07/2025,09:59:12,15645.04,0,0,0,0,0,0
INSLDR.BSE_IDX,01/07/2025,09:59:20,15645.49,0,0,0,0,0,0
INSLDR.BSE_IDX,01/07/2025,09:59:28,15646.37,0,0,0,0,0,0
INSLDR.BSE_IDX,01/07/2025,09:59:36,15647.09,0,0,0,0,0,0
INSLDR.BSE_IDX,01/07/2025,09:59:45,15646.46,0,0,0,0,0,0
INSLDR.BSE_IDX,01/07/2025,09:59:52,15646.87,0,0,0,0,0,0
INSLDR.BSE_IDX,01/07/2025,10:00:01,15646.43,0,0,0,0,0,0
INSLDR.BSE_IDX,01/07/2025,10:00:08,15649.35,0,0,0,0,0,0
INSLDR.BSE_IDX,01/07/2025,10:00:16,15649.8,0,0,0,0,0,0
INSLDR.BSE_IDX,01/07/2025,10:00:25,15649.02,0,0,0,0,0,0
INSLDR.BSE_IDX,01/07/2025,10:00:32,15648.9,0,0,0,0,0,0
INSLDR.BSE_IDX,01/07/2025,10:00:40,15648.78,0,0,0,0,0,0
INSLDR.BSE_IDX,01/07/2025,10:00:49,15648.24,0,0,0,0,0,0
INSLDR.BSE_IDX,01/07/2025,10:00:57,15648.12,0,0,0,0,0,0
INSLDR.BSE_IDX,01/07/2025,10:01:04,15645.44,0,0,0,0,0,0
INSLDR.BSE_IDX,01/07/2025,10:01:12,15642.67,0,0,0,0,0,0
INSLDR.BSE_IDX,01/07/2025,10:01:21,15642.16,0,0,0,0,0,0
INSLDR.BSE_IDX,01/07/2025,10:01:29,15641.95,0,0,0,0,0,0
INSLDR.BSE_IDX,01/07/2025,10:01:37,15641.34,0,0,0,0,0,0
INSLDR.BSE_IDX,01/07/2025,10:01:44,15641.63,0,0,0,0,0,0
INSLDR.BSE_IDX,01/07/2025,10:01:52,15639.97,0,0,0,0,0,0
INSLDR.BSE_IDX,01/07/2025,10:02:00,15639.12,0,0,0,0,0,0
INSLDR.BSE_IDX,01/07/2025,10:02:09,15640.06,0,0,0,0,0,0
INSLDR.BSE_IDX,01/07/2025,10:02:17,15638.92,0,0,0,0,0,0
INSLDR.BSE_IDX,01/07/2025,10:02:24,15639.59,0,0,0,0,0,0
INSLDR.BSE_IDX,01/07/2025,10:02:32,15637.13,0,0,0,0,0,0
INSLDR.BSE_IDX,01/07/2025,10:02:41,15638.06,0,0,0,0,0,0
INSLDR.BSE_IDX,01/07/2025,10:02:49,15638.41,0,0,0,0,0,0
INSLDR.BSE_IDX,01/07/2025,10:02:57,15636.69,0,0,0,0,0,0
INSLDR.BSE_IDX,01/07/2025,10:03:04,15636.06,0,0,0,0,0,0
INSLDR.BSE_IDX,01/07/2025,10:03:13,15634.22,0,0,0,0,0,0
INSLDR.BSE_IDX,01/07/2025,10:03:20,15633.04,0,0,0,0,0,0
INSLDR.BSE_IDX,01/07/2025,10:03:29,15631.24,0,0,0,0,0,0
INSLDR.BSE_IDX,01/07/2025,10:03:37,15631.92,0,0,0,0,0,0
INSLDR.BSE_IDX,01/07/2025,10:03:45,15632.29,0,0,0,0,0,0
INSLDR.BSE_IDX,01/07/2025,10:03:53,15632.61,0,0,0,0,0,0
INSLDR.BSE_IDX,01/07/2025,10:04:01,15633.14,0,0,0,0,0,0
INSLDR.BSE_IDX,01/07/2025,10:04:09,15632.74,0,0,0,0,0,0
INSLDR.BSE_IDX,01/07/2025,10:04:17,15633.01,0,0,0,0,0,0
INSLDR.BSE_IDX,01/07/2025,10:04:25,15632.72,0,0,0,0,0,0
INSLDR.BSE_IDX,01/07/2025,10:04:33,15636.15,0,0,0,0,0,0
INSLDR.BSE_IDX,01/07/2025,10:04:41,15637.44,0,0,0,0,0,0
INSLDR.BSE_IDX,01/07/2025,10:04:50,15638.41,0,0,0,0,0,0
INSLDR.BSE_IDX,01/07/2025,10:04:57,15637.31,0,0,0,0,0,0
INSLDR.BSE_IDX,01/07/2025,10:05:05,15635.26,0,0,0,0,0,0
INSLDR.BSE_IDX,01/07/2025,10:05:14,15634.73,0,0,0,0,0,0
INSLDR.BSE_IDX,01/07/2025,10:05:21,15633.19,0,0,0,0,0,0
INSLDR.BSE_IDX,01/07/2025,10:05:29,15629,0,0,0,0,0,0
INSLDR.BSE_IDX,01/07/2025,10:05:37,15628.33,0,0,0,0,0,0
INSLDR.BSE_IDX,01/07/2025,10:05:45,15631.33,0,0,0,0,0,0
INSLDR.BSE_IDX,01/07/2025,10:05:53,15632.81,0,0,0,0,0,0
INSLDR.BSE_IDX,01/07/2025,10:06:01,15632.59,0,0,0,0,0,0
INSLDR.BSE_IDX,01/07/2025,10:06:09,15633.46,0,0,0,0,0,0
INSLDR.BSE_IDX,01/07/2025,10:06:17,15634.57,0,0,0,0,0,0
INSLDR.BSE_IDX,01/07/2025,10:06:25,15634.85,0,0,0,0,0,0
INSLDR.BSE_IDX,01/07/2025,10:06:33,15635.32,0,0,0,0,0,0
INSLDR.BSE_IDX,01/07/2025,10:06:41,15634.82,0,0,0,0,0,0
INSLDR.BSE_IDX,01/07/2025,10:06:49,15634.45,0,0,0,0,0,0
INSLDR.BSE_IDX,01/07/2025,10:06:57,15635.28,0,0,0,0,0,0
INSLDR.BSE_IDX,01/07/2025,10:07:05,15636.75,0,0,0,0,0,0
INSLDR.BSE_IDX,01/07/2025,10:07:13,15637.06,0,0,0,0,0,0
INSLDR.BSE_IDX,01/07/2025,10:07:21,15637.31,0,0,0,0,0,0
INSLDR.BSE_IDX,01/07/2025,10:07:29,15637.78,0,0,0,0,0,0
INSLDR.BSE_IDX,01/07/2025,10:07:37,15638.46,0,0,0,0,0,0
INSLDR.BSE_IDX,01/07/2025,10:07:45,15639,0,0,0,0,0,0
INSLDR.BSE_IDX,01/07/2025,10:07:53,15639.03,0,0,0,0,0,0
INSLDR.BSE_IDX,01/07/2025,10:08:01,15639.26,0,0,0,0,0,0
INSLDR.BSE_IDX,01/07/2025,10:08:09,15638.51,0,0,0,0,0,0
INSLDR.BSE_IDX,01/07/2025,10:08:17,15639.97,0,0,0,0,0,0
INSLDR.BSE_IDX,01/07/2025,10:08:25,15640.21,0,0,0,0,0,0
INSLDR.BSE_IDX,01/07/2025,10:08:33,15639.47,0,0,0,0,0,0
INSLDR.BSE_IDX,01/07/2025,10:08:41,15638.77,0,0,0,0,0,0
INSLDR.BSE_IDX,01/07/2025,10:08:49,15638.43,0,0,0,0,0,0
INSLDR.BSE_IDX,01/07/2025,10:08:57,15637.24,0,0,0,0,0,0
INSLDR.BSE_IDX,01/07/2025,10:09:05,15634.34,0,0,0,0,0,0
INSLDR.BSE_IDX,01/07/2025,10:09:13,15634.07,0,0,0,0,0,0
INSLDR.BSE_IDX,01/07/2025,10:09:21,15632.73,0,0,0,0,0,0
INSLDR.BSE_IDX,01/07/2025,10:09:29,15632.26,0,0,0,0,0,0
INSLDR.BSE_IDX,01/07/2025,10:09:37,15632.45,0,0,0,0,0,0
INSLDR.BSE_IDX,01/07/2025,10:09:45,15632.73,0,0,0,0,0,0
INSLDR.BSE_IDX,01/07/2025,10:09:53,15633.29,0,0,0,0,0,0
INSLDR.BSE_IDX,01/07/2025,10:10:01,15634.58,0,0,0,0,0,0
INSLDR.BSE_IDX,01/07/2025,10:10:09,15633.93,0,0,0,0,0,0
INSLDR.BSE_IDX,01/07/2025,10:10:17,15634.2,0,0,0,0,0,0
INSLDR.BSE_IDX,01/07/2025,10:10:25,15634.05,0,0,0,0,0,0
INSLDR.BSE_IDX,01/07/2025,10:10:33,15634.93,0,0,0,0,0,0
INSLDR.BSE_IDX,01/07/2025,10:10:41,15634.49,0,0,0,0,0,0
INSLDR.BSE_IDX,01/07/2025,10:10:49,15634.72,0,0,0,0,0,0
INSLDR.BSE_IDX,01/07/2025,10:10:57,15634.53,0,0,0,0,0,0
INSLDR.BSE_IDX,01/07/2025,10:11:05,15634.51,0,0,0,0,0,0
INSLDR.BSE_IDX,01/07/2025,10:11:13,15634.12,0,0,0,0,0,0
INSLDR.BSE_IDX,01/07/2025,10:11:22,15633.63,0,0,0,0,0,0
INSLDR.BSE_IDX,01/07/2025,10:11:29,15630.95,0,0,0,0,0,0
INSLDR.BSE_IDX,01/07/2025,10:11:37,15630.7,0,0,0,0,0,0
INSLDR.BSE_IDX,01/07/2025,10:11:45,15629.86,0,0,0,0,0,0
INSLDR.BSE_IDX,01/07/2025,10:11:53,15630.14,0,0,0,0,0,0
INSLDR.BSE_IDX,01/07/2025,10:12:01,15632.97,0,0,0,0,0,0
INSLDR.BSE_IDX,01/07/2025,10:12:09,15632.8,0,0,0,0,0,0
INSLDR.BSE_IDX,01/07/2025,10:12:17,15630.85,0,0,0,0,0,0
INSLDR.BSE_IDX,01/07/2025,10:12:25,15630.29,0,0,0,0,0,0
INSLDR.BSE_IDX,01/07/2025,10:12:33,15630.09,0,0,0,0,0,0
INSLDR.BSE_IDX,01/07/2025,10:12:41,15629.16,0,0,0,0,0,0
INSLDR.BSE_IDX,01/07/2025,10:12:49,15627.39,0,0,0,0,0,0
INSLDR.BSE_IDX,01/07/2025,10:12:57,15623.04,0,0,0,0,0,0
INSLDR.BSE_IDX,01/07/2025,10:13:05,15622.01,0,0,0,0,0,0
INSLDR.BSE_IDX,01/07/2025,10:13:13,15623.17,0,0,0,0,0,0
INSLDR.BSE_IDX,01/07/2025,10:13:21,15625.46,0,0,0,0,0,0
INSLDR.BSE_IDX,01/07/2025,10:13:29,15626,0,0,0,0,0,0
INSLDR.BSE_IDX,01/07/2025,10:13:37,15626.21,0,0,0,0,0,0
INSLDR.BSE_IDX,01/07/2025,10:13:45,15625.81,0,0,0,0,0,0
INSLDR.BSE_IDX,01/07/2025,10:13:53,15624.85,0,0,0,0,0,0
INSLDR.BSE_IDX,01/07/2025,10:14:01,15622.73,0,0,0,0,0,0
INSLDR.BSE_IDX,01/07/2025,10:14:09,15622.36,0,0,0,0,0,0
INSLDR.BSE_IDX,01/07/2025,10:14:17,15623.16,0,0,0,0,0,0
INSLDR.BSE_IDX,01/07/2025,10:14:25,15623,0,0,0,0,0,0
INSLDR.BSE_IDX,01/07/2025,10:14:33,15623.82,0,0,0,0,0,0
INSLDR.BSE_IDX,01/07/2025,10:14:41,15622.22,0,0,0,0,0,0
INSLDR.BSE_IDX,01/07/2025,10:14:49,15621.49,0,0,0,0,0,0
INSLDR.BSE_IDX,01/07/2025,10:14:57,15621.71,0,0,0,0,0,0
INSLDR.BSE_IDX,01/07/2025,10:15:05,15621.35,0,0,0,0,0,0
INSLDR.BSE_IDX,01/07/2025,10:15:13,15620.43,0,0,0,0,0,0
INSLDR.BSE_IDX,01/07/2025,10:15:21,15621.01,0,0,0,0,0,0
INSLDR.BSE_IDX,01/07/2025,10:15:29,15620,0,0,0,0,0,0
INSLDR.BSE_IDX,01/07/2025,10:15:37,15621.68,0,0,0,0,0,0
INSLDR.BSE_IDX,01/07/2025,10:15:45,15621.81,0,0,0,0,0,0
INSLDR.BSE_IDX,01/07/2025,10:15:53,15622.32,0,0,0,0,0,0
INSLDR.BSE_IDX,01/07/2025,10:16:01,15622.56,0,0,0,0,0,0
INSLDR.BSE_IDX,01/07/2025,10:16:09,15623.31,0,0,0,0,0,0
INSLDR.BSE_IDX,01/07/2025,10:16:17,15623.18,0,0,0,0,0,0
INSLDR.BSE_IDX,01/07/2025,10:16:25,15623.39,0,0,0,0,0,0
INSLDR.BSE_IDX,01/07/2025,10:16:33,15623.4,0,0,0,0,0,0
INSLDR.BSE_IDX,01/07/2025,10:16:41,15622.96,0,0,0,0,0,0
INSLDR.BSE_IDX,01/07/2025,10:16:49,15622.28,0,0,0,0,0,0
INSLDR.BSE_IDX,01/07/2025,10:16:57,15622.03,0,0,0,0,0,0
INSLDR.BSE_IDX,01/07/2025,10:17:05,15621.86,0,0,0,0,0,0
INSLDR.BSE_IDX,01/07/2025,10:17:13,15621.75,0,0,0,0,0,0
INSLDR.BSE_IDX,01/07/2025,10:17:21,15623.47,0,0,0,0,0,0
INSLDR.BSE_IDX,01/07/2025,10:17:29,15623.39,0,0,0,0,0,0
INSLDR.BSE_IDX,01/07/2025,10:17:37,15624.04,0,0,0,0,0,0
INSLDR.BSE_IDX,01/07/2025,10:17:45,15623.93,0,0,0,0,0,0
INSLDR.BSE_IDX,01/07/2025,10:17:53,15625.7,0,0,0,0,0,0
INSLDR.BSE_IDX,01/07/2025,10:18:01,15626.07,0,0,0,0,0,0
INSLDR.BSE_IDX,01/07/2025,10:18:09,15626.28,0,0,0,0,0,0
INSLDR.BSE_IDX,01/07/2025,10:18:17,15627.62,0,0,0,0,0,0
INSLDR.BSE_IDX,01/07/2025,10:18:25,15627.41,0,0,0,0,0,0
INSLDR.BSE_IDX,01/07/2025,10:18:33,15626.57,0,0,0,0,0,0
INSLDR.BSE_IDX,01/07/2025,10:18:41,15625.94,0,0,0,0,0,0
INSLDR.BSE_IDX,01/07/2025,10:18:49,15625.95,0,0,0,0,0,0
INSLDR.BSE_IDX,01/07/2025,10:18:57,15625.73,0,0,0,0,0,0
INSLDR.BSE_IDX,01/07/2025,10:19:05,15623.56,0,0,0,0,0,0
INSLDR.BSE_IDX,01/07/2025,10:19:13,15624.08,0,0,0,0,0,0
INSLDR.BSE_IDX,01/07/2025,10:19:21,15624.62,0,0,0,0,0,0
INSLDR.BSE_IDX,01/07/2025,10:19:29,15625.71,0,0,0,0,0,0
INSLDR.BSE_IDX,01/07/2025,10:19:37,15624.02,0,0,0,0,0,0
INSLDR.BSE_IDX,01/07/2025,10:19:45,15624.9,0,0,0,0,0,0
INSLDR.BSE_IDX,01/07/2025,10:19:53,15623.28,0,0,0,0,0,0
INSLDR.BSE_IDX,01/07/2025,10:20:01,15623.41,0,0,0,0,0,0
INSLDR.BSE_IDX,01/07/2025,10:20:09,15624.08,0,0,0,0,0,0
INSLDR.BSE_IDX,01/07/2025,10:20:17,15624.64,0,0,0,0,0,0
INSLDR.BSE_IDX,01/07/2025,10:20:25,15624.2,0,0,0,0,0,0
INSLDR.BSE_IDX,01/07/2025,10:20:33,15623.98,0,0,0,0,0,0
INSLDR.BSE_IDX,01/07/2025,10:20:41,15624.09,0,0,0,0,0,0
INSLDR.BSE_IDX,01/07/2025,10:20:49,15622.82,0,0,0,0,0,0
INSLDR.BSE_IDX,01/07/2025,10:20:57,15622.23,0,0,0,0,0,0
INSLDR.BSE_IDX,01/07/2025,10:21:05,15620.94,0,0,0,0,0,0
INSLDR.BSE_IDX,01/07/2025,10:21:13,15620.13,0,0,0,0,0,0
INSLDR.BSE_IDX,01/07/2025,10:21:21,15620.63,0,0,0,0,0,0
INSLDR.BSE_IDX,01/07/2025,10:21:29,15619.7,0,0,0,0,0,0
INSLDR.BSE_IDX,01/07/2025,10:21:37,15619.68,0,0,0,0,0,0
INSLDR.BSE_IDX,01/07/2025,10:21:45,15618.04,0,0,0,0,0,0
INSLDR.BSE_IDX,01/07/2025,10:21:53,15619.12,0,0,0,0,0,0
INSLDR.BSE_IDX,01/07/2025,10:22:01,15619.22,0,0,0,0,0,0
INSLDR.BSE_IDX,01/07/2025,10:22:09,15618.69,0,0,0,0,0,0
INSLDR.BSE_IDX,01/07/2025,10:22:17,15618,0,0,0,0,0,0
INSLDR.BSE_IDX,01/07/2025,10:22:25,15618.02,0,0,0,0,0,0
INSLDR.BSE_IDX,01/07/2025,10:22:33,15617.16,0,0,0,0,0,0
INSLDR.BSE_IDX,01/07/2025,10:22:41,15617.7,0,0,0,0,0,0
INSLDR.BSE_IDX,01/07/2025,10:22:49,15617.07,0,0,0,0,0,0
INSLDR.BSE_IDX,01/07/2025,10:22:57,15618.27,0,0,0,0,0,0
INSLDR.BSE_IDX,01/07/2025,10:23:05,15617.63,0,0,0,0,0,0
INSLDR.BSE_IDX,01/07/2025,10:23:13,15618.43,0,0,0,0,0,0
INSLDR.BSE_IDX,01/07/2025,10:23:21,15617.64,0,0,0,0,0,0
INSLDR.BSE_IDX,01/07/2025,10:23:29,15617.47,0,0,0,0,0,0
INSLDR.BSE_IDX,01/07/2025,10:23:37,15618.27,0,0,0,0,0,0
INSLDR.BSE_IDX,01/07/2025,10:23:45,15618.2,0,0,0,0,0,0
INSLDR.BSE_IDX,01/07/2025,10:23:53,15618,0,0,0,0,0,0
INSLDR.BSE_IDX,01/07/2025,10:24:01,15618.83,0,0,0,0,0,0
INSLDR.BSE_IDX,01/07/2025,10:24:09,15617.64,0,0,0,0,0,0
INSLDR.BSE_IDX,01/07/2025,10:24:17,15616.53,0,0,0,0,0,0
INSLDR.BSE_IDX,01/07/2025,10:24:25,15617.12,0,0,0,0,0,0
INSLDR.BSE_IDX,01/07/2025,10:24:33,15616.38,0,0,0,0,0,0
INSLDR.BSE_IDX,01/07/2025,10:24:41,15616.24,0,0,0,0,0,0
INSLDR.BSE_IDX,01/07/2025,10:24:49,15616.7,0,0,0,0,0,0
INSLDR.BSE_IDX,01/07/2025,10:24:57,15617.02,0,0,0,0,0,0
INSLDR.BSE_IDX,01/07/2025,10:25:05,15616.23,0,0,0,0,0,0
INSLDR.BSE_IDX,01/07/2025,10:25:13,15616.58,0,0,0,0,0,0
INSLDR.BSE_IDX,01/07/2025,10:25:21,15616.54,0,0,0,0,0,0
INSLDR.BSE_IDX,01/07/2025,10:25:29,15616.23,0,0,0,0,0,0
INSLDR.BSE_IDX,01/07/2025,10:25:37,15617.16,0,0,0,0,0,0
INSLDR.BSE_IDX,01/07/2025,10:25:45,15617.02,0,0,0,0,0,0
INSLDR.BSE_IDX,01/07/2025,10:25:53,15617.3,0,0,0,0,0,0
INSLDR.BSE_IDX,01/07/2025,10:26:01,15618.04,0,0,0,0,0,0
INSLDR.BSE_IDX,01/07/2025,10:26:09,15618.2,0,0,0,0,0,0
INSLDR.BSE_IDX,01/07/2025,10:26:17,15618.48,0,0,0,0,0,0
INSLDR.BSE_IDX,01/07/2025,10:26:25,15618.01,0,0,0,0,0,0
INSLDR.BSE_IDX,01/07/2025,10:26:33,15617.85,0,0,0,0,0,0
INSLDR.BSE_IDX,01/07/2025,10:26:41,15618.84,0,0,0,0,0,0
INSLDR.BSE_IDX,01/07/2025,10:26:49,15618.2,0,0,0,0,0,0
INSLDR.BSE_IDX,01/07/2025,10:26:57,15618.04,0,0,0,0,0,0
INSLDR.BSE_IDX,01/07/2025,10:27:05,15618.33,0,0,0,0,0,0
INSLDR.BSE_IDX,01/07/2025,10:27:13,15618.65,0,0,0,0,0,0
INSLDR.BSE_IDX,01/07/2025,10:27:21,15618.12,0,0,0,0,0,0
INSLDR.BSE_IDX,01/07/2025,10:27:29,15619.68,0,0,0,0,0,0
INSLDR.BSE_IDX,01/07/2025,10:27:37,15619.27,0,0,0,0,0,0
INSLDR.BSE_IDX,01/07/2025,10:27:45,15619.51,0,0,0,0,0,0
INSLDR.BSE_IDX,01/07/2025,10:27:53,15620.7,0,0,0,0,0,0
INSLDR.BSE_IDX,01/07/2025,10:28:01,15621.53,0,0,0,0,0,0
INSLDR.BSE_IDX,01/07/2025,10:28:09,15622.03,0,0,0,0,0,0
INSLDR.BSE_IDX,01/07/2025,10:28:17,15620.88,0,0,0,0,0,0
INSLDR.BSE_IDX,01/07/2025,10:28:25,15619.94,0,0,0,0,0,0
INSLDR.BSE_IDX,01/07/2025,10:28:33,15620.81,0,0,0,0,0,0
INSLDR.BSE_IDX,01/07/2025,10:28:41,15620.65,0,0,0,0,0,0
INSLDR.BSE_IDX,01/07/2025,10:28:49,15622.03,0,0,0,0,0,0
INSLDR.BSE_IDX,01/07/2025,10:28:57,15621.51,0,0,0,0,0,0
INSLDR.BSE_IDX,01/07/2025,10:29:05,15622.91,0,0,0,0,0,0
INSLDR.BSE_IDX,01/07/2025,10:29:13,15622.91,0,0,0,0,0,0
INSLDR.BSE_IDX,01/07/2025,10:29:21,15622.51,0,0,0,0,0,0
INSLDR.BSE_IDX,01/07/2025,10:29:29,15622.13,0,0,0,0,0,0
INSLDR.BSE_IDX,01/07/2025,10:29:37,15621.84,0,0,0,0,0,0
INSLDR.BSE_IDX,01/07/2025,10:29:46,15621.54,0,0,0,0,0,0
INSLDR.BSE_IDX,01/07/2025,10:29:54,15622.48,0,0,0,0,0,0
INSLDR.BSE_IDX,01/07/2025,10:30:01,15622.66,0,0,0,0,0,0
INSLDR.BSE_IDX,01/07/2025,10:30:09,15622.03,0,0,0,0,0,0
INSLDR.BSE_IDX,01/07/2025,10:30:17,15623.96,0,0,0,0,0,0
INSLDR.BSE_IDX,01/07/2025,10:30:25,15626.95,0,0,0,0,0,0
INSLDR.BSE_IDX,01/07/2025,10:30:33,15626.12,0,0,0,0,0,0
INSLDR.BSE_IDX,01/07/2025,10:30:41,15625.95,0,0,0,0,0,0
INSLDR.BSE_IDX,01/07/2025,10:30:49,15625.15,0,0,0,0,0,0
INSLDR.BSE_IDX,01/07/2025,10:30:57,15623.96,0,0,0,0,0,0
INSLDR.BSE_IDX,01/07/2025,10:31:05,15624.35,0,0,0,0,0,0
INSLDR.BSE_IDX,01/07/2025,10:31:13,15624.4,0,0,0,0,0,0
INSLDR.BSE_IDX,01/07/2025,10:31:22,15623.65,0,0,0,0,0,0
INSLDR.BSE_IDX,01/07/2025,10:31:29,15623.23,0,0,0,0,0,0
INSLDR.BSE_IDX,01/07/2025,10:31:37,15622.63,0,0,0,0,0,0
INSLDR.BSE_IDX,01/07/2025,10:31:46,15621.26,0,0,0,0,0,0
INSLDR.BSE_IDX,01/07/2025,10:31:53,15621.48,0,0,0,0,0,0
INSLDR.BSE_IDX,01/07/2025,10:32:01,15621.89,0,0,0,0,0,0
INSLDR.BSE_IDX,01/07/2025,10:32:10,15620.7,0,0,0,0,0,0
INSLDR.BSE_IDX,01/07/2025,10:32:17,15620.57,0,0,0,0,0,0
INSLDR.BSE_IDX,01/07/2025,10:32:25,15620.87,0,0,0,0,0,0
INSLDR.BSE_IDX,01/07/2025,10:32:33,15621.61,0,0,0,0,0,0
INSLDR.BSE_IDX,01/07/2025,10:32:41,15622.55,0,0,0,0,0,0
INSLDR.BSE_IDX,01/07/2025,10:32:49,15623.38,0,0,0,0,0,0
INSLDR.BSE_IDX,01/07/2025,10:32:57,15624.87,0,0,0,0,0,0
INSLDR.BSE_IDX,01/07/2025,10:33:06,15625.62,0,0,0,0,0,0
INSLDR.BSE_IDX,01/07/2025,10:33:13,15626.01,0,0,0,0,0,0
INSLDR.BSE_IDX,01/07/2025,10:33:22,15625.9,0,0,0,0,0,0
INSLDR.BSE_IDX,01/07/2025,10:33:29,15625.53,0,0,0,0,0,0
INSLDR.BSE_IDX,01/07/2025,10:33:37,15626.77,0,0,0,0,0,0
INSLDR.BSE_IDX,01/07/2025,10:33:45,15627.15,0,0,0,0,0,0
INSLDR.BSE_IDX,01/07/2025,10:33:53,15626.86,0,0,0,0,0,0
INSLDR.BSE_IDX,01/07/2025,10:34:01,15626.71,0,0,0,0,0,0
INSLDR.BSE_IDX,01/07/2025,10:34:09,15626.87,0,0,0,0,0,0
INSLDR.BSE_IDX,01/07/2025,10:34:17,15626.36,0,0,0,0,0,0
INSLDR.BSE_IDX,01/07/2025,10:34:25,15627.04,0,0,0,0,0,0
INSLDR.BSE_IDX,01/07/2025,10:34:33,15627.49,0,0,0,0,0,0
INSLDR.BSE_IDX,01/07/2025,10:34:41,15627.13,0,0,0,0,0,0
INSLDR.BSE_IDX,01/07/2025,10:34:49,15627.45,0,0,0,0,0,0
INSLDR.BSE_IDX,01/07/2025,10:34:58,15626.81,0,0,0,0,0,0
INSLDR.BSE_IDX,01/07/2025,10:35:06,15627.01,0,0,0,0,0,0
INSLDR.BSE_IDX,01/07/2025,10:35:14,15627.2,0,0,0,0,0,0
INSLDR.BSE_IDX,01/07/2025,10:35:21,15627.74,0,0,0,0,0,0
INSLDR.BSE_IDX,01/07/2025,10:35:29,15626.81,0,0,0,0,0,0
INSLDR.BSE_IDX,01/07/2025,10:35:37,15626.32,0,0,0,0,0,0
INSLDR.BSE_IDX,01/07/2025,10:35:45,15625.74,0,0,0,0,0,0
INSLDR.BSE_IDX,01/07/2025,10:35:54,15625.18,0,0,0,0,0,0
INSLDR.BSE_IDX,01/07/2025,10:36:02,15625.18,0,0,0,0,0,0
INSLDR.BSE_IDX,01/07/2025,10:36:10,15624.81,0,0,0,0,0,0
INSLDR.BSE_IDX,01/07/2025,10:36:18,15625.2,0,0,0,0,0,0
INSLDR.BSE_IDX,01/07/2025,10:36:25,15624.7,0,0,0,0,0,0
INSLDR.BSE_IDX,01/07/2025,10:36:34,15625.81,0,0,0,0,0,0
INSLDR.BSE_IDX,01/07/2025,10:36:42,15626.5,0,0,0,0,0,0
INSLDR.BSE_IDX,01/07/2025,10:36:49,15626.46,0,0,0,0,0,0
INSLDR.BSE_IDX,01/07/2025,10:36:58,15625.89,0,0,0,0,0,0
INSLDR.BSE_IDX,01/07/2025,10:37:06,15625.86,0,0,0,0,0,0
INSLDR.BSE_IDX,01/07/2025,10:37:14,15624.99,0,0,0,0,0,0
INSLDR.BSE_IDX,01/07/2025,10:37:22,15624.7,0,0,0,0,0,0
INSLDR.BSE_IDX,01/07/2025,10:37:30,15624.93,0,0,0,0,0,0
INSLDR.BSE_IDX,01/07/2025,10:37:38,15623.77,0,0,0,0,0,0
INSLDR.BSE_IDX,01/07/2025,10:37:46,15623.9,0,0,0,0,0,0
INSLDR.BSE_IDX,01/07/2025,10:37:54,15622.9,0,0,0,0,0,0
INSLDR.BSE_IDX,01/07/2025,10:38:02,15622.8,0,0,0,0,0,0
INSLDR.BSE_IDX,01/07/2025,10:38:10,15623.06,0,0,0,0,0,0
INSLDR.BSE_IDX,01/07/2025,10:38:18,15622.7,0,0,0,0,0,0
INSLDR.BSE_IDX,01/07/2025,10:38:26,15622.47,0,0,0,0,0,0
INSLDR.BSE_IDX,01/07/2025,10:38:34,15621.28,0,0,0,0,0,0
INSLDR.BSE_IDX,01/07/2025,10:38:42,15621.81,0,0,0,0,0,0
INSLDR.BSE_IDX,01/07/2025,10:38:50,15622,0,0,0,0,0,0
INSLDR.BSE_IDX,01/07/2025,10:38:58,15622.44,0,0,0,0,0,0
INSLDR.BSE_IDX,01/07/2025,10:39:06,15624.55,0,0,0,0,0,0
INSLDR.BSE_IDX,01/07/2025,10:39:14,15625.65,0,0,0,0,0,0
INSLDR.BSE_IDX,01/07/2025,10:39:22,15625.77,0,0,0,0,0,0
INSLDR.BSE_IDX,01/07/2025,10:39:30,15625.9,0,0,0,0,0,0
INSLDR.BSE_IDX,01/07/2025,10:39:38,15626.4,0,0,0,0,0,0
INSLDR.BSE_IDX,01/07/2025,10:39:46,15627.29,0,0,0,0,0,0
INSLDR.BSE_IDX,01/07/2025,10:39:54,15628,0,0,0,0,0,0
INSLDR.BSE_IDX,01/07/2025,10:40:02,15628.68,0,0,0,0,0,0
INSLDR.BSE_IDX,01/07/2025,10:40:10,15626.81,0,0,0,0,0,0
INSLDR.BSE_IDX,01/07/2025,10:40:18,15627.44,0,0,0,0,0,0
INSLDR.BSE_IDX,01/07/2025,10:40:26,15625.51,0,0,0,0,0,0
INSLDR.BSE_IDX,01/07/2025,10:40:34,15625.88,0,0,0,0,0,0
INSLDR.BSE_IDX,01/07/2025,10:40:42,15624.79,0,0,0,0,0,0
INSLDR.BSE_IDX,01/07/2025,10:40:50,15624.86,0,0,0,0,0,0
INSLDR.BSE_IDX,01/07/2025,10:40:58,15625.52,0,0,0,0,0,0
INSLDR.BSE_IDX,01/07/2025,10:41:06,15625.34,0,0,0,0,0,0
INSLDR.BSE_IDX,01/07/2025,10:41:14,15624.03,0,0,0,0,0,0
INSLDR.BSE_IDX,01/07/2025,10:41:22,15624.94,0,0,0,0,0,0
INSLDR.BSE_IDX,01/07/2025,10:41:30,15624.73,0,0,0,0,0,0
INSLDR.BSE_IDX,01/07/2025,10:41:38,15626.67,0,0,0,0,0,0
INSLDR.BSE_IDX,01/07/2025,10:41:46,15625.76,0,0,0,0,0,0
INSLDR.BSE_IDX,01/07/2025,10:41:54,15625.78,0,0,0,0,0,0
INSLDR.BSE_IDX,01/07/2025,10:42:02,15626.24,0,0,0,0,0,0
INSLDR.BSE_IDX,01/07/2025,10:42:10,15625.61,0,0,0,0,0,0
INSLDR.BSE_IDX,01/07/2025,10:42:18,15625.95,0,0,0,0,0,0
INSLDR.BSE_IDX,01/07/2025,10:42:26,15625.4,0,0,0,0,0,0
INSLDR.BSE_IDX,01/07/2025,10:42:34,15624.52,0,0,0,0,0,0
INSLDR.BSE_IDX,01/07/2025,10:42:42,15624.42,0,0,0,0,0,0
INSLDR.BSE_IDX,01/07/2025,10:42:50,15624.49,0,0,0,0,0,0
INSLDR.BSE_IDX,01/07/2025,10:42:58,15623.26,0,0,0,0,0,0
INSLDR.BSE_IDX,01/07/2025,10:43:06,15624.16,0,0,0,0,0,0
INSLDR.BSE_IDX,01/07/2025,10:43:14,15624.36,0,0,0,0,0,0
INSLDR.BSE_IDX,01/07/2025,10:43:22,15623.77,0,0,0,0,0,0
INSLDR.BSE_IDX,01/07/2025,10:43:30,15623.96,0,0,0,0,0,0
INSLDR.BSE_IDX,01/07/2025,10:43:38,15623.11,0,0,0,0,0,0
INSLDR.BSE_IDX,01/07/2025,10:43:46,15623.46,0,0,0,0,0,0
INSLDR.BSE_IDX,01/07/2025,10:43:54,15623.15,0,0,0,0,0,0
INSLDR.BSE_IDX,01/07/2025,10:44:02,15622.66,0,0,0,0,0,0
INSLDR.BSE_IDX,01/07/2025,10:44:10,15621,0,0,0,0,0,0
INSLDR.BSE_IDX,01/07/2025,10:44:18,15620.66,0,0,0,0,0,0
INSLDR.BSE_IDX,01/07/2025,10:44:26,15620.83,0,0,0,0,0,0
INSLDR.BSE_IDX,01/07/2025,10:44:34,15621.16,0,0,0,0,0,0
INSLDR.BSE_IDX,01/07/2025,10:44:42,15621.76,0,0,0,0,0,0
INSLDR.BSE_IDX,01/07/2025,10:44:50,15622.03,0,0,0,0,0,0
INSLDR.BSE_IDX,01/07/2025,10:44:58,15620.44,0,0,0,0,0,0
INSLDR.BSE_IDX,01/07/2025,10:45:07,15619.29,0,0,0,0,0,0
INSLDR.BSE_IDX,01/07/2025,10:45:14,15620.05,0,0,0,0,0,0
INSLDR.BSE_IDX,01/07/2025,10:45:22,15619.39,0,0,0,0,0,0
INSLDR.BSE_IDX,01/07/2025,10:45:30,15619.86,0,0,0,0,0,0
INSLDR.BSE_IDX,01/07/2025,10:45:38,15619.18,0,0,0,0,0,0
INSLDR.BSE_IDX,01/07/2025,10:45:46,15620.13,0,0,0,0,0,0
INSLDR.BSE_IDX,01/07/2025,10:45:54,15619.21,0,0,0,0,0,0
INSLDR.BSE_IDX,01/07/2025,10:46:02,15618.14,0,0,0,0,0,0
INSLDR.BSE_IDX,01/07/2025,10:46:10,15618.33,0,0,0,0,0,0
INSLDR.BSE_IDX,01/07/2025,10:46:18,15618.23,0,0,0,0,0,0
INSLDR.BSE_IDX,01/07/2025,10:46:26,15618.52,0,0,0,0,0,0
INSLDR.BSE_IDX,01/07/2025,10:46:34,15617.87,0,0,0,0,0,0
INSLDR.BSE_IDX,01/07/2025,10:46:42,15618.27,0,0,0,0,0,0
INSLDR.BSE_IDX,01/07/2025,10:46:50,15619.35,0,0,0,0,0,0
INSLDR.BSE_IDX,01/07/2025,10:46:58,15618.77,0,0,0,0,0,0
INSLDR.BSE_IDX,01/07/2025,10:47:06,15618.43,0,0,0,0,0,0
INSLDR.BSE_IDX,01/07/2025,10:47:14,15618.01,0,0,0,0,0,0
INSLDR.BSE_IDX,01/07/2025,10:47:22,15617.78,0,0,0,0,0,0
INSLDR.BSE_IDX,01/07/2025,10:47:30,15617.29,0,0,0,0,0,0
INSLDR.BSE_IDX,01/07/2025,10:47:38,15617.84,0,0,0,0,0,0
INSLDR.BSE_IDX,01/07/2025,10:47:46,15617.95,0,0,0,0,0,0
INSLDR.BSE_IDX,01/07/2025,10:47:54,15619.38,0,0,0,0,0,0
INSLDR.BSE_IDX,01/07/2025,10:48:02,15619.29,0,0,0,0,0,0
INSLDR.BSE_IDX,01/07/2025,10:48:10,15619.26,0,0,0,0,0,0
INSLDR.BSE_IDX,01/07/2025,10:48:18,15619.54,0,0,0,0,0,0
INSLDR.BSE_IDX,01/07/2025,10:48:26,15620.44,0,0,0,0,0,0
INSLDR.BSE_IDX,01/07/2025,10:48:34,15620.07,0,0,0,0,0,0
INSLDR.BSE_IDX,01/07/2025,10:48:42,15619.95,0,0,0,0,0,0
INSLDR.BSE_IDX,01/07/2025,10:48:50,15620.74,0,0,0,0,0,0
INSLDR.BSE_IDX,01/07/2025,10:48:58,15620.08,0,0,0,0,0,0
INSLDR.BSE_IDX,01/07/2025,10:49:06,15619.61,0,0,0,0,0,0
INSLDR.BSE_IDX,01/07/2025,10:49:14,15618.1,0,0,0,0,0,0
INSLDR.BSE_IDX,01/07/2025,10:49:22,15617.35,0,0,0,0,0,0
INSLDR.BSE_IDX,01/07/2025,10:49:30,15616.63,0,0,0,0,0,0
INSLDR.BSE_IDX,01/07/2025,10:49:38,15615.15,0,0,0,0,0,0
INSLDR.BSE_IDX,01/07/2025,10:49:46,15615.5,0,0,0,0,0,0
INSLDR.BSE_IDX,01/07/2025,10:49:54,15614.24,0,0,0,0,0,0
INSLDR.BSE_IDX,01/07/2025,10:50:02,15614.36,0,0,0,0,0,0
INSLDR.BSE_IDX,01/07/2025,10:50:10,15614.32,0,0,0,0,0,0
INSLDR.BSE_IDX,01/07/2025,10:50:18,15614.88,0,0,0,0,0,0
INSLDR.BSE_IDX,01/07/2025,10:50:26,15614.15,0,0,0,0,0,0
INSLDR.BSE_IDX,01/07/2025,10:50:34,15614.75,0,0,0,0,0,0
INSLDR.BSE_IDX,01/07/2025,10:50:42,15614.12,0,0,0,0,0,0
INSLDR.BSE_IDX,01/07/2025,10:50:50,15613.76,0,0,0,0,0,0
INSLDR.BSE_IDX,01/07/2025,10:50:58,15613.01,0,0,0,0,0,0
INSLDR.BSE_IDX,01/07/2025,10:51:06,15613.4,0,0,0,0,0,0
INSLDR.BSE_IDX,01/07/2025,10:51:14,15613.28,0,0,0,0,0,0
INSLDR.BSE_IDX,01/07/2025,10:51:22,15612.84,0,0,0,0,0,0
INSLDR.BSE_IDX,01/07/2025,10:51:30,15612.82,0,0,0,0,0,0
INSLDR.BSE_IDX,01/07/2025,10:51:38,15612.34,0,0,0,0,0,0
INSLDR.BSE_IDX,01/07/2025,10:51:46,15612.57,0,0,0,0,0,0
INSLDR.BSE_IDX,01/07/2025,10:51:54,15610.52,0,0,0,0,0,0
INSLDR.BSE_IDX,01/07/2025,10:52:02,15610.21,0,0,0,0,0,0
INSLDR.BSE_IDX,01/07/2025,10:52:10,15610.52,0,0,0,0,0,0
INSLDR.BSE_IDX,01/07/2025,10:52:18,15609.23,0,0,0,0,0,0
INSLDR.BSE_IDX,01/07/2025,10:52:26,15607.42,0,0,0,0,0,0
INSLDR.BSE_IDX,01/07/2025,10:52:34,15607.03,0,0,0,0,0,0
INSLDR.BSE_IDX,01/07/2025,10:52:43,15604.68,0,0,0,0,0,0
INSLDR.BSE_IDX,01/07/2025,10:52:50,15604.51,0,0,0,0,0,0
INSLDR.BSE_IDX,01/07/2025,10:52:58,15603.68,0,0,0,0,0,0
INSLDR.BSE_IDX,01/07/2025,10:53:06,15603.17,0,0,0,0,0,0
INSLDR.BSE_IDX,01/07/2025,10:53:14,15602.99,0,0,0,0,0,0
INSLDR.BSE_IDX,01/07/2025,10:53:22,15602.97,0,0,0,0,0,0
INSLDR.BSE_IDX,01/07/2025,10:53:30,15603.68,0,0,0,0,0,0
INSLDR.BSE_IDX,01/07/2025,10:53:38,15604.66,0,0,0,0,0,0
INSLDR.BSE_IDX,01/07/2025,10:53:46,15605.25,0,0,0,0,0,0
INSLDR.BSE_IDX,01/07/2025,10:53:54,15605.77,0,0,0,0,0,0
INSLDR.BSE_IDX,01/07/2025,10:54:02,15606.23,0,0,0,0,0,0
INSLDR.BSE_IDX,01/07/2025,10:54:10,15605.6,0,0,0,0,0,0
INSLDR.BSE_IDX,01/07/2025,10:54:18,15605.69,0,0,0,0,0,0
INSLDR.BSE_IDX,01/07/2025,10:54:26,15605.64,0,0,0,0,0,0
INSLDR.BSE_IDX,01/07/2025,10:54:34,15606.79,0,0,0,0,0,0
INSLDR.BSE_IDX,01/07/2025,10:54:42,15608.14,0,0,0,0,0,0
INSLDR.BSE_IDX,01/07/2025,10:54:51,15608.65,0,0,0,0,0,0
INSLDR.BSE_IDX,01/07/2025,10:54:58,15608.47,0,0,0,0,0,0
INSLDR.BSE_IDX,01/07/2025,10:55:06,15608.46,0,0,0,0,0,0
INSLDR.BSE_IDX,01/07/2025,10:55:14,15607.59,0,0,0,0,0,0
INSLDR.BSE_IDX,01/07/2025,10:55:22,15608.14,0,0,0,0,0,0
INSLDR.BSE_IDX,01/07/2025,10:55:30,15607.8,0,0,0,0,0,0
INSLDR.BSE_IDX,01/07/2025,10:55:38,15607.4,0,0,0,0,0,0
INSLDR.BSE_IDX,01/07/2025,10:55:46,15607.45,0,0,0,0,0,0
INSLDR.BSE_IDX,01/07/2025,10:55:54,15606.03,0,0,0,0,0,0
INSLDR.BSE_IDX,01/07/2025,10:56:02,15604.89,0,0,0,0,0,0
INSLDR.BSE_IDX,01/07/2025,10:56:10,15604.57,0,0,0,0,0,0
INSLDR.BSE_IDX,01/07/2025,10:56:18,15604.7,0,0,0,0,0,0
INSLDR.BSE_IDX,01/07/2025,10:56:26,15603.42,0,0,0,0,0,0
INSLDR.BSE_IDX,01/07/2025,10:56:34,15603.81,0,0,0,0,0,0
INSLDR.BSE_IDX,01/07/2025,10:56:42,15603.52,0,0,0,0,0,0
INSLDR.BSE_IDX,01/07/2025,10:56:50,15603.57,0,0,0,0,0,0
INSLDR.BSE_IDX,01/07/2025,10:56:58,15601.51,0,0,0,0,0,0
INSLDR.BSE_IDX,01/07/2025,10:57:06,15601.33,0,0,0,0,0,0
INSLDR.BSE_IDX,01/07/2025,10:57:14,15601.07,0,0,0,0,0,0
INSLDR.BSE_IDX,01/07/2025,10:57:22,15600.95,0,0,0,0,0,0
INSLDR.BSE_IDX,01/07/2025,10:57:30,15601.24,0,0,0,0,0,0
INSLDR.BSE_IDX,01/07/2025,10:57:39,15601.96,0,0,0,0,0,0
INSLDR.BSE_IDX,01/07/2025,10:57:46,15601.88,0,0,0,0,0,0
INSLDR.BSE_IDX,01/07/2025,10:57:54,15601.56,0,0,0,0,0,0
INSLDR.BSE_IDX,01/07/2025,10:58:02,15601.77,0,0,0,0,0,0
INSLDR.BSE_IDX,01/07/2025,10:58:10,15601.95,0,0,0,0,0,0
INSLDR.BSE_IDX,01/07/2025,10:58:18,15601.4,0,0,0,0,0,0
INSLDR.BSE_IDX,01/07/2025,10:58:26,15601.11,0,0,0,0,0,0
INSLDR.BSE_IDX,01/07/2025,10:58:34,15601.02,0,0,0,0,0,0
INSLDR.BSE_IDX,01/07/2025,10:58:42,15601.13,0,0,0,0,0,0
INSLDR.BSE_IDX,01/07/2025,10:58:50,15602.26,0,0,0,0,0,0
INSLDR.BSE_IDX,01/07/2025,10:58:58,15601.41,0,0,0,0,0,0
INSLDR.BSE_IDX,01/07/2025,10:59:06,15601.58,0,0,0,0,0,0
INSLDR.BSE_IDX,01/07/2025,10:59:14,15601.25,0,0,0,0,0,0
INSLDR.BSE_IDX,01/07/2025,10:59:22,15601.45,0,0,0,0,0,0
INSLDR.BSE_IDX,01/07/2025,10:59:30,15601.08,0,0,0,0,0,0
INSLDR.BSE_IDX,01/07/2025,10:59:38,15600.16,0,0,0,0,0,0
INSLDR.BSE_IDX,01/07/2025,10:59:47,15600.62,0,0,0,0,0,0
INSLDR.BSE_IDX,01/07/2025,10:59:55,15600.94,0,0,0,0,0,0
INSLDR.BSE_IDX,01/07/2025,11:00:03,15600.62,0,0,0,0,0,0
INSLDR.BSE_IDX,01/07/2025,11:00:11,15599.64,0,0,0,0,0,0
INSLDR.BSE_IDX,01/07/2025,11:00:18,15600.39,0,0,0,0,0,0
INSLDR.BSE_IDX,01/07/2025,11:00:26,15600.42,0,0,0,0,0,0
INSLDR.BSE_IDX,01/07/2025,11:00:34,15600.17,0,0,0,0,0,0
INSLDR.BSE_IDX,01/07/2025,11:00:42,15600.18,0,0,0,0,0,0
INSLDR.BSE_IDX,01/07/2025,11:00:50,15600.87,0,0,0,0,0,0
INSLDR.BSE_IDX,01/07/2025,11:00:58,15600.91,0,0,0,0,0,0
INSLDR.BSE_IDX,01/07/2025,11:01:06,15601.69,0,0,0,0,0,0
INSLDR.BSE_IDX,01/07/2025,11:01:15,15602.16,0,0,0,0,0,0
INSLDR.BSE_IDX,01/07/2025,11:01:22,15601.11,0,0,0,0,0,0
INSLDR.BSE_IDX,01/07/2025,11:01:30,15601.07,0,0,0,0,0,0
INSLDR.BSE_IDX,01/07/2025,11:01:38,15600.1,0,0,0,0,0,0
INSLDR.BSE_IDX,01/07/2025,11:01:46,15598.7,0,0,0,0,0,0
INSLDR.BSE_IDX,01/07/2025,11:01:54,15598.18,0,0,0,0,0,0
INSLDR.BSE_IDX,01/07/2025,11:02:02,15598.97,0,0,0,0,0,0
INSLDR.BSE_IDX,01/07/2025,11:02:10,15597.46,0,0,0,0,0,0
INSLDR.BSE_IDX,01/07/2025,11:02:18,15597.78,0,0,0,0,0,0
INSLDR.BSE_IDX,01/07/2025,11:02:27,15597.43,0,0,0,0,0,0
INSLDR.BSE_IDX,01/07/2025,11:02:34,15597.51,0,0,0,0,0,0
INSLDR.BSE_IDX,01/07/2025,11:02:42,15596.5,0,0,0,0,0,0
INSLDR.BSE_IDX,01/07/2025,11:02:51,15596.81,0,0,0,0,0,0
INSLDR.BSE_IDX,01/07/2025,11:02:58,15595.51,0,0,0,0,0,0
INSLDR.BSE_IDX,01/07/2025,11:03:06,15594.96,0,0,0,0,0,0
INSLDR.BSE_IDX,01/07/2025,11:03:14,15594.69,0,0,0,0,0,0
INSLDR.BSE_IDX,01/07/2025,11:03:22,15594.83,0,0,0,0,0,0
INSLDR.BSE_IDX,01/07/2025,11:03:31,15595.01,0,0,0,0,0,0
INSLDR.BSE_IDX,01/07/2025,11:03:38,15594.63,0,0,0,0,0,0
INSLDR.BSE_IDX,01/07/2025,11:03:46,15594.68,0,0,0,0,0,0
INSLDR.BSE_IDX,01/07/2025,11:03:54,15594.27,0,0,0,0,0,0
INSLDR.BSE_IDX,01/07/2025,11:04:02,15594.47,0,0,0,0,0,0
INSLDR.BSE_IDX,01/07/2025,11:04:10,15594.34,0,0,0,0,0,0
INSLDR.BSE_IDX,01/07/2025,11:04:18,15593.95,0,0,0,0,0,0
INSLDR.BSE_IDX,01/07/2025,11:04:27,15594.83,0,0,0,0,0,0
INSLDR.BSE_IDX,01/07/2025,11:04:34,15595.04,0,0,0,0,0,0
INSLDR.BSE_IDX,01/07/2025,11:04:42,15594.4,0,0,0,0,0,0
INSLDR.BSE_IDX,01/07/2025,11:04:51,15595.14,0,0,0,0,0,0
INSLDR.BSE_IDX,01/07/2025,11:04:58,15595.09,0,0,0,0,0,0
INSLDR.BSE_IDX,01/07/2025,11:05:06,15595.83,0,0,0,0,0,0
INSLDR.BSE_IDX,01/07/2025,11:05:14,15596.47,0,0,0,0,0,0
INSLDR.BSE_IDX,01/07/2025,11:05:22,15596.3,0,0,0,0,0,0
INSLDR.BSE_IDX,01/07/2025,11:05:31,15596.75,0,0,0,0,0,0
INSLDR.BSE_IDX,01/07/2025,11:05:39,15596.85,0,0,0,0,0,0
INSLDR.BSE_IDX,01/07/2025,11:05:46,15597.19,0,0,0,0,0,0
INSLDR.BSE_IDX,01/07/2025,11:05:54,15597.92,0,0,0,0,0,0
INSLDR.BSE_IDX,01/07/2025,11:06:03,15597.92,0,0,0,0,0,0
INSLDR.BSE_IDX,01/07/2025,11:06:11,15599.1,0,0,0,0,0,0
INSLDR.BSE_IDX,01/07/2025,11:06:19,15600.18,0,0,0,0,0,0
INSLDR.BSE_IDX,01/07/2025,11:06:27,15600.38,0,0,0,0,0,0
INSLDR.BSE_IDX,01/07/2025,11:06:34,15599.07,0,0,0,0,0,0
INSLDR.BSE_IDX,01/07/2025,11:06:43,15599.15,0,0,0,0,0,0
INSLDR.BSE_IDX,01/07/2025,11:06:51,15599.38,0,0,0,0,0,0
INSLDR.BSE_IDX,01/07/2025,11:06:58,15599.56,0,0,0,0,0,0
INSLDR.BSE_IDX,01/07/2025,11:07:06,15599.32,0,0,0,0,0,0
INSLDR.BSE_IDX,01/07/2025,11:07:15,15599.05,0,0,0,0,0,0
INSLDR.BSE_IDX,01/07/2025,11:07:22,15599.44,0,0,0,0,0,0
INSLDR.BSE_IDX,01/07/2025,11:07:31,15599.04,0,0,0,0,0,0
INSLDR.BSE_IDX,01/07/2025,11:07:39,15599.62,0,0,0,0,0,0
INSLDR.BSE_IDX,01/07/2025,11:07:46,15600.59,0,0,0,0,0,0
INSLDR.BSE_IDX,01/07/2025,11:07:55,15600.81,0,0,0,0,0,0
INSLDR.BSE_IDX,01/07/2025,11:08:02,15601.14,0,0,0,0,0,0
INSLDR.BSE_IDX,01/07/2025,11:08:11,15600.85,0,0,0,0,0,0
INSLDR.BSE_IDX,01/07/2025,11:08:18,15600.91,0,0,0,0,0,0
INSLDR.BSE_IDX,01/07/2025,11:08:27,15601.72,0,0,0,0,0,0
INSLDR.BSE_IDX,01/07/2025,11:08:35,15601.2,0,0,0,0,0,0
INSLDR.BSE_IDX,01/07/2025,11:08:43,15601.29,0,0,0,0,0,0
INSLDR.BSE_IDX,01/07/2025,11:08:51,15601.52,0,0,0,0,0,0
INSLDR.BSE_IDX,01/07/2025,11:08:58,15601.96,0,0,0,0,0,0
INSLDR.BSE_IDX,01/07/2025,11:09:07,15601.9,0,0,0,0,0,0
INSLDR.BSE_IDX,01/07/2025,11:09:15,15600.11,0,0,0,0,0,0
INSLDR.BSE_IDX,01/07/2025,11:09:23,15599.01,0,0,0,0,0,0
INSLDR.BSE_IDX,01/07/2025,11:09:31,15599.77,0,0,0,0,0,0
INSLDR.BSE_IDX,01/07/2025,11:09:39,15599.68,0,0,0,0,0,0
INSLDR.BSE_IDX,01/07/2025,11:09:47,15600.35,0,0,0,0,0,0
INSLDR.BSE_IDX,01/07/2025,11:09:55,15600.3,0,0,0,0,0,0
INSLDR.BSE_IDX,01/07/2025,11:10:03,15601.05,0,0,0,0,0,0
INSLDR.BSE_IDX,01/07/2025,11:10:11,15601.21,0,0,0,0,0,0
INSLDR.BSE_IDX,01/07/2025,11:10:19,15600.72,0,0,0,0,0,0
INSLDR.BSE_IDX,01/07/2025,11:10:27,15600.72,0,0,0,0,0,0
INSLDR.BSE_IDX,01/07/2025,11:10:35,15601.39,0,0,0,0,0,0
INSLDR.BSE_IDX,01/07/2025,11:10:43,15601.69,0,0,0,0,0,0
INSLDR.BSE_IDX,01/07/2025,11:10:51,15601.34,0,0,0,0,0,0
INSLDR.BSE_IDX,01/07/2025,11:10:59,15601.36,0,0,0,0,0,0
INSLDR.BSE_IDX,01/07/2025,11:11:07,15602.37,0,0,0,0,0,0
INSLDR.BSE_IDX,01/07/2025,11:11:15,15602.1,0,0,0,0,0,0
INSLDR.BSE_IDX,01/07/2025,11:11:23,15601.91,0,0,0,0,0,0
INSLDR.BSE_IDX,01/07/2025,11:11:31,15601.66,0,0,0,0,0,0
INSLDR.BSE_IDX,01/07/2025,11:11:39,15601.72,0,0,0,0,0,0
INSLDR.BSE_IDX,01/07/2025,11:11:47,15601.52,0,0,0,0,0,0
INSLDR.BSE_IDX,01/07/2025,11:11:55,15601.77,0,0,0,0,0,0
INSLDR.BSE_IDX,01/07/2025,11:12:03,15601.58,0,0,0,0,0,0
INSLDR.BSE_IDX,01/07/2025,11:12:11,15602.09,0,0,0,0,0,0
INSLDR.BSE_IDX,01/07/2025,11:12:19,15600.81,0,0,0,0,0,0
INSLDR.BSE_IDX,01/07/2025,11:12:27,15600.5,0,0,0,0,0,0
INSLDR.BSE_IDX,01/07/2025,11:12:35,15600.98,0,0,0,0,0,0
INSLDR.BSE_IDX,01/07/2025,11:12:43,15599.37,0,0,0,0,0,0
INSLDR.BSE_IDX,01/07/2025,11:12:51,15599.36,0,0,0,0,0,0
INSLDR.BSE_IDX,01/07/2025,11:12:59,15599.69,0,0,0,0,0,0
INSLDR.BSE_IDX,01/07/2025,11:13:07,15599.87,0,0,0,0,0,0
INSLDR.BSE_IDX,01/07/2025,11:13:16,15599.4,0,0,0,0,0,0
INSLDR.BSE_IDX,01/07/2025,11:13:23,15598.61,0,0,0,0,0,0
INSLDR.BSE_IDX,01/07/2025,11:13:31,15598.41,0,0,0,0,0,0
INSLDR.BSE_IDX,01/07/2025,11:13:39,15598.42,0,0,0,0,0,0
INSLDR.BSE_IDX,01/07/2025,11:13:47,15599.03,0,0,0,0,0,0
INSLDR.BSE_IDX,01/07/2025,11:13:55,15599.82,0,0,0,0,0,0
INSLDR.BSE_IDX,01/07/2025,11:14:03,15600.54,0,0,0,0,0,0
INSLDR.BSE_IDX,01/07/2025,11:14:11,15600.12,0,0,0,0,0,0
INSLDR.BSE_IDX,01/07/2025,11:14:19,15600.82,0,0,0,0,0,0
INSLDR.BSE_IDX,01/07/2025,11:14:27,15601.39,0,0,0,0,0,0
INSLDR.BSE_IDX,01/07/2025,11:14:35,15601.63,0,0,0,0,0,0
INSLDR.BSE_IDX,01/07/2025,11:14:43,15601.56,0,0,0,0,0,0
INSLDR.BSE_IDX,01/07/2025,11:14:51,15602.03,0,0,0,0,0,0
INSLDR.BSE_IDX,01/07/2025,11:14:59,15601.99,0,0,0,0,0,0
INSLDR.BSE_IDX,01/07/2025,11:15:07,15601.98,0,0,0,0,0,0
INSLDR.BSE_IDX,01/07/2025,11:15:15,15602.01,0,0,0,0,0,0
INSLDR.BSE_IDX,01/07/2025,11:15:23,15602.42,0,0,0,0,0,0
INSLDR.BSE_IDX,01/07/2025,11:15:31,15600.9,0,0,0,0,0,0
INSLDR.BSE_IDX,01/07/2025,11:15:39,15601.65,0,0,0,0,0,0
INSLDR.BSE_IDX,01/07/2025,11:15:47,15602.63,0,0,0,0,0,0
INSLDR.BSE_IDX,01/07/2025,11:15:56,15603.65,0,0,0,0,0,0
INSLDR.BSE_IDX,01/07/2025,11:16:03,15603.11,0,0,0,0,0,0
INSLDR.BSE_IDX,01/07/2025,11:16:11,15602.68,0,0,0,0,0,0
INSLDR.BSE_IDX,01/07/2025,11:16:19,15602.58,0,0,0,0,0,0
INSLDR.BSE_IDX,01/07/2025,11:16:27,15600.91,0,0,0,0,0,0
INSLDR.BSE_IDX,01/07/2025,11:16:35,15601.13,0,0,0,0,0,0
INSLDR.BSE_IDX,01/07/2025,11:16:43,15600.61,0,0,0,0,0,0
INSLDR.BSE_IDX,01/07/2025,11:16:51,15600.82,0,0,0,0,0,0
INSLDR.BSE_IDX,01/07/2025,11:16:59,15600.96,0,0,0,0,0,0
INSLDR.BSE_IDX,01/07/2025,11:17:07,15601.16,0,0,0,0,0,0
INSLDR.BSE_IDX,01/07/2025,11:17:15,15601.63,0,0,0,0,0,0
INSLDR.BSE_IDX,01/07/2025,11:17:23,15603.46,0,0,0,0,0,0
INSLDR.BSE_IDX,01/07/2025,11:17:31,15606.08,0,0,0,0,0,0
INSLDR.BSE_IDX,01/07/2025,11:17:39,15606.29,0,0,0,0,0,0
INSLDR.BSE_IDX,01/07/2025,11:17:47,15607.89,0,0,0,0,0,0
INSLDR.BSE_IDX,01/07/2025,11:17:57,15608.18,0,0,0,0,0,0
INSLDR.BSE_IDX,01/07/2025,11:18:03,15607.45,0,0,0,0,0,0
INSLDR.BSE_IDX,01/07/2025,11:18:11,15607.09,0,0,0,0,0,0
INSLDR.BSE_IDX,01/07/2025,11:18:19,15607.06,0,0,0,0,0,0
INSLDR.BSE_IDX,01/07/2025,11:18:27,15608.16,0,0,0,0,0,0
INSLDR.BSE_IDX,01/07/2025,11:18:35,15609.07,0,0,0,0,0,0
INSLDR.BSE_IDX,01/07/2025,11:18:44,15608.89,0,0,0,0,0,0
INSLDR.BSE_IDX,01/07/2025,11:18:51,15609.59,0,0,0,0,0,0
INSLDR.BSE_IDX,01/07/2025,11:18:59,15608.31,0,0,0,0,0,0
INSLDR.BSE_IDX,01/07/2025,11:19:08,15607.15,0,0,0,0,0,0
INSLDR.BSE_IDX,01/07/2025,11:19:15,15607.85,0,0,0,0,0,0
INSLDR.BSE_IDX,01/07/2025,11:19:23,15607.68,0,0,0,0,0,0
INSLDR.BSE_IDX,01/07/2025,11:19:31,15606.96,0,0,0,0,0,0
INSLDR.BSE_IDX,01/07/2025,11:19:39,15606.17,0,0,0,0,0,0
INSLDR.BSE_IDX,01/07/2025,11:19:47,15606.14,0,0,0,0,0,0
INSLDR.BSE_IDX,01/07/2025,11:19:55,15603.88,0,0,0,0,0,0
INSLDR.BSE_IDX,01/07/2025,11:20:03,15603.58,0,0,0,0,0,0
INSLDR.BSE_IDX,01/07/2025,11:20:11,15603.66,0,0,0,0,0,0
INSLDR.BSE_IDX,01/07/2025,11:20:19,15603.73,0,0,0,0,0,0
INSLDR.BSE_IDX,01/07/2025,11:20:27,15603.91,0,0,0,0,0,0
INSLDR.BSE_IDX,01/07/2025,11:20:35,15604.43,0,0,0,0,0,0
INSLDR.BSE_IDX,01/07/2025,11:20:43,15604.29,0,0,0,0,0,0
INSLDR.BSE_IDX,01/07/2025,11:20:51,15604.74,0,0,0,0,0,0
INSLDR.BSE_IDX,01/07/2025,11:20:59,15604.95,0,0,0,0,0,0
INSLDR.BSE_IDX,01/07/2025,11:21:07,15605.02,0,0,0,0,0,0
INSLDR.BSE_IDX,01/07/2025,11:21:15,15605.26,0,0,0,0,0,0
INSLDR.BSE_IDX,01/07/2025,11:21:24,15605.52,0,0,0,0,0,0
INSLDR.BSE_IDX,01/07/2025,11:21:31,15605,0,0,0,0,0,0
INSLDR.BSE_IDX,01/07/2025,11:21:39,15603.26,0,0,0,0,0,0
INSLDR.BSE_IDX,01/07/2025,11:21:47,15603.28,0,0,0,0,0,0
INSLDR.BSE_IDX,01/07/2025,11:21:56,15603.86,0,0,0,0,0,0
INSLDR.BSE_IDX,01/07/2025,11:22:03,15604.04,0,0,0,0,0,0
INSLDR.BSE_IDX,01/07/2025,11:22:11,15603.19,0,0,0,0,0,0
INSLDR.BSE_IDX,01/07/2025,11:22:19,15603.63,0,0,0,0,0,0
INSLDR.BSE_IDX,01/07/2025,11:22:28,15603.4,0,0,0,0,0,0
INSLDR.BSE_IDX,01/07/2025,11:22:35,15604.15,0,0,0,0,0,0
INSLDR.BSE_IDX,01/07/2025,11:22:43,15603.71,0,0,0,0,0,0
INSLDR.BSE_IDX,01/07/2025,11:22:51,15603.83,0,0,0,0,0,0
INSLDR.BSE_IDX,01/07/2025,11:22:59,15604.11,0,0,0,0,0,0
INSLDR.BSE_IDX,01/07/2025,11:23:07,15604.41,0,0,0,0,0,0
INSLDR.BSE_IDX,01/07/2025,11:23:15,15605.91,0,0,0,0,0,0
INSLDR.BSE_IDX,01/07/2025,11:23:23,15605.28,0,0,0,0,0,0
INSLDR.BSE_IDX,01/07/2025,11:23:31,15604.63,0,0,0,0,0,0
INSLDR.BSE_IDX,01/07/2025,11:23:39,15604.56,0,0,0,0,0,0
INSLDR.BSE_IDX,01/07/2025,11:23:47,15605.36,0,0,0,0,0,0
INSLDR.BSE_IDX,01/07/2025,11:23:55,15604.75,0,0,0,0,0,0
INSLDR.BSE_IDX,01/07/2025,11:24:04,15603.75,0,0,0,0,0,0
INSLDR.BSE_IDX,01/07/2025,11:24:11,15604.12,0,0,0,0,0,0
INSLDR.BSE_IDX,01/07/2025,11:24:19,15603.32,0,0,0,0,0,0
INSLDR.BSE_IDX,01/07/2025,11:24:27,15603.56,0,0,0,0,0,0
INSLDR.BSE_IDX,01/07/2025,11:24:35,15602.36,0,0,0,0,0,0
INSLDR.BSE_IDX,01/07/2025,11:24:43,15602.51,0,0,0,0,0,0
INSLDR.BSE_IDX,01/07/2025,11:24:52,15601.83,0,0,0,0,0,0
INSLDR.BSE_IDX,01/07/2025,11:25:00,15602.07,0,0,0,0,0,0
INSLDR.BSE_IDX,01/07/2025,11:25:07,15602.5,0,0,0,0,0,0
INSLDR.BSE_IDX,01/07/2025,11:25:15,15601.31,0,0,0,0,0,0
INSLDR.BSE_IDX,01/07/2025,11:25:23,15601.16,0,0,0,0,0,0
INSLDR.BSE_IDX,01/07/2025,11:25:31,15601.61,0,0,0,0,0,0
INSLDR.BSE_IDX,01/07/2025,11:25:41,15600.63,0,0,0,0,0,0
INSLDR.BSE_IDX,01/07/2025,11:25:47,15599.96,0,0,0,0,0,0
INSLDR.BSE_IDX,01/07/2025,11:25:55,15601.01,0,0,0,0,0,0
INSLDR.BSE_IDX,01/07/2025,11:26:03,15601.23,0,0,0,0,0,0
INSLDR.BSE_IDX,01/07/2025,11:26:11,15600.51,0,0,0,0,0,0
INSLDR.BSE_IDX,01/07/2025,11:26:19,15601.36,0,0,0,0,0,0
INSLDR.BSE_IDX,01/07/2025,11:26:27,15601.07,0,0,0,0,0,0
INSLDR.BSE_IDX,01/07/2025,11:26:35,15601.4,0,0,0,0,0,0
INSLDR.BSE_IDX,01/07/2025,11:26:43,15602.08,0,0,0,0,0,0
INSLDR.BSE_IDX,01/07/2025,11:26:51,15601.59,0,0,0,0,0,0
INSLDR.BSE_IDX,01/07/2025,11:26:59,15602.38,0,0,0,0,0,0
INSLDR.BSE_IDX,01/07/2025,11:27:07,15602.45,0,0,0,0,0,0
INSLDR.BSE_IDX,01/07/2025,11:27:15,15602.62,0,0,0,0,0,0
INSLDR.BSE_IDX,01/07/2025,11:27:23,15601.68,0,0,0,0,0,0
INSLDR.BSE_IDX,01/07/2025,11:27:31,15603.17,0,0,0,0,0,0
INSLDR.BSE_IDX,01/07/2025,11:27:39,15603.32,0,0,0,0,0,0
INSLDR.BSE_IDX,01/07/2025,11:27:47,15603.57,0,0,0,0,0,0
INSLDR.BSE_IDX,01/07/2025,11:27:55,15603.25,0,0,0,0,0,0
INSLDR.BSE_IDX,01/07/2025,11:28:03,15602.97,0,0,0,0,0,0
INSLDR.BSE_IDX,01/07/2025,11:28:11,15602.28,0,0,0,0,0,0
INSLDR.BSE_IDX,01/07/2025,11:28:19,15601.52,0,0,0,0,0,0
INSLDR.BSE_IDX,01/07/2025,11:28:27,15601.47,0,0,0,0,0,0
INSLDR.BSE_IDX,01/07/2025,11:28:36,15602.26,0,0,0,0,0,0
INSLDR.BSE_IDX,01/07/2025,11:28:43,15601.83,0,0,0,0,0,0
INSLDR.BSE_IDX,01/07/2025,11:28:51,15602.57,0,0,0,0,0,0
INSLDR.BSE_IDX,01/07/2025,11:28:59,15602.34,0,0,0,0,0,0
INSLDR.BSE_IDX,01/07/2025,11:29:07,15603.03,0,0,0,0,0,0
INSLDR.BSE_IDX,01/07/2025,11:29:16,15602.52,0,0,0,0,0,0
INSLDR.BSE_IDX,01/07/2025,11:29:24,15602.2,0,0,0,0,0,0
INSLDR.BSE_IDX,01/07/2025,11:29:31,15601.95,0,0,0,0,0,0
INSLDR.BSE_IDX,01/07/2025,11:29:39,15602.32,0,0,0,0,0,0
INSLDR.BSE_IDX,01/07/2025,11:29:47,15602.67,0,0,0,0,0,0
INSLDR.BSE_IDX,01/07/2025,11:29:55,15602.77,0,0,0,0,0,0
INSLDR.BSE_IDX,01/07/2025,11:30:03,15602.34,0,0,0,0,0,0
INSLDR.BSE_IDX,01/07/2025,11:30:11,15601.97,0,0,0,0,0,0
INSLDR.BSE_IDX,01/07/2025,11:30:19,15602.64,0,0,0,0,0,0
INSLDR.BSE_IDX,01/07/2025,11:30:27,15602.79,0,0,0,0,0,0
INSLDR.BSE_IDX,01/07/2025,11:30:35,15602.66,0,0,0,0,0,0
INSLDR.BSE_IDX,01/07/2025,11:30:43,15603.57,0,0,0,0,0,0
INSLDR.BSE_IDX,01/07/2025,11:30:52,15603.33,0,0,0,0,0,0
INSLDR.BSE_IDX,01/07/2025,11:30:59,15602.78,0,0,0,0,0,0
INSLDR.BSE_IDX,01/07/2025,11:31:07,15601.52,0,0,0,0,0,0
INSLDR.BSE_IDX,01/07/2025,11:31:16,15600.97,0,0,0,0,0,0
INSLDR.BSE_IDX,01/07/2025,11:31:23,15600.47,0,0,0,0,0,0
INSLDR.BSE_IDX,01/07/2025,11:31:31,15600.27,0,0,0,0,0,0
INSLDR.BSE_IDX,01/07/2025,11:31:39,15600.34,0,0,0,0,0,0
INSLDR.BSE_IDX,01/07/2025,11:31:47,15600.58,0,0,0,0,0,0
INSLDR.BSE_IDX,01/07/2025,11:31:55,15600.87,0,0,0,0,0,0
INSLDR.BSE_IDX,01/07/2025,11:32:04,15600.36,0,0,0,0,0,0
INSLDR.BSE_IDX,01/07/2025,11:32:11,15599.82,0,0,0,0,0,0
INSLDR.BSE_IDX,01/07/2025,11:32:19,15599.4,0,0,0,0,0,0
INSLDR.BSE_IDX,01/07/2025,11:32:27,15599.61,0,0,0,0,0,0
INSLDR.BSE_IDX,01/07/2025,11:32:35,15599.93,0,0,0,0,0,0
INSLDR.BSE_IDX,01/07/2025,11:32:43,15600.01,0,0,0,0,0,0
INSLDR.BSE_IDX,01/07/2025,11:32:51,15599.55,0,0,0,0,0,0
INSLDR.BSE_IDX,01/07/2025,11:32:59,15598.95,0,0,0,0,0,0
INSLDR.BSE_IDX,01/07/2025,11:33:07,15598.19,0,0,0,0,0,0
INSLDR.BSE_IDX,01/07/2025,11:33:15,15597.52,0,0,0,0,0,0
INSLDR.BSE_IDX,01/07/2025,11:33:23,15597.87,0,0,0,0,0,0
INSLDR.BSE_IDX,01/07/2025,11:33:31,15597.48,0,0,0,0,0,0
INSLDR.BSE_IDX,01/07/2025,11:33:39,15598.01,0,0,0,0,0,0
INSLDR.BSE_IDX,01/07/2025,11:33:47,15597.19,0,0,0,0,0,0
INSLDR.BSE_IDX,01/07/2025,11:33:55,15597.26,0,0,0,0,0,0
INSLDR.BSE_IDX,01/07/2025,11:34:03,15597.22,0,0,0,0,0,0
INSLDR.BSE_IDX,01/07/2025,11:34:12,15597.14,0,0,0,0,0,0
INSLDR.BSE_IDX,01/07/2025,11:34:19,15597.22,0,0,0,0,0,0
INSLDR.BSE_IDX,01/07/2025,11:34:27,15596.78,0,0,0,0,0,0
INSLDR.BSE_IDX,01/07/2025,11:34:35,15596.43,0,0,0,0,0,0
INSLDR.BSE_IDX,01/07/2025,11:34:43,15597.1,0,0,0,0,0,0
INSLDR.BSE_IDX,01/07/2025,11:34:52,15597.54,0,0,0,0,0,0
INSLDR.BSE_IDX,01/07/2025,11:35:00,15597.11,0,0,0,0,0,0
INSLDR.BSE_IDX,01/07/2025,11:35:07,15597.01,0,0,0,0,0,0
INSLDR.BSE_IDX,01/07/2025,11:35:16,15597.2,0,0,0,0,0,0
INSLDR.BSE_IDX,01/07/2025,11:35:23,15597.68,0,0,0,0,0,0
INSLDR.BSE_IDX,01/07/2025,11:35:32,15598.12,0,0,0,0,0,0
INSLDR.BSE_IDX,01/07/2025,11:35:40,15597.98,0,0,0,0,0,0
INSLDR.BSE_IDX,01/07/2025,11:35:47,15598.4,0,0,0,0,0,0
INSLDR.BSE_IDX,01/07/2025,11:35:55,15597.98,0,0,0,0,0,0
INSLDR.BSE_IDX,01/07/2025,11:36:04,15597.76,0,0,0,0,0,0
INSLDR.BSE_IDX,01/07/2025,11:36:11,15598.48,0,0,0,0,0,0
INSLDR.BSE_IDX,01/07/2025,11:36:20,15597.74,0,0,0,0,0,0
INSLDR.BSE_IDX,01/07/2025,11:36:28,15598.79,0,0,0,0,0,0
INSLDR.BSE_IDX,01/07/2025,11:36:35,15597.63,0,0,0,0,0,0
INSLDR.BSE_IDX,01/07/2025,11:36:44,15597.65,0,0,0,0,0,0
INSLDR.BSE_IDX,01/07/2025,11:36:54,15597.93,0,0,0,0,0,0
INSLDR.BSE_IDX,01/07/2025,11:36:59,15597.53,0,0,0,0,0,0
INSLDR.BSE_IDX,01/07/2025,11:37:08,15597.27,0,0,0,0,0,0
INSLDR.BSE_IDX,01/07/2025,11:37:15,15597.38,0,0,0,0,0,0
INSLDR.BSE_IDX,01/07/2025,11:37:23,15596.89,0,0,0,0,0,0
INSLDR.BSE_IDX,01/07/2025,11:37:32,15596.99,0,0,0,0,0,0
INSLDR.BSE_IDX,01/07/2025,11:37:41,15596.25,0,0,0,0,0,0
INSLDR.BSE_IDX,01/07/2025,11:37:47,15596.72,0,0,0,0,0,0
INSLDR.BSE_IDX,01/07/2025,11:37:55,15597.44,0,0,0,0,0,0
INSLDR.BSE_IDX,01/07/2025,11:38:03,15596.93,0,0,0,0,0,0
INSLDR.BSE_IDX,01/07/2025,11:38:11,15596.57,0,0,0,0,0,0
INSLDR.BSE_IDX,01/07/2025,11:38:20,15595.87,0,0,0,0,0,0
INSLDR.BSE_IDX,01/07/2025,11:38:27,15596.42,0,0,0,0,0,0
INSLDR.BSE_IDX,01/07/2025,11:38:35,15596.37,0,0,0,0,0,0
INSLDR.BSE_IDX,01/07/2025,11:38:43,15595.75,0,0,0,0,0,0
INSLDR.BSE_IDX,01/07/2025,11:38:51,15596.19,0,0,0,0,0,0
INSLDR.BSE_IDX,01/07/2025,11:38:59,15595.98,0,0,0,0,0,0
INSLDR.BSE_IDX,01/07/2025,11:39:07,15595.88,0,0,0,0,0,0
INSLDR.BSE_IDX,01/07/2025,11:39:16,15596.2,0,0,0,0,0,0
INSLDR.BSE_IDX,01/07/2025,11:39:24,15597.21,0,0,0,0,0,0
INSLDR.BSE_IDX,01/07/2025,11:39:31,15597.52,0,0,0,0,0,0
INSLDR.BSE_IDX,01/07/2025,11:39:39,15597.03,0,0,0,0,0,0
INSLDR.BSE_IDX,01/07/2025,11:39:48,15597.07,0,0,0,0,0,0
INSLDR.BSE_IDX,01/07/2025,11:39:55,15597.02,0,0,0,0,0,0
INSLDR.BSE_IDX,01/07/2025,11:40:03,15598.37,0,0,0,0,0,0
INSLDR.BSE_IDX,01/07/2025,11:40:12,15599.18,0,0,0,0,0,0
INSLDR.BSE_IDX,01/07/2025,11:40:20,15598.84,0,0,0,0,0,0
INSLDR.BSE_IDX,01/07/2025,11:40:28,15599.28,0,0,0,0,0,0
INSLDR.BSE_IDX,01/07/2025,11:40:36,15598.87,0,0,0,0,0,0
INSLDR.BSE_IDX,01/07/2025,11:40:44,15599.01,0,0,0,0,0,0
INSLDR.BSE_IDX,01/07/2025,11:40:52,15598.77,0,0,0,0,0,0
INSLDR.BSE_IDX,01/07/2025,11:41:00,15599.57,0,0,0,0,0,0
INSLDR.BSE_IDX,01/07/2025,11:41:07,15598.76,0,0,0,0,0,0
INSLDR.BSE_IDX,01/07/2025,11:41:16,15598.28,0,0,0,0,0,0
INSLDR.BSE_IDX,01/07/2025,11:41:24,15598.43,0,0,0,0,0,0
INSLDR.BSE_IDX,01/07/2025,11:41:32,15598.52,0,0,0,0,0,0
INSLDR.BSE_IDX,01/07/2025,11:41:40,15599.15,0,0,0,0,0,0
INSLDR.BSE_IDX,01/07/2025,11:41:48,15598.27,0,0,0,0,0,0
INSLDR.BSE_IDX,01/07/2025,11:41:56,15597.59,0,0,0,0,0,0
INSLDR.BSE_IDX,01/07/2025,11:42:04,15598.68,0,0,0,0,0,0
INSLDR.BSE_IDX,01/07/2025,11:42:12,15598.82,0,0,0,0,0,0
INSLDR.BSE_IDX,01/07/2025,11:42:20,15598.16,0,0,0,0,0,0
INSLDR.BSE_IDX,01/07/2025,11:42:28,15598.53,0,0,0,0,0,0
INSLDR.BSE_IDX,01/07/2025,11:42:36,15599.09,0,0,0,0,0,0
INSLDR.BSE_IDX,01/07/2025,11:42:44,15599.91,0,0,0,0,0,0
INSLDR.BSE_IDX,01/07/2025,11:42:52,15600.51,0,0,0,0,0,0
INSLDR.BSE_IDX,01/07/2025,11:43:00,15600.31,0,0,0,0,0,0
INSLDR.BSE_IDX,01/07/2025,11:43:08,15599.69,0,0,0,0,0,0
INSLDR.BSE_IDX,01/07/2025,11:43:16,15600.71,0,0,0,0,0,0
INSLDR.BSE_IDX,01/07/2025,11:43:24,15600.27,0,0,0,0,0,0
INSLDR.BSE_IDX,01/07/2025,11:43:32,15599.89,0,0,0,0,0,0
INSLDR.BSE_IDX,01/07/2025,11:43:40,15599.44,0,0,0,0,0,0
INSLDR.BSE_IDX,01/07/2025,11:43:48,15599.44,0,0,0,0,0,0
INSLDR.BSE_IDX,01/07/2025,11:43:56,15598.86,0,0,0,0,0,0
INSLDR.BSE_IDX,01/07/2025,11:44:04,15599.74,0,0,0,0,0,0
INSLDR.BSE_IDX,01/07/2025,11:44:12,15599.52,0,0,0,0,0,0
INSLDR.BSE_IDX,01/07/2025,11:44:20,15599.03,0,0,0,0,0,0
INSLDR.BSE_IDX,01/07/2025,11:44:28,15598.56,0,0,0,0,0,0
INSLDR.BSE_IDX,01/07/2025,11:44:36,15595.39,0,0,0,0,0,0
INSLDR.BSE_IDX,01/07/2025,11:44:44,15595.5,0,0,0,0,0,0
INSLDR.BSE_IDX,01/07/2025,11:44:52,15595.11,0,0,0,0,0,0
INSLDR.BSE_IDX,01/07/2025,11:45:00,15593.56,0,0,0,0,0,0
INSLDR.BSE_IDX,01/07/2025,11:45:08,15596.41,0,0,0,0,0,0
INSLDR.BSE_IDX,01/07/2025,11:45:16,15596.33,0,0,0,0,0,0
INSLDR.BSE_IDX,01/07/2025,11:45:24,15597.02,0,0,0,0,0,0
INSLDR.BSE_IDX,01/07/2025,11:45:32,15596.73,0,0,0,0,0,0
INSLDR.BSE_IDX,01/07/2025,11:45:40,15598.6,0,0,0,0,0,0
INSLDR.BSE_IDX,01/07/2025,11:45:48,15598.59,0,0,0,0,0,0
INSLDR.BSE_IDX,01/07/2025,11:45:56,15599.57,0,0,0,0,0,0
INSLDR.BSE_IDX,01/07/2025,11:46:04,15602.85,0,0,0,0,0,0
INSLDR.BSE_IDX,01/07/2025,11:46:12,15604.12,0,0,0,0,0,0
INSLDR.BSE_IDX,01/07/2025,11:46:20,15603.04,0,0,0,0,0,0
INSLDR.BSE_IDX,01/07/2025,11:46:28,15602.26,0,0,0,0,0,0
INSLDR.BSE_IDX,01/07/2025,11:46:36,15602.27,0,0,0,0,0,0
INSLDR.BSE_IDX,01/07/2025,11:46:44,15601.11,0,0,0,0,0,0
INSLDR.BSE_IDX,01/07/2025,11:46:52,15600.66,0,0,0,0,0,0
INSLDR.BSE_IDX,01/07/2025,11:47:00,15599.9,0,0,0,0,0,0
INSLDR.BSE_IDX,01/07/2025,11:47:08,15600.34,0,0,0,0,0,0
INSLDR.BSE_IDX,01/07/2025,11:47:16,15599.17,0,0,0,0,0,0
INSLDR.BSE_IDX,01/07/2025,11:47:24,15598.7,0,0,0,0,0,0
INSLDR.BSE_IDX,01/07/2025,11:47:32,15598.59,0,0,0,0,0,0
INSLDR.BSE_IDX,01/07/2025,11:47:40,15598.69,0,0,0,0,0,0
INSLDR.BSE_IDX,01/07/2025,11:47:48,15599.02,0,0,0,0,0,0
INSLDR.BSE_IDX,01/07/2025,11:47:56,15597.49,0,0,0,0,0,0
INSLDR.BSE_IDX,01/07/2025,11:48:04,15597.39,0,0,0,0,0,0
INSLDR.BSE_IDX,01/07/2025,11:48:12,15598.2,0,0,0,0,0,0
INSLDR.BSE_IDX,01/07/2025,11:48:20,15599.4,0,0,0,0,0,0
INSLDR.BSE_IDX,01/07/2025,11:48:28,15599.76,0,0,0,0,0,0
INSLDR.BSE_IDX,01/07/2025,11:48:36,15599.36,0,0,0,0,0,0
INSLDR.BSE_IDX,01/07/2025,11:48:44,15599.84,0,0,0,0,0,0
INSLDR.BSE_IDX,01/07/2025,11:48:52,15599.28,0,0,0,0,0,0
INSLDR.BSE_IDX,01/07/2025,11:49:01,15598.75,0,0,0,0,0,0
INSLDR.BSE_IDX,01/07/2025,11:49:09,15598.75,0,0,0,0,0,0
INSLDR.BSE_IDX,01/07/2025,11:49:16,15599.19,0,0,0,0,0,0
INSLDR.BSE_IDX,01/07/2025,11:49:24,15598.99,0,0,0,0,0,0
INSLDR.BSE_IDX,01/07/2025,11:49:32,15598.86,0,0,0,0,0,0
INSLDR.BSE_IDX,01/07/2025,11:49:40,15598.67,0,0,0,0,0,0
INSLDR.BSE_IDX,01/07/2025,11:49:49,15598.4,0,0,0,0,0,0
INSLDR.BSE_IDX,01/07/2025,11:49:56,15597.79,0,0,0,0,0,0
INSLDR.BSE_IDX,01/07/2025,11:50:04,15598.04,0,0,0,0,0,0
INSLDR.BSE_IDX,01/07/2025,11:50:12,15597.31,0,0,0,0,0,0
INSLDR.BSE_IDX,01/07/2025,11:50:20,15596.84,0,0,0,0,0,0
INSLDR.BSE_IDX,01/07/2025,11:50:28,15596.42,0,0,0,0,0,0
INSLDR.BSE_IDX,01/07/2025,11:50:36,15596.2,0,0,0,0,0,0
INSLDR.BSE_IDX,01/07/2025,11:50:44,15595.83,0,0,0,0,0,0
INSLDR.BSE_IDX,01/07/2025,11:50:52,15596.08,0,0,0,0,0,0
INSLDR.BSE_IDX,01/07/2025,11:51:00,15596.04,0,0,0,0,0,0
INSLDR.BSE_IDX,01/07/2025,11:51:08,15596.77,0,0,0,0,0,0
INSLDR.BSE_IDX,01/07/2025,11:51:16,15596.88,0,0,0,0,0,0
INSLDR.BSE_IDX,01/07/2025,11:51:24,15595.87,0,0,0,0,0,0
INSLDR.BSE_IDX,01/07/2025,11:51:32,15596.15,0,0,0,0,0,0
INSLDR.BSE_IDX,01/07/2025,11:51:40,15595.45,0,0,0,0,0,0
INSLDR.BSE_IDX,01/07/2025,11:51:48,15596.22,0,0,0,0,0,0
INSLDR.BSE_IDX,01/07/2025,11:51:56,15595.99,0,0,0,0,0,0
INSLDR.BSE_IDX,01/07/2025,11:52:04,15595.61,0,0,0,0,0,0
INSLDR.BSE_IDX,01/07/2025,11:52:12,15595.45,0,0,0,0,0,0
INSLDR.BSE_IDX,01/07/2025,11:52:20,15595.52,0,0,0,0,0,0
INSLDR.BSE_IDX,01/07/2025,11:52:28,15595.64,0,0,0,0,0,0
INSLDR.BSE_IDX,01/07/2025,11:52:36,15595.02,0,0,0,0,0,0
INSLDR.BSE_IDX,01/07/2025,11:52:44,15595.21,0,0,0,0,0,0
INSLDR.BSE_IDX,01/07/2025,11:52:52,15594.48,0,0,0,0,0,0
INSLDR.BSE_IDX,01/07/2025,11:53:00,15593.38,0,0,0,0,0,0
INSLDR.BSE_IDX,01/07/2025,11:53:08,15592.86,0,0,0,0,0,0
INSLDR.BSE_IDX,01/07/2025,11:53:16,15592.23,0,0,0,0,0,0
INSLDR.BSE_IDX,01/07/2025,11:53:24,15591.84,0,0,0,0,0,0
INSLDR.BSE_IDX,01/07/2025,11:53:32,15591.47,0,0,0,0,0,0
INSLDR.BSE_IDX,01/07/2025,11:53:40,15592.04,0,0,0,0,0,0
INSLDR.BSE_IDX,01/07/2025,11:53:48,15590.86,0,0,0,0,0,0
INSLDR.BSE_IDX,01/07/2025,11:53:56,15590.25,0,0,0,0,0,0
INSLDR.BSE_IDX,01/07/2025,11:54:04,15587.86,0,0,0,0,0,0
INSLDR.BSE_IDX,01/07/2025,11:54:12,15586.35,0,0,0,0,0,0
INSLDR.BSE_IDX,01/07/2025,11:54:20,15586.96,0,0,0,0,0,0
INSLDR.BSE_IDX,01/07/2025,11:54:28,15587.52,0,0,0,0,0,0
INSLDR.BSE_IDX,01/07/2025,11:54:36,15587.16,0,0,0,0,0,0
INSLDR.BSE_IDX,01/07/2025,11:54:44,15587.24,0,0,0,0,0,0
INSLDR.BSE_IDX,01/07/2025,11:54:52,15586.37,0,0,0,0,0,0
INSLDR.BSE_IDX,01/07/2025,11:55:00,15586.93,0,0,0,0,0,0
INSLDR.BSE_IDX,01/07/2025,11:55:08,15586.84,0,0,0,0,0,0
INSLDR.BSE_IDX,01/07/2025,11:55:17,15586.82,0,0,0,0,0,0
INSLDR.BSE_IDX,01/07/2025,11:55:24,15586.98,0,0,0,0,0,0
INSLDR.BSE_IDX,01/07/2025,11:55:32,15586.8,0,0,0,0,0,0
INSLDR.BSE_IDX,01/07/2025,11:55:40,15586.48,0,0,0,0,0,0
INSLDR.BSE_IDX,01/07/2025,11:55:48,15585.98,0,0,0,0,0,0
INSLDR.BSE_IDX,01/07/2025,11:55:56,15586.81,0,0,0,0,0,0
INSLDR.BSE_IDX,01/07/2025,11:56:05,15586.7,0,0,0,0,0,0
INSLDR.BSE_IDX,01/07/2025,11:56:12,15586.03,0,0,0,0,0,0
INSLDR.BSE_IDX,01/07/2025,11:56:20,15582.41,0,0,0,0,0,0
INSLDR.BSE_IDX,01/07/2025,11:56:28,15581.47,0,0,0,0,0,0
INSLDR.BSE_IDX,01/07/2025,11:56:36,15581.59,0,0,0,0,0,0
INSLDR.BSE_IDX,01/07/2025,11:56:44,15583.56,0,0,0,0,0,0
INSLDR.BSE_IDX,01/07/2025,11:56:52,15582.18,0,0,0,0,0,0
INSLDR.BSE_IDX,01/07/2025,11:57:00,15581.78,0,0,0,0,0,0
INSLDR.BSE_IDX,01/07/2025,11:57:08,15580.94,0,0,0,0,0,0
INSLDR.BSE_IDX,01/07/2025,11:57:16,15581.21,0,0,0,0,0,0
INSLDR.BSE_IDX,01/07/2025,11:57:24,15581.3,0,0,0,0,0,0
INSLDR.BSE_IDX,01/07/2025,11:57:32,15581.58,0,0,0,0,0,0
INSLDR.BSE_IDX,01/07/2025,11:57:40,15581.22,0,0,0,0,0,0
INSLDR.BSE_IDX,01/07/2025,11:57:48,15580.92,0,0,0,0,0,0
INSLDR.BSE_IDX,01/07/2025,11:57:56,15580.42,0,0,0,0,0,0
INSLDR.BSE_IDX,01/07/2025,11:58:04,15580.48,0,0,0,0,0,0
INSLDR.BSE_IDX,01/07/2025,11:58:12,15580.87,0,0,0,0,0,0
INSLDR.BSE_IDX,01/07/2025,11:58:20,15581.14,0,0,0,0,0,0
INSLDR.BSE_IDX,01/07/2025,11:58:28,15580.76,0,0,0,0,0,0
INSLDR.BSE_IDX,01/07/2025,11:58:36,15581.73,0,0,0,0,0,0
INSLDR.BSE_IDX,01/07/2025,11:58:44,15582.43,0,0,0,0,0,0
INSLDR.BSE_IDX,01/07/2025,11:58:52,15583.2,0,0,0,0,0,0
INSLDR.BSE_IDX,01/07/2025,11:59:00,15582.94,0,0,0,0,0,0
INSLDR.BSE_IDX,01/07/2025,11:59:08,15583.39,0,0,0,0,0,0
INSLDR.BSE_IDX,01/07/2025,11:59:16,15583.73,0,0,0,0,0,0
INSLDR.BSE_IDX,01/07/2025,11:59:24,15584.18,0,0,0,0,0,0
INSLDR.BSE_IDX,01/07/2025,11:59:32,15584.82,0,0,0,0,0,0
INSLDR.BSE_IDX,01/07/2025,11:59:40,15585.41,0,0,0,0,0,0
INSLDR.BSE_IDX,01/07/2025,11:59:48,15585.94,0,0,0,0,0,0
INSLDR.BSE_IDX,01/07/2025,11:59:56,15585.96,0,0,0,0,0,0
INSLDR.BSE_IDX,01/07/2025,12:00:05,15586.12,0,0,0,0,0,0
INSLDR.BSE_IDX,01/07/2025,12:00:12,15585.96,0,0,0,0,0,0
INSLDR.BSE_IDX,01/07/2025,12:00:20,15585.25,0,0,0,0,0,0
INSLDR.BSE_IDX,01/07/2025,12:00:28,15584.7,0,0,0,0,0,0
INSLDR.BSE_IDX,01/07/2025,12:00:37,15583.96,0,0,0,0,0,0
INSLDR.BSE_IDX,01/07/2025,12:00:44,15583.97,0,0,0,0,0,0
INSLDR.BSE_IDX,01/07/2025,12:00:52,15583.69,0,0,0,0,0,0
INSLDR.BSE_IDX,01/07/2025,12:01:00,15584.37,0,0,0,0,0,0
INSLDR.BSE_IDX,01/07/2025,12:01:08,15584.35,0,0,0,0,0,0
INSLDR.BSE_IDX,01/07/2025,12:01:16,15585.13,0,0,0,0,0,0
INSLDR.BSE_IDX,01/07/2025,12:01:24,15584.93,0,0,0,0,0,0
INSLDR.BSE_IDX,01/07/2025,12:01:32,15585.06,0,0,0,0,0,0
INSLDR.BSE_IDX,01/07/2025,12:01:40,15584.49,0,0,0,0,0,0
INSLDR.BSE_IDX,01/07/2025,12:01:48,15584.19,0,0,0,0,0,0
INSLDR.BSE_IDX,01/07/2025,12:01:57,15584.33,0,0,0,0,0,0
INSLDR.BSE_IDX,01/07/2025,12:02:04,15584.88,0,0,0,0,0,0
INSLDR.BSE_IDX,01/07/2025,12:02:12,15584.68,0,0,0,0,0,0
INSLDR.BSE_IDX,01/07/2025,12:02:20,15584.65,0,0,0,0,0,0
INSLDR.BSE_IDX,01/07/2025,12:02:28,15583.45,0,0,0,0,0,0
INSLDR.BSE_IDX,01/07/2025,12:02:36,15584.34,0,0,0,0,0,0
INSLDR.BSE_IDX,01/07/2025,12:02:44,15584.69,0,0,0,0,0,0
INSLDR.BSE_IDX,01/07/2025,12:02:52,15585.05,0,0,0,0,0,0
INSLDR.BSE_IDX,01/07/2025,12:03:00,15584.68,0,0,0,0,0,0
INSLDR.BSE_IDX,01/07/2025,12:03:08,15583.84,0,0,0,0,0,0
INSLDR.BSE_IDX,01/07/2025,12:03:17,15583.71,0,0,0,0,0,0
INSLDR.BSE_IDX,01/07/2025,12:03:24,15584.09,0,0,0,0,0,0
INSLDR.BSE_IDX,01/07/2025,12:03:32,15584.4,0,0,0,0,0,0
INSLDR.BSE_IDX,01/07/2025,12:03:40,15584.5,0,0,0,0,0,0
INSLDR.BSE_IDX,01/07/2025,12:03:48,15583.99,0,0,0,0,0,0
INSLDR.BSE_IDX,01/07/2025,12:03:56,15583.45,0,0,0,0,0,0
INSLDR.BSE_IDX,01/07/2025,12:04:04,15584.15,0,0,0,0,0,0
INSLDR.BSE_IDX,01/07/2025,12:04:12,15584.22,0,0,0,0,0,0
INSLDR.BSE_IDX,01/07/2025,12:04:20,15583.99,0,0,0,0,0,0
INSLDR.BSE_IDX,01/07/2025,12:04:28,15584.64,0,0,0,0,0,0
INSLDR.BSE_IDX,01/07/2025,12:04:36,15584.98,0,0,0,0,0,0
INSLDR.BSE_IDX,01/07/2025,12:04:44,15584.87,0,0,0,0,0,0
INSLDR.BSE_IDX,01/07/2025,12:04:52,15584.85,0,0,0,0,0,0
INSLDR.BSE_IDX,01/07/2025,12:05:01,15584.71,0,0,0,0,0,0
INSLDR.BSE_IDX,01/07/2025,12:05:08,15584.33,0,0,0,0,0,0
INSLDR.BSE_IDX,01/07/2025,12:05:16,15585.1,0,0,0,0,0,0
INSLDR.BSE_IDX,01/07/2025,12:05:24,15584.87,0,0,0,0,0,0
INSLDR.BSE_IDX,01/07/2025,12:05:32,15583.53,0,0,0,0,0,0
INSLDR.BSE_IDX,01/07/2025,12:05:40,15583.68,0,0,0,0,0,0
INSLDR.BSE_IDX,01/07/2025,12:05:48,15582.46,0,0,0,0,0,0
INSLDR.BSE_IDX,01/07/2025,12:05:56,15583.12,0,0,0,0,0,0
INSLDR.BSE_IDX,01/07/2025,12:06:04,15583.16,0,0,0,0,0,0
INSLDR.BSE_IDX,01/07/2025,12:06:12,15583.02,0,0,0,0,0,0
INSLDR.BSE_IDX,01/07/2025,12:06:20,15582.62,0,0,0,0,0,0
INSLDR.BSE_IDX,01/07/2025,12:06:28,15582.08,0,0,0,0,0,0
INSLDR.BSE_IDX,01/07/2025,12:06:36,15581.82,0,0,0,0,0,0
INSLDR.BSE_IDX,01/07/2025,12:06:44,15582.1,0,0,0,0,0,0
INSLDR.BSE_IDX,01/07/2025,12:06:53,15581.59,0,0,0,0,0,0
INSLDR.BSE_IDX,01/07/2025,12:07:00,15581.68,0,0,0,0,0,0
INSLDR.BSE_IDX,01/07/2025,12:07:08,15582.02,0,0,0,0,0,0
INSLDR.BSE_IDX,01/07/2025,12:07:17,15582.52,0,0,0,0,0,0
INSLDR.BSE_IDX,01/07/2025,12:07:24,15581.78,0,0,0,0,0,0
INSLDR.BSE_IDX,01/07/2025,12:07:33,15581.44,0,0,0,0,0,0
INSLDR.BSE_IDX,01/07/2025,12:07:40,15581.59,0,0,0,0,0,0
INSLDR.BSE_IDX,01/07/2025,12:07:49,15582.26,0,0,0,0,0,0
INSLDR.BSE_IDX,01/07/2025,12:07:57,15581.52,0,0,0,0,0,0
INSLDR.BSE_IDX,01/07/2025,12:08:05,15581.76,0,0,0,0,0,0
INSLDR.BSE_IDX,01/07/2025,12:08:13,15581.49,0,0,0,0,0,0
INSLDR.BSE_IDX,01/07/2025,12:08:21,15580.73,0,0,0,0,0,0
INSLDR.BSE_IDX,01/07/2025,12:08:28,15580.13,0,0,0,0,0,0
INSLDR.BSE_IDX,01/07/2025,12:08:36,15580.22,0,0,0,0,0,0
INSLDR.BSE_IDX,01/07/2025,12:08:45,15580.56,0,0,0,0,0,0
INSLDR.BSE_IDX,01/07/2025,12:08:52,15581.58,0,0,0,0,0,0
INSLDR.BSE_IDX,01/07/2025,12:09:00,15581.47,0,0,0,0,0,0
INSLDR.BSE_IDX,01/07/2025,12:09:08,15581.75,0,0,0,0,0,0
INSLDR.BSE_IDX,01/07/2025,12:09:16,15581.84,0,0,0,0,0,0
INSLDR.BSE_IDX,01/07/2025,12:09:25,15581.36,0,0,0,0,0,0
INSLDR.BSE_IDX,01/07/2025,12:09:32,15581.88,0,0,0,0,0,0
INSLDR.BSE_IDX,01/07/2025,12:09:40,15582.72,0,0,0,0,0,0
INSLDR.BSE_IDX,01/07/2025,12:09:48,15582.78,0,0,0,0,0,0
INSLDR.BSE_IDX,01/07/2025,12:09:57,15583.31,0,0,0,0,0,0
INSLDR.BSE_IDX,01/07/2025,12:10:05,15582.43,0,0,0,0,0,0
INSLDR.BSE_IDX,01/07/2025,12:10:13,15582.04,0,0,0,0,0,0
INSLDR.BSE_IDX,01/07/2025,12:10:22,15583.02,0,0,0,0,0,0
INSLDR.BSE_IDX,01/07/2025,12:10:28,15583.49,0,0,0,0,0,0
INSLDR.BSE_IDX,01/07/2025,12:10:36,15582.66,0,0,0,0,0,0
INSLDR.BSE_IDX,01/07/2025,12:10:45,15582.23,0,0,0,0,0,0
INSLDR.BSE_IDX,01/07/2025,12:10:52,15582.71,0,0,0,0,0,0
INSLDR.BSE_IDX,01/07/2025,12:11:00,15582.84,0,0,0,0,0,0
INSLDR.BSE_IDX,01/07/2025,12:11:08,15582.9,0,0,0,0,0,0
INSLDR.BSE_IDX,01/07/2025,12:11:17,15583.02,0,0,0,0,0,0
INSLDR.BSE_IDX,01/07/2025,12:11:24,15583.84,0,0,0,0,0,0
INSLDR.BSE_IDX,01/07/2025,12:11:32,15583.36,0,0,0,0,0,0
INSLDR.BSE_IDX,01/07/2025,12:11:41,15583.44,0,0,0,0,0,0
INSLDR.BSE_IDX,01/07/2025,12:11:49,15585.27,0,0,0,0,0,0
INSLDR.BSE_IDX,01/07/2025,12:11:57,15585.91,0,0,0,0,0,0
INSLDR.BSE_IDX,01/07/2025,12:12:05,15586.9,0,0,0,0,0,0
INSLDR.BSE_IDX,01/07/2025,12:12:13,15587.71,0,0,0,0,0,0
INSLDR.BSE_IDX,01/07/2025,12:12:21,15588.23,0,0,0,0,0,0
INSLDR.BSE_IDX,01/07/2025,12:12:29,15587.55,0,0,0,0,0,0
INSLDR.BSE_IDX,01/07/2025,12:12:37,15588.35,0,0,0,0,0,0
INSLDR.BSE_IDX,01/07/2025,12:12:45,15587.97,0,0,0,0,0,0
INSLDR.BSE_IDX,01/07/2025,12:12:53,15587.4,0,0,0,0,0,0
INSLDR.BSE_IDX,01/07/2025,12:13:01,15587.58,0,0,0,0,0,0
INSLDR.BSE_IDX,01/07/2025,12:13:09,15588.05,0,0,0,0,0,0
INSLDR.BSE_IDX,01/07/2025,12:13:17,15588.94,0,0,0,0,0,0
INSLDR.BSE_IDX,01/07/2025,12:13:25,15589.03,0,0,0,0,0,0
INSLDR.BSE_IDX,01/07/2025,12:13:33,15589.53,0,0,0,0,0,0
INSLDR.BSE_IDX,01/07/2025,12:13:41,15590.17,0,0,0,0,0,0
INSLDR.BSE_IDX,01/07/2025,12:13:49,15589.5,0,0,0,0,0,0
INSLDR.BSE_IDX,01/07/2025,12:13:57,15589.61,0,0,0,0,0,0
INSLDR.BSE_IDX,01/07/2025,12:14:05,15589.8,0,0,0,0,0,0
INSLDR.BSE_IDX,01/07/2025,12:14:13,15590.03,0,0,0,0,0,0
INSLDR.BSE_IDX,01/07/2025,12:14:21,15590.54,0,0,0,0,0,0
INSLDR.BSE_IDX,01/07/2025,12:14:29,15590.23,0,0,0,0,0,0
INSLDR.BSE_IDX,01/07/2025,12:14:37,15590.54,0,0,0,0,0,0
INSLDR.BSE_IDX,01/07/2025,12:14:46,15590.98,0,0,0,0,0,0
INSLDR.BSE_IDX,01/07/2025,12:14:54,15590.11,0,0,0,0,0,0
INSLDR.BSE_IDX,01/07/2025,12:15:01,15590.29,0,0,0,0,0,0
INSLDR.BSE_IDX,01/07/2025,12:15:09,15590.51,0,0,0,0,0,0
INSLDR.BSE_IDX,01/07/2025,12:15:17,15591.08,0,0,0,0,0,0
INSLDR.BSE_IDX,01/07/2025,12:15:25,15590.87,0,0,0,0,0,0
INSLDR.BSE_IDX,01/07/2025,12:15:33,15590.93,0,0,0,0,0,0
INSLDR.BSE_IDX,01/07/2025,12:15:41,15590.7,0,0,0,0,0,0
INSLDR.BSE_IDX,01/07/2025,12:15:49,15590.41,0,0,0,0,0,0
INSLDR.BSE_IDX,01/07/2025,12:15:57,15590.86,0,0,0,0,0,0
INSLDR.BSE_IDX,01/07/2025,12:16:05,15590.74,0,0,0,0,0,0
INSLDR.BSE_IDX,01/07/2025,12:16:13,15591.39,0,0,0,0,0,0
INSLDR.BSE_IDX,01/07/2025,12:16:21,15591.85,0,0,0,0,0,0
INSLDR.BSE_IDX,01/07/2025,12:16:29,15592.58,0,0,0,0,0,0
INSLDR.BSE_IDX,01/07/2025,12:16:37,15593.45,0,0,0,0,0,0
INSLDR.BSE_IDX,01/07/2025,12:16:45,15592.93,0,0,0,0,0,0
INSLDR.BSE_IDX,01/07/2025,12:16:53,15592.37,0,0,0,0,0,0
INSLDR.BSE_IDX,01/07/2025,12:17:01,15592.14,0,0,0,0,0,0
INSLDR.BSE_IDX,01/07/2025,12:17:09,15592.64,0,0,0,0,0,0
INSLDR.BSE_IDX,01/07/2025,12:17:17,15594.05,0,0,0,0,0,0
INSLDR.BSE_IDX,01/07/2025,12:17:25,15592.9,0,0,0,0,0,0
INSLDR.BSE_IDX,01/07/2025,12:17:33,15593.55,0,0,0,0,0,0
INSLDR.BSE_IDX,01/07/2025,12:17:41,15593.21,0,0,0,0,0,0
INSLDR.BSE_IDX,01/07/2025,12:17:49,15593.24,0,0,0,0,0,0
INSLDR.BSE_IDX,01/07/2025,12:17:57,15592.93,0,0,0,0,0,0
INSLDR.BSE_IDX,01/07/2025,12:18:05,15593.3,0,0,0,0,0,0
INSLDR.BSE_IDX,01/07/2025,12:18:13,15593.99,0,0,0,0,0,0
INSLDR.BSE_IDX,01/07/2025,12:18:21,15594.14,0,0,0,0,0,0
INSLDR.BSE_IDX,01/07/2025,12:18:29,15594.17,0,0,0,0,0,0
INSLDR.BSE_IDX,01/07/2025,12:18:37,15594.62,0,0,0,0,0,0
INSLDR.BSE_IDX,01/07/2025,12:18:45,15594.49,0,0,0,0,0,0
INSLDR.BSE_IDX,01/07/2025,12:18:53,15594.52,0,0,0,0,0,0
INSLDR.BSE_IDX,01/07/2025,12:19:01,15595.45,0,0,0,0,0,0
INSLDR.BSE_IDX,01/07/2025,12:19:09,15595.26,0,0,0,0,0,0
INSLDR.BSE_IDX,01/07/2025,12:19:17,15595.33,0,0,0,0,0,0
INSLDR.BSE_IDX,01/07/2025,12:19:25,15595.72,0,0,0,0,0,0
INSLDR.BSE_IDX,01/07/2025,12:19:33,15597.64,0,0,0,0,0,0
INSLDR.BSE_IDX,01/07/2025,12:19:41,15598.55,0,0,0,0,0,0
INSLDR.BSE_IDX,01/07/2025,12:19:49,15598.79,0,0,0,0,0,0
INSLDR.BSE_IDX,01/07/2025,12:19:57,15599.03,0,0,0,0,0,0
INSLDR.BSE_IDX,01/07/2025,12:20:05,15600.1,0,0,0,0,0,0
INSLDR.BSE_IDX,01/07/2025,12:20:13,15599.58,0,0,0,0,0,0
INSLDR.BSE_IDX,01/07/2025,12:20:21,15601.61,0,0,0,0,0,0
INSLDR.BSE_IDX,01/07/2025,12:20:29,15603.64,0,0,0,0,0,0
INSLDR.BSE_IDX,01/07/2025,12:20:37,15604.29,0,0,0,0,0,0
INSLDR.BSE_IDX,01/07/2025,12:20:45,15603.54,0,0,0,0,0,0
INSLDR.BSE_IDX,01/07/2025,12:20:53,15603.59,0,0,0,0,0,0
INSLDR.BSE_IDX,01/07/2025,12:21:01,15603.81,0,0,0,0,0,0
INSLDR.BSE_IDX,01/07/2025,12:21:09,15603.49,0,0,0,0,0,0
INSLDR.BSE_IDX,01/07/2025,12:21:17,15602.37,0,0,0,0,0,0
INSLDR.BSE_IDX,01/07/2025,12:21:25,15602.54,0,0,0,0,0,0
INSLDR.BSE_IDX,01/07/2025,12:21:33,15603.18,0,0,0,0,0,0
INSLDR.BSE_IDX,01/07/2025,12:21:41,15604.29,0,0,0,0,0,0
INSLDR.BSE_IDX,01/07/2025,12:21:49,15605.1,0,0,0,0,0,0
INSLDR.BSE_IDX,01/07/2025,12:21:57,15605.42,0,0,0,0,0,0
INSLDR.BSE_IDX,01/07/2025,12:22:05,15606.19,0,0,0,0,0,0
INSLDR.BSE_IDX,01/07/2025,12:22:13,15605.69,0,0,0,0,0,0
INSLDR.BSE_IDX,01/07/2025,12:22:21,15605.33,0,0,0,0,0,0
INSLDR.BSE_IDX,01/07/2025,12:22:29,15605.31,0,0,0,0,0,0
INSLDR.BSE_IDX,01/07/2025,12:22:37,15604.09,0,0,0,0,0,0
INSLDR.BSE_IDX,01/07/2025,12:22:45,15602.92,0,0,0,0,0,0
INSLDR.BSE_IDX,01/07/2025,12:22:53,15603.06,0,0,0,0,0,0
INSLDR.BSE_IDX,01/07/2025,12:23:02,15603.66,0,0,0,0,0,0
INSLDR.BSE_IDX,01/07/2025,12:23:09,15603.09,0,0,0,0,0,0
INSLDR.BSE_IDX,01/07/2025,12:23:17,15602.77,0,0,0,0,0,0
INSLDR.BSE_IDX,01/07/2025,12:23:25,15602.76,0,0,0,0,0,0
INSLDR.BSE_IDX,01/07/2025,12:23:33,15601.85,0,0,0,0,0,0
INSLDR.BSE_IDX,01/07/2025,12:23:41,15601.91,0,0,0,0,0,0
INSLDR.BSE_IDX,01/07/2025,12:23:49,15602.24,0,0,0,0,0,0
INSLDR.BSE_IDX,01/07/2025,12:23:57,15602.68,0,0,0,0,0,0
INSLDR.BSE_IDX,01/07/2025,12:24:05,15603.11,0,0,0,0,0,0
INSLDR.BSE_IDX,01/07/2025,12:24:13,15603.86,0,0,0,0,0,0
INSLDR.BSE_IDX,01/07/2025,12:24:21,15604.39,0,0,0,0,0,0
INSLDR.BSE_IDX,01/07/2025,12:24:29,15604.3,0,0,0,0,0,0
INSLDR.BSE_IDX,01/07/2025,12:24:37,15604.45,0,0,0,0,0,0
INSLDR.BSE_IDX,01/07/2025,12:24:45,15604.82,0,0,0,0,0,0
INSLDR.BSE_IDX,01/07/2025,12:24:53,15604.1,0,0,0,0,0,0
INSLDR.BSE_IDX,01/07/2025,12:25:01,15604.34,0,0,0,0,0,0
INSLDR.BSE_IDX,01/07/2025,12:25:09,15604.71,0,0,0,0,0,0
INSLDR.BSE_IDX,01/07/2025,12:25:17,15604.88,0,0,0,0,0,0
INSLDR.BSE_IDX,01/07/2025,12:25:25,15604.93,0,0,0,0,0,0
INSLDR.BSE_IDX,01/07/2025,12:25:33,15605.23,0,0,0,0,0,0
INSLDR.BSE_IDX,01/07/2025,12:25:41,15605.65,0,0,0,0,0,0
INSLDR.BSE_IDX,01/07/2025,12:25:49,15605.12,0,0,0,0,0,0
INSLDR.BSE_IDX,01/07/2025,12:25:57,15605.35,0,0,0,0,0,0
INSLDR.BSE_IDX,01/07/2025,12:26:05,15605.25,0,0,0,0,0,0
INSLDR.BSE_IDX,01/07/2025,12:26:13,15605.11,0,0,0,0,0,0
INSLDR.BSE_IDX,01/07/2025,12:26:21,15604.43,0,0,0,0,0,0
INSLDR.BSE_IDX,01/07/2025,12:26:31,15605.39,0,0,0,0,0,0
INSLDR.BSE_IDX,01/07/2025,12:26:37,15606.57,0,0,0,0,0,0
INSLDR.BSE_IDX,01/07/2025,12:26:45,15606.58,0,0,0,0,0,0
INSLDR.BSE_IDX,01/07/2025,12:26:53,15606.11,0,0,0,0,0,0
INSLDR.BSE_IDX,01/07/2025,12:27:01,15605.18,0,0,0,0,0,0
INSLDR.BSE_IDX,01/07/2025,12:27:09,15604.54,0,0,0,0,0,0
INSLDR.BSE_IDX,01/07/2025,12:27:17,15605.03,0,0,0,0,0,0
INSLDR.BSE_IDX,01/07/2025,12:27:25,15605.27,0,0,0,0,0,0
INSLDR.BSE_IDX,01/07/2025,12:27:33,15604.59,0,0,0,0,0,0
INSLDR.BSE_IDX,01/07/2025,12:27:41,15604.99,0,0,0,0,0,0
INSLDR.BSE_IDX,01/07/2025,12:27:49,15604.59,0,0,0,0,0,0
INSLDR.BSE_IDX,01/07/2025,12:27:57,15604.55,0,0,0,0,0,0
INSLDR.BSE_IDX,01/07/2025,12:28:05,15604.19,0,0,0,0,0,0
INSLDR.BSE_IDX,01/07/2025,12:28:13,15604.49,0,0,0,0,0,0
INSLDR.BSE_IDX,01/07/2025,12:28:21,15603.92,0,0,0,0,0,0
INSLDR.BSE_IDX,01/07/2025,12:28:29,15603.07,0,0,0,0,0,0
INSLDR.BSE_IDX,01/07/2025,12:28:37,15603.3,0,0,0,0,0,0
INSLDR.BSE_IDX,01/07/2025,12:28:45,15601.89,0,0,0,0,0,0
INSLDR.BSE_IDX,01/07/2025,12:28:53,15600.51,0,0,0,0,0,0
INSLDR.BSE_IDX,01/07/2025,12:29:01,15599.34,0,0,0,0,0,0
INSLDR.BSE_IDX,01/07/2025,12:29:10,15598.46,0,0,0,0,0,0
INSLDR.BSE_IDX,01/07/2025,12:29:18,15598.94,0,0,0,0,0,0
INSLDR.BSE_IDX,01/07/2025,12:29:25,15600.15,0,0,0,0,0,0
INSLDR.BSE_IDX,01/07/2025,12:29:33,15599.42,0,0,0,0,0,0
INSLDR.BSE_IDX,01/07/2025,12:29:41,15598.59,0,0,0,0,0,0
INSLDR.BSE_IDX,01/07/2025,12:29:49,15598.73,0,0,0,0,0,0
INSLDR.BSE_IDX,01/07/2025,12:29:57,15599.84,0,0,0,0,0,0
INSLDR.BSE_IDX,01/07/2025,12:30:05,15602.26,0,0,0,0,0,0
INSLDR.BSE_IDX,01/07/2025,12:30:13,15602.69,0,0,0,0,0,0
INSLDR.BSE_IDX,01/07/2025,12:30:22,15602.42,0,0,0,0,0,0
INSLDR.BSE_IDX,01/07/2025,12:30:29,15601.67,0,0,0,0,0,0
INSLDR.BSE_IDX,01/07/2025,12:30:37,15600.97,0,0,0,0,0,0
INSLDR.BSE_IDX,01/07/2025,12:30:45,15601.96,0,0,0,0,0,0
INSLDR.BSE_IDX,01/07/2025,12:30:53,15602.48,0,0,0,0,0,0
INSLDR.BSE_IDX,01/07/2025,12:31:01,15603.46,0,0,0,0,0,0
INSLDR.BSE_IDX,01/07/2025,12:31:09,15601.76,0,0,0,0,0,0
INSLDR.BSE_IDX,01/07/2025,12:31:17,15599.66,0,0,0,0,0,0
INSLDR.BSE_IDX,01/07/2025,12:31:25,15598.72,0,0,0,0,0,0
INSLDR.BSE_IDX,01/07/2025,12:31:34,15598.87,0,0,0,0,0,0
INSLDR.BSE_IDX,01/07/2025,12:31:41,15597.78,0,0,0,0,0,0
INSLDR.BSE_IDX,01/07/2025,12:31:49,15597.3,0,0,0,0,0,0
INSLDR.BSE_IDX,01/07/2025,12:31:57,15597.31,0,0,0,0,0,0
INSLDR.BSE_IDX,01/07/2025,12:32:05,15597.56,0,0,0,0,0,0
INSLDR.BSE_IDX,01/07/2025,12:32:13,15598.5,0,0,0,0,0,0
INSLDR.BSE_IDX,01/07/2025,12:32:21,15597.83,0,0,0,0,0,0
INSLDR.BSE_IDX,01/07/2025,12:32:29,15598.01,0,0,0,0,0,0
INSLDR.BSE_IDX,01/07/2025,12:32:37,15597.65,0,0,0,0,0,0
INSLDR.BSE_IDX,01/07/2025,12:32:45,15597.53,0,0,0,0,0,0
INSLDR.BSE_IDX,01/07/2025,12:32:53,15597.73,0,0,0,0,0,0
INSLDR.BSE_IDX,01/07/2025,12:33:01,15598.29,0,0,0,0,0,0
INSLDR.BSE_IDX,01/07/2025,12:33:09,15597.88,0,0,0,0,0,0
INSLDR.BSE_IDX,01/07/2025,12:33:17,15597.45,0,0,0,0,0,0
INSLDR.BSE_IDX,01/07/2025,12:33:26,15597.54,0,0,0,0,0,0
INSLDR.BSE_IDX,01/07/2025,12:33:33,15597.74,0,0,0,0,0,0
INSLDR.BSE_IDX,01/07/2025,12:33:41,15598.14,0,0,0,0,0,0
INSLDR.BSE_IDX,01/07/2025,12:33:49,15598.02,0,0,0,0,0,0
INSLDR.BSE_IDX,01/07/2025,12:33:57,15597.77,0,0,0,0,0,0
INSLDR.BSE_IDX,01/07/2025,12:34:05,15598.47,0,0,0,0,0,0
INSLDR.BSE_IDX,01/07/2025,12:34:13,15598.97,0,0,0,0,0,0
INSLDR.BSE_IDX,01/07/2025,12:34:21,15599.28,0,0,0,0,0,0
INSLDR.BSE_IDX,01/07/2025,12:34:29,15600.43,0,0,0,0,0,0
INSLDR.BSE_IDX,01/07/2025,12:34:37,15600.35,0,0,0,0,0,0
INSLDR.BSE_IDX,01/07/2025,12:34:45,15600.33,0,0,0,0,0,0
INSLDR.BSE_IDX,01/07/2025,12:34:53,15600.43,0,0,0,0,0,0
INSLDR.BSE_IDX,01/07/2025,12:35:01,15601.45,0,0,0,0,0,0
INSLDR.BSE_IDX,01/07/2025,12:35:09,15602.13,0,0,0,0,0,0
INSLDR.BSE_IDX,01/07/2025,12:35:17,15602.63,0,0,0,0,0,0
INSLDR.BSE_IDX,01/07/2025,12:35:25,15603.07,0,0,0,0,0,0
INSLDR.BSE_IDX,01/07/2025,12:35:33,15603.62,0,0,0,0,0,0
INSLDR.BSE_IDX,01/07/2025,12:35:41,15603.7,0,0,0,0,0,0
INSLDR.BSE_IDX,01/07/2025,12:35:49,15604.33,0,0,0,0,0,0
INSLDR.BSE_IDX,01/07/2025,12:35:57,15603.37,0,0,0,0,0,0
INSLDR.BSE_IDX,01/07/2025,12:36:05,15605,0,0,0,0,0,0
INSLDR.BSE_IDX,01/07/2025,12:36:13,15605.97,0,0,0,0,0,0
INSLDR.BSE_IDX,01/07/2025,12:36:21,15605,0,0,0,0,0,0
INSLDR.BSE_IDX,01/07/2025,12:36:29,15605.18,0,0,0,0,0,0
INSLDR.BSE_IDX,01/07/2025,12:36:37,15605.47,0,0,0,0,0,0
INSLDR.BSE_IDX,01/07/2025,12:36:45,15606.04,0,0,0,0,0,0
INSLDR.BSE_IDX,01/07/2025,12:36:53,15605.7,0,0,0,0,0,0
INSLDR.BSE_IDX,01/07/2025,12:37:01,15606.09,0,0,0,0,0,0
INSLDR.BSE_IDX,01/07/2025,12:37:09,15606.26,0,0,0,0,0,0
INSLDR.BSE_IDX,01/07/2025,12:37:17,15605.99,0,0,0,0,0,0
INSLDR.BSE_IDX,01/07/2025,12:37:25,15605.19,0,0,0,0,0,0
INSLDR.BSE_IDX,01/07/2025,12:37:33,15605.18,0,0,0,0,0,0
INSLDR.BSE_IDX,01/07/2025,12:37:41,15603.87,0,0,0,0,0,0
INSLDR.BSE_IDX,01/07/2025,12:37:49,15603.31,0,0,0,0,0,0
INSLDR.BSE_IDX,01/07/2025,12:37:57,15602.91,0,0,0,0,0,0
INSLDR.BSE_IDX,01/07/2025,12:38:05,15603.29,0,0,0,0,0,0
INSLDR.BSE_IDX,01/07/2025,12:38:13,15603.2,0,0,0,0,0,0
INSLDR.BSE_IDX,01/07/2025,12:38:22,15603.66,0,0,0,0,0,0
INSLDR.BSE_IDX,01/07/2025,12:38:29,15603.99,0,0,0,0,0,0
INSLDR.BSE_IDX,01/07/2025,12:38:39,15603.97,0,0,0,0,0,0
INSLDR.BSE_IDX,01/07/2025,12:38:45,15603.79,0,0,0,0,0,0
INSLDR.BSE_IDX,01/07/2025,12:38:53,15604.18,0,0,0,0,0,0
INSLDR.BSE_IDX,01/07/2025,12:39:01,15603.93,0,0,0,0,0,0
INSLDR.BSE_IDX,01/07/2025,12:39:10,15603.63,0,0,0,0,0,0
INSLDR.BSE_IDX,01/07/2025,12:39:18,15604.51,0,0,0,0,0,0
INSLDR.BSE_IDX,01/07/2025,12:39:25,15604.28,0,0,0,0,0,0
INSLDR.BSE_IDX,01/07/2025,12:39:34,15604.06,0,0,0,0,0,0
INSLDR.BSE_IDX,01/07/2025,12:39:42,15604,0,0,0,0,0,0
INSLDR.BSE_IDX,01/07/2025,12:39:49,15604.01,0,0,0,0,0,0
INSLDR.BSE_IDX,01/07/2025,12:39:57,15604.03,0,0,0,0,0,0
INSLDR.BSE_IDX,01/07/2025,12:40:05,15604.39,0,0,0,0,0,0
INSLDR.BSE_IDX,01/07/2025,12:40:14,15603.75,0,0,0,0,0,0
INSLDR.BSE_IDX,01/07/2025,12:40:21,15604.07,0,0,0,0,0,0
INSLDR.BSE_IDX,01/07/2025,12:40:29,15603.34,0,0,0,0,0,0
INSLDR.BSE_IDX,01/07/2025,12:40:37,15603.95,0,0,0,0,0,0
INSLDR.BSE_IDX,01/07/2025,12:40:45,15603.82,0,0,0,0,0,0
INSLDR.BSE_IDX,01/07/2025,12:40:54,15604.39,0,0,0,0,0,0
INSLDR.BSE_IDX,01/07/2025,12:41:01,15604.97,0,0,0,0,0,0
INSLDR.BSE_IDX,01/07/2025,12:41:09,15604.66,0,0,0,0,0,0
INSLDR.BSE_IDX,01/07/2025,12:41:17,15604.64,0,0,0,0,0,0
INSLDR.BSE_IDX,01/07/2025,12:41:25,15604.62,0,0,0,0,0,0
INSLDR.BSE_IDX,01/07/2025,12:41:33,15604.89,0,0,0,0,0,0
INSLDR.BSE_IDX,01/07/2025,12:41:42,15605.59,0,0,0,0,0,0
INSLDR.BSE_IDX,01/07/2025,12:41:50,15606.3,0,0,0,0,0,0
INSLDR.BSE_IDX,01/07/2025,12:41:58,15605.66,0,0,0,0,0,0
INSLDR.BSE_IDX,01/07/2025,12:42:05,15605.4,0,0,0,0,0,0
INSLDR.BSE_IDX,01/07/2025,12:42:13,15605.91,0,0,0,0,0,0
INSLDR.BSE_IDX,01/07/2025,12:42:21,15605.7,0,0,0,0,0,0
INSLDR.BSE_IDX,01/07/2025,12:42:29,15606.21,0,0,0,0,0,0
INSLDR.BSE_IDX,01/07/2025,12:42:37,15605.74,0,0,0,0,0,0
INSLDR.BSE_IDX,01/07/2025,12:42:46,15606.12,0,0,0,0,0,0
INSLDR.BSE_IDX,01/07/2025,12:42:53,15605.76,0,0,0,0,0,0
INSLDR.BSE_IDX,01/07/2025,12:43:01,15606.38,0,0,0,0,0,0
INSLDR.BSE_IDX,01/07/2025,12:43:10,15605.37,0,0,0,0,0,0
INSLDR.BSE_IDX,01/07/2025,12:43:17,15605.7,0,0,0,0,0,0
INSLDR.BSE_IDX,01/07/2025,12:43:26,15606.02,0,0,0,0,0,0
INSLDR.BSE_IDX,01/07/2025,12:43:34,15605.98,0,0,0,0,0,0
INSLDR.BSE_IDX,01/07/2025,12:43:42,15605.07,0,0,0,0,0,0
INSLDR.BSE_IDX,01/07/2025,12:43:49,15604.92,0,0,0,0,0,0
INSLDR.BSE_IDX,01/07/2025,12:43:58,15604.97,0,0,0,0,0,0
INSLDR.BSE_IDX,01/07/2025,12:44:05,15604.92,0,0,0,0,0,0
INSLDR.BSE_IDX,01/07/2025,12:44:14,15604.87,0,0,0,0,0,0
INSLDR.BSE_IDX,01/07/2025,12:44:22,15603.85,0,0,0,0,0,0
INSLDR.BSE_IDX,01/07/2025,12:44:29,15603.37,0,0,0,0,0,0
INSLDR.BSE_IDX,01/07/2025,12:44:38,15603.84,0,0,0,0,0,0
INSLDR.BSE_IDX,01/07/2025,12:44:46,15603.88,0,0,0,0,0,0
INSLDR.BSE_IDX,01/07/2025,12:44:53,15602.77,0,0,0,0,0,0
INSLDR.BSE_IDX,01/07/2025,12:45:01,15603.2,0,0,0,0,0,0
INSLDR.BSE_IDX,01/07/2025,12:45:11,15602.87,0,0,0,0,0,0
INSLDR.BSE_IDX,01/07/2025,12:45:18,15601.88,0,0,0,0,0,0
INSLDR.BSE_IDX,01/07/2025,12:45:26,15602.07,0,0,0,0,0,0
INSLDR.BSE_IDX,01/07/2025,12:45:34,15602.27,0,0,0,0,0,0
INSLDR.BSE_IDX,01/07/2025,12:45:42,15601.72,0,0,0,0,0,0
INSLDR.BSE_IDX,01/07/2025,12:45:50,15602.03,0,0,0,0,0,0
INSLDR.BSE_IDX,01/07/2025,12:45:58,15601.92,0,0,0,0,0,0
INSLDR.BSE_IDX,01/07/2025,12:46:06,15602.47,0,0,0,0,0,0
INSLDR.BSE_IDX,01/07/2025,12:46:14,15601.83,0,0,0,0,0,0
INSLDR.BSE_IDX,01/07/2025,12:46:22,15601.67,0,0,0,0,0,0
INSLDR.BSE_IDX,01/07/2025,12:46:30,15600.92,0,0,0,0,0,0
INSLDR.BSE_IDX,01/07/2025,12:46:38,15600.47,0,0,0,0,0,0
INSLDR.BSE_IDX,01/07/2025,12:46:46,15600.67,0,0,0,0,0,0
INSLDR.BSE_IDX,01/07/2025,12:46:54,15600.03,0,0,0,0,0,0
INSLDR.BSE_IDX,01/07/2025,12:47:02,15600.03,0,0,0,0,0,0
INSLDR.BSE_IDX,01/07/2025,12:47:10,15599.87,0,0,0,0,0,0
INSLDR.BSE_IDX,01/07/2025,12:47:18,15600.48,0,0,0,0,0,0
INSLDR.BSE_IDX,01/07/2025,12:47:26,15599.9,0,0,0,0,0,0
INSLDR.BSE_IDX,01/07/2025,12:47:34,15600.48,0,0,0,0,0,0
INSLDR.BSE_IDX,01/07/2025,12:47:42,15599.18,0,0,0,0,0,0
INSLDR.BSE_IDX,01/07/2025,12:47:50,15598.74,0,0,0,0,0,0
INSLDR.BSE_IDX,01/07/2025,12:47:58,15598.94,0,0,0,0,0,0
INSLDR.BSE_IDX,01/07/2025,12:48:06,15599.63,0,0,0,0,0,0
INSLDR.BSE_IDX,01/07/2025,12:48:14,15599.85,0,0,0,0,0,0
INSLDR.BSE_IDX,01/07/2025,12:48:22,15599.61,0,0,0,0,0,0
INSLDR.BSE_IDX,01/07/2025,12:48:30,15600.35,0,0,0,0,0,0
INSLDR.BSE_IDX,01/07/2025,12:48:38,15600.18,0,0,0,0,0,0
INSLDR.BSE_IDX,01/07/2025,12:48:46,15599.78,0,0,0,0,0,0
INSLDR.BSE_IDX,01/07/2025,12:48:54,15600.07,0,0,0,0,0,0
INSLDR.BSE_IDX,01/07/2025,12:49:02,15600.06,0,0,0,0,0,0
INSLDR.BSE_IDX,01/07/2025,12:49:10,15600,0,0,0,0,0,0
INSLDR.BSE_IDX,01/07/2025,12:49:18,15599.71,0,0,0,0,0,0
INSLDR.BSE_IDX,01/07/2025,12:49:26,15599.81,0,0,0,0,0,0
INSLDR.BSE_IDX,01/07/2025,12:49:34,15600.29,0,0,0,0,0,0
INSLDR.BSE_IDX,01/07/2025,12:49:42,15600.41,0,0,0,0,0,0
INSLDR.BSE_IDX,01/07/2025,12:49:50,15601.38,0,0,0,0,0,0
INSLDR.BSE_IDX,01/07/2025,12:49:58,15601.22,0,0,0,0,0,0
INSLDR.BSE_IDX,01/07/2025,12:50:06,15601.47,0,0,0,0,0,0
INSLDR.BSE_IDX,01/07/2025,12:50:14,15600.88,0,0,0,0,0,0
INSLDR.BSE_IDX,01/07/2025,12:50:22,15601.51,0,0,0,0,0,0
INSLDR.BSE_IDX,01/07/2025,12:50:30,15601.43,0,0,0,0,0,0
INSLDR.BSE_IDX,01/07/2025,12:50:38,15601.95,0,0,0,0,0,0
INSLDR.BSE_IDX,01/07/2025,12:50:47,15602.37,0,0,0,0,0,0
INSLDR.BSE_IDX,01/07/2025,12:50:54,15602.14,0,0,0,0,0,0
INSLDR.BSE_IDX,01/07/2025,12:51:02,15601.97,0,0,0,0,0,0
INSLDR.BSE_IDX,01/07/2025,12:51:10,15602.72,0,0,0,0,0,0
INSLDR.BSE_IDX,01/07/2025,12:51:19,15603.04,0,0,0,0,0,0
INSLDR.BSE_IDX,01/07/2025,12:51:26,15602.59,0,0,0,0,0,0
INSLDR.BSE_IDX,01/07/2025,12:51:34,15602.51,0,0,0,0,0,0
INSLDR.BSE_IDX,01/07/2025,12:51:42,15602.78,0,0,0,0,0,0
INSLDR.BSE_IDX,01/07/2025,12:51:50,15602.45,0,0,0,0,0,0
INSLDR.BSE_IDX,01/07/2025,12:51:58,15602.4,0,0,0,0,0,0
INSLDR.BSE_IDX,01/07/2025,12:52:06,15601.9,0,0,0,0,0,0
INSLDR.BSE_IDX,01/07/2025,12:52:14,15601.88,0,0,0,0,0,0
INSLDR.BSE_IDX,01/07/2025,12:52:22,15602.09,0,0,0,0,0,0
INSLDR.BSE_IDX,01/07/2025,12:52:30,15601.82,0,0,0,0,0,0
INSLDR.BSE_IDX,01/07/2025,12:52:38,15601.37,0,0,0,0,0,0
INSLDR.BSE_IDX,01/07/2025,12:52:46,15600.44,0,0,0,0,0,0
INSLDR.BSE_IDX,01/07/2025,12:52:54,15600.65,0,0,0,0,0,0
INSLDR.BSE_IDX,01/07/2025,12:53:02,15601.06,0,0,0,0,0,0
INSLDR.BSE_IDX,01/07/2025,12:53:10,15600.62,0,0,0,0,0,0
INSLDR.BSE_IDX,01/07/2025,12:53:18,15600.18,0,0,0,0,0,0
INSLDR.BSE_IDX,01/07/2025,12:53:26,15599.46,0,0,0,0,0,0
INSLDR.BSE_IDX,01/07/2025,12:53:34,15598.71,0,0,0,0,0,0
INSLDR.BSE_IDX,01/07/2025,12:53:42,15598.38,0,0,0,0,0,0
INSLDR.BSE_IDX,01/07/2025,12:53:50,15598.28,0,0,0,0,0,0
INSLDR.BSE_IDX,01/07/2025,12:53:58,15598.48,0,0,0,0,0,0
INSLDR.BSE_IDX,01/07/2025,12:54:06,15598.52,0,0,0,0,0,0
