Ticker,Date,Time,LTP,BuyPrice,BuyQty,SellPrice,SellQty,LTQ,OpenInterest
INTECO.BSE_IDX,01/07/2025,09:00:00,3084.13,0,0,0,0,0,0
INTECO.BSE_IDX,01/07/2025,09:00:07,3147.55,0,0,0,0,0,0
INTECO.BSE_IDX,01/07/2025,09:00:15,3135.82,0,0,0,0,0,0
INTECO.BSE_IDX,01/07/2025,09:00:23,3126.89,0,0,0,0,0,0
INTECO.BSE_IDX,01/07/2025,09:00:31,3126.74,0,0,0,0,0,0
INTECO.BSE_IDX,01/07/2025,09:00:39,3124.06,0,0,0,0,0,0
INTECO.BSE_IDX,01/07/2025,09:00:47,3110.64,0,0,0,0,0,0
INTECO.BSE_IDX,01/07/2025,09:00:55,3106.6,0,0,0,0,0,0
INTECO.BSE_IDX,01/07/2025,09:01:03,3106.72,0,0,0,0,0,0
INTECO.BSE_IDX,01/07/2025,09:01:11,3105.26,0,0,0,0,0,0
INTECO.BSE_IDX,01/07/2025,09:01:19,3103.94,0,0,0,0,0,0
INTECO.BSE_IDX,01/07/2025,09:01:27,3102.95,0,0,0,0,0,0
INTECO.BSE_IDX,01/07/2025,09:01:35,3102.89,0,0,0,0,0,0
INTECO.BSE_IDX,01/07/2025,09:01:43,3092.74,0,0,0,0,0,0
INTECO.BSE_IDX,01/07/2025,09:01:51,3093.72,0,0,0,0,0,0
INTECO.BSE_IDX,01/07/2025,09:01:59,3095.52,0,0,0,0,0,0
INTECO.BSE_IDX,01/07/2025,09:02:07,3095.52,0,0,0,0,0,0
INTECO.BSE_IDX,01/07/2025,09:02:15,3095.35,0,0,0,0,0,0
INTECO.BSE_IDX,01/07/2025,09:02:23,3095.48,0,0,0,0,0,0
INTECO.BSE_IDX,01/07/2025,09:02:31,3095.23,0,0,0,0,0,0
INTECO.BSE_IDX,01/07/2025,09:02:39,3094.42,0,0,0,0,0,0
INTECO.BSE_IDX,01/07/2025,09:02:47,3093.42,0,0,0,0,0,0
INTECO.BSE_IDX,01/07/2025,09:02:55,3093.67,0,0,0,0,0,0
INTECO.BSE_IDX,01/07/2025,09:03:03,3093.64,0,0,0,0,0,0
INTECO.BSE_IDX,01/07/2025,09:03:11,3093.7,0,0,0,0,0,0
INTECO.BSE_IDX,01/07/2025,09:03:19,3094.64,0,0,0,0,0,0
INTECO.BSE_IDX,01/07/2025,09:03:27,3094.64,0,0,0,0,0,0
INTECO.BSE_IDX,01/07/2025,09:03:35,3092.51,0,0,0,0,0,0
INTECO.BSE_IDX,01/07/2025,09:03:43,3093.06,0,0,0,0,0,0
INTECO.BSE_IDX,01/07/2025,09:03:51,3092.45,0,0,0,0,0,0
INTECO.BSE_IDX,01/07/2025,09:03:59,3092.45,0,0,0,0,0,0
INTECO.BSE_IDX,01/07/2025,09:04:07,3092.28,0,0,0,0,0,0
INTECO.BSE_IDX,01/07/2025,09:04:15,3092.28,0,0,0,0,0,0
INTECO.BSE_IDX,01/07/2025,09:04:23,3092.28,0,0,0,0,0,0
INTECO.BSE_IDX,01/07/2025,09:04:31,3092.32,0,0,0,0,0,0
INTECO.BSE_IDX,01/07/2025,09:04:39,3091.55,0,0,0,0,0,0
INTECO.BSE_IDX,01/07/2025,09:04:47,3090.82,0,0,0,0,0,0
INTECO.BSE_IDX,01/07/2025,09:04:55,3091,0,0,0,0,0,0
INTECO.BSE_IDX,01/07/2025,09:05:03,3090.69,0,0,0,0,0,0
INTECO.BSE_IDX,01/07/2025,09:05:11,3088.18,0,0,0,0,0,0
INTECO.BSE_IDX,01/07/2025,09:05:19,3089.15,0,0,0,0,0,0
INTECO.BSE_IDX,01/07/2025,09:05:27,3089.35,0,0,0,0,0,0
INTECO.BSE_IDX,01/07/2025,09:05:35,3089.19,0,0,0,0,0,0
INTECO.BSE_IDX,01/07/2025,09:05:43,3088.77,0,0,0,0,0,0
INTECO.BSE_IDX,01/07/2025,09:05:51,3088.92,0,0,0,0,0,0
INTECO.BSE_IDX,01/07/2025,09:05:59,3089.78,0,0,0,0,0,0
INTECO.BSE_IDX,01/07/2025,09:06:07,3088.97,0,0,0,0,0,0
INTECO.BSE_IDX,01/07/2025,09:06:15,3090.62,0,0,0,0,0,0
INTECO.BSE_IDX,01/07/2025,09:06:23,3091.28,0,0,0,0,0,0
INTECO.BSE_IDX,01/07/2025,09:06:31,3091.29,0,0,0,0,0,0
INTECO.BSE_IDX,01/07/2025,09:06:39,3093.56,0,0,0,0,0,0
INTECO.BSE_IDX,01/07/2025,09:06:47,3091.46,0,0,0,0,0,0
INTECO.BSE_IDX,01/07/2025,09:06:55,3090.97,0,0,0,0,0,0
INTECO.BSE_IDX,01/07/2025,09:07:04,3093.85,0,0,0,0,0,0
INTECO.BSE_IDX,01/07/2025,09:07:11,3093.85,0,0,0,0,0,0
INTECO.BSE_IDX,01/07/2025,09:07:19,3093.85,0,0,0,0,0,0
INTECO.BSE_IDX,01/07/2025,09:07:27,3093.85,0,0,0,0,0,0
INTECO.BSE_IDX,01/07/2025,09:07:35,3093.85,0,0,0,0,0,0
INTECO.BSE_IDX,01/07/2025,09:07:43,3093.85,0,0,0,0,0,0
INTECO.BSE_IDX,01/07/2025,09:07:51,3093.85,0,0,0,0,0,0
INTECO.BSE_IDX,01/07/2025,09:07:59,3093.85,0,0,0,0,0,0
INTECO.BSE_IDX,01/07/2025,09:08:07,3093.85,0,0,0,0,0,0
INTECO.BSE_IDX,01/07/2025,09:08:15,3093.85,0,0,0,0,0,0
INTECO.BSE_IDX,01/07/2025,09:08:23,3093.85,0,0,0,0,0,0
INTECO.BSE_IDX,01/07/2025,09:08:31,3093.85,0,0,0,0,0,0
INTECO.BSE_IDX,01/07/2025,09:08:39,3093.85,0,0,0,0,0,0
INTECO.BSE_IDX,01/07/2025,09:08:47,3093.85,0,0,0,0,0,0
INTECO.BSE_IDX,01/07/2025,09:08:55,3093.85,0,0,0,0,0,0
INTECO.BSE_IDX,01/07/2025,09:09:03,3090.04,0,0,0,0,0,0
INTECO.BSE_IDX,01/07/2025,09:09:11,3090.04,0,0,0,0,0,0
INTECO.BSE_IDX,01/07/2025,09:09:20,3090.04,0,0,0,0,0,0
INTECO.BSE_IDX,01/07/2025,09:09:27,3090.04,0,0,0,0,0,0
INTECO.BSE_IDX,01/07/2025,09:09:36,3090.04,0,0,0,0,0,0
INTECO.BSE_IDX,01/07/2025,09:09:43,3090.04,0,0,0,0,0,0
INTECO.BSE_IDX,01/07/2025,09:09:51,3090.04,0,0,0,0,0,0
INTECO.BSE_IDX,01/07/2025,09:09:59,3090.04,0,0,0,0,0,0
INTECO.BSE_IDX,01/07/2025,09:10:07,3090.04,0,0,0,0,0,0
INTECO.BSE_IDX,01/07/2025,09:10:16,3090.04,0,0,0,0,0,0
INTECO.BSE_IDX,01/07/2025,09:10:24,3090.04,0,0,0,0,0,0
INTECO.BSE_IDX,01/07/2025,09:10:32,3090.04,0,0,0,0,0,0
INTECO.BSE_IDX,01/07/2025,09:10:39,3090.04,0,0,0,0,0,0
INTECO.BSE_IDX,01/07/2025,09:10:47,3090.04,0,0,0,0,0,0
INTECO.BSE_IDX,01/07/2025,09:10:55,3090.04,0,0,0,0,0,0
INTECO.BSE_IDX,01/07/2025,09:11:03,3090.04,0,0,0,0,0,0
INTECO.BSE_IDX,01/07/2025,09:11:11,3090.04,0,0,0,0,0,0
INTECO.BSE_IDX,01/07/2025,09:11:19,3090.04,0,0,0,0,0,0
INTECO.BSE_IDX,01/07/2025,09:11:27,3090.04,0,0,0,0,0,0
INTECO.BSE_IDX,01/07/2025,09:11:35,3090.04,0,0,0,0,0,0
INTECO.BSE_IDX,01/07/2025,09:11:43,3090.04,0,0,0,0,0,0
INTECO.BSE_IDX,01/07/2025,09:11:51,3090.04,0,0,0,0,0,0
INTECO.BSE_IDX,01/07/2025,09:11:59,3090.04,0,0,0,0,0,0
INTECO.BSE_IDX,01/07/2025,09:12:07,3090.04,0,0,0,0,0,0
INTECO.BSE_IDX,01/07/2025,09:12:16,3090.04,0,0,0,0,0,0
INTECO.BSE_IDX,01/07/2025,09:12:23,3090.04,0,0,0,0,0,0
INTECO.BSE_IDX,01/07/2025,09:12:31,3090.04,0,0,0,0,0,0
INTECO.BSE_IDX,01/07/2025,09:12:39,3090.04,0,0,0,0,0,0
INTECO.BSE_IDX,01/07/2025,09:12:47,3090.04,0,0,0,0,0,0
INTECO.BSE_IDX,01/07/2025,09:12:55,3090.04,0,0,0,0,0,0
INTECO.BSE_IDX,01/07/2025,09:13:03,3090.04,0,0,0,0,0,0
INTECO.BSE_IDX,01/07/2025,09:13:11,3090.04,0,0,0,0,0,0
INTECO.BSE_IDX,01/07/2025,09:13:19,3090.04,0,0,0,0,0,0
INTECO.BSE_IDX,01/07/2025,09:13:27,3090.04,0,0,0,0,0,0
INTECO.BSE_IDX,01/07/2025,09:13:35,3090.04,0,0,0,0,0,0
INTECO.BSE_IDX,01/07/2025,09:13:43,3090.04,0,0,0,0,0,0
INTECO.BSE_IDX,01/07/2025,09:13:51,3090.04,0,0,0,0,0,0
INTECO.BSE_IDX,01/07/2025,09:13:59,3090.04,0,0,0,0,0,0
INTECO.BSE_IDX,01/07/2025,09:14:07,3090.04,0,0,0,0,0,0
INTECO.BSE_IDX,01/07/2025,09:14:15,3090.04,0,0,0,0,0,0
INTECO.BSE_IDX,01/07/2025,09:14:23,3090.04,0,0,0,0,0,0
INTECO.BSE_IDX,01/07/2025,09:14:31,3090.04,0,0,0,0,0,0
INTECO.BSE_IDX,01/07/2025,09:14:39,3090.04,0,0,0,0,0,0
INTECO.BSE_IDX,01/07/2025,09:14:47,3090.04,0,0,0,0,0,0
INTECO.BSE_IDX,01/07/2025,09:14:55,3090.04,0,0,0,0,0,0
INTECO.BSE_IDX,01/07/2025,09:15:04,3090.86,0,0,0,0,0,0
INTECO.BSE_IDX,01/07/2025,09:15:11,3091.85,0,0,0,0,0,0
INTECO.BSE_IDX,01/07/2025,09:15:19,3091.17,0,0,0,0,0,0
INTECO.BSE_IDX,01/07/2025,09:15:27,3086.88,0,0,0,0,0,0
INTECO.BSE_IDX,01/07/2025,09:15:35,3088.35,0,0,0,0,0,0
INTECO.BSE_IDX,01/07/2025,09:15:43,3088.57,0,0,0,0,0,0
INTECO.BSE_IDX,01/07/2025,09:15:51,3087.51,0,0,0,0,0,0
INTECO.BSE_IDX,01/07/2025,09:15:59,3087.25,0,0,0,0,0,0
INTECO.BSE_IDX,01/07/2025,09:16:07,3087.41,0,0,0,0,0,0
INTECO.BSE_IDX,01/07/2025,09:16:15,3087.92,0,0,0,0,0,0
INTECO.BSE_IDX,01/07/2025,09:16:24,3088.64,0,0,0,0,0,0
INTECO.BSE_IDX,01/07/2025,09:16:31,3089.46,0,0,0,0,0,0
INTECO.BSE_IDX,01/07/2025,09:16:39,3089.36,0,0,0,0,0,0
INTECO.BSE_IDX,01/07/2025,09:16:48,3089.15,0,0,0,0,0,0
INTECO.BSE_IDX,01/07/2025,09:16:55,3089.52,0,0,0,0,0,0
INTECO.BSE_IDX,01/07/2025,09:17:03,3088.38,0,0,0,0,0,0
INTECO.BSE_IDX,01/07/2025,09:17:12,3086.79,0,0,0,0,0,0
INTECO.BSE_IDX,01/07/2025,09:17:19,3086.6,0,0,0,0,0,0
INTECO.BSE_IDX,01/07/2025,09:17:27,3086.23,0,0,0,0,0,0
INTECO.BSE_IDX,01/07/2025,09:17:35,3086.33,0,0,0,0,0,0
INTECO.BSE_IDX,01/07/2025,09:17:44,3087.31,0,0,0,0,0,0
INTECO.BSE_IDX,01/07/2025,09:17:51,3086.89,0,0,0,0,0,0
INTECO.BSE_IDX,01/07/2025,09:17:59,3087.46,0,0,0,0,0,0
INTECO.BSE_IDX,01/07/2025,09:18:07,3086.57,0,0,0,0,0,0
INTECO.BSE_IDX,01/07/2025,09:18:15,3085.94,0,0,0,0,0,0
INTECO.BSE_IDX,01/07/2025,09:18:23,3086.34,0,0,0,0,0,0
INTECO.BSE_IDX,01/07/2025,09:18:31,3086.32,0,0,0,0,0,0
INTECO.BSE_IDX,01/07/2025,09:18:39,3085.58,0,0,0,0,0,0
INTECO.BSE_IDX,01/07/2025,09:18:47,3084.83,0,0,0,0,0,0
INTECO.BSE_IDX,01/07/2025,09:18:56,3085.01,0,0,0,0,0,0
INTECO.BSE_IDX,01/07/2025,09:19:03,3084.04,0,0,0,0,0,0
INTECO.BSE_IDX,01/07/2025,09:19:11,3083.47,0,0,0,0,0,0
INTECO.BSE_IDX,01/07/2025,09:19:19,3083.58,0,0,0,0,0,0
INTECO.BSE_IDX,01/07/2025,09:19:28,3081.33,0,0,0,0,0,0
INTECO.BSE_IDX,01/07/2025,09:19:35,3081.19,0,0,0,0,0,0
INTECO.BSE_IDX,01/07/2025,09:19:43,3081.07,0,0,0,0,0,0
INTECO.BSE_IDX,01/07/2025,09:19:52,3080.74,0,0,0,0,0,0
INTECO.BSE_IDX,01/07/2025,09:19:59,3080.89,0,0,0,0,0,0
INTECO.BSE_IDX,01/07/2025,09:20:07,3081.08,0,0,0,0,0,0
INTECO.BSE_IDX,01/07/2025,09:20:15,3080.57,0,0,0,0,0,0
INTECO.BSE_IDX,01/07/2025,09:20:24,3079.91,0,0,0,0,0,0
INTECO.BSE_IDX,01/07/2025,09:20:31,3080.36,0,0,0,0,0,0
INTECO.BSE_IDX,01/07/2025,09:20:39,3079.69,0,0,0,0,0,0
INTECO.BSE_IDX,01/07/2025,09:20:47,3079.59,0,0,0,0,0,0
INTECO.BSE_IDX,01/07/2025,09:20:55,3078.97,0,0,0,0,0,0
INTECO.BSE_IDX,01/07/2025,09:21:03,3078.93,0,0,0,0,0,0
INTECO.BSE_IDX,01/07/2025,09:21:11,3079.59,0,0,0,0,0,0
INTECO.BSE_IDX,01/07/2025,09:21:19,3079.71,0,0,0,0,0,0
INTECO.BSE_IDX,01/07/2025,09:21:27,3079.69,0,0,0,0,0,0
INTECO.BSE_IDX,01/07/2025,09:21:36,3079.39,0,0,0,0,0,0
INTECO.BSE_IDX,01/07/2025,09:21:43,3078.8,0,0,0,0,0,0
INTECO.BSE_IDX,01/07/2025,09:21:51,3078.89,0,0,0,0,0,0
INTECO.BSE_IDX,01/07/2025,09:22:00,3080.26,0,0,0,0,0,0
INTECO.BSE_IDX,01/07/2025,09:22:07,3080.36,0,0,0,0,0,0
INTECO.BSE_IDX,01/07/2025,09:22:15,3079.54,0,0,0,0,0,0
INTECO.BSE_IDX,01/07/2025,09:22:23,3080.77,0,0,0,0,0,0
INTECO.BSE_IDX,01/07/2025,09:22:31,3080.57,0,0,0,0,0,0
INTECO.BSE_IDX,01/07/2025,09:22:39,3080.77,0,0,0,0,0,0
INTECO.BSE_IDX,01/07/2025,09:22:47,3080.32,0,0,0,0,0,0
INTECO.BSE_IDX,01/07/2025,09:22:55,3080.52,0,0,0,0,0,0
INTECO.BSE_IDX,01/07/2025,09:23:03,3080.92,0,0,0,0,0,0
INTECO.BSE_IDX,01/07/2025,09:23:11,3078.99,0,0,0,0,0,0
INTECO.BSE_IDX,01/07/2025,09:23:20,3078.94,0,0,0,0,0,0
INTECO.BSE_IDX,01/07/2025,09:23:27,3079.19,0,0,0,0,0,0
INTECO.BSE_IDX,01/07/2025,09:23:35,3078.58,0,0,0,0,0,0
INTECO.BSE_IDX,01/07/2025,09:23:44,3078.28,0,0,0,0,0,0
INTECO.BSE_IDX,01/07/2025,09:23:51,3078.35,0,0,0,0,0,0
INTECO.BSE_IDX,01/07/2025,09:23:59,3078.04,0,0,0,0,0,0
INTECO.BSE_IDX,01/07/2025,09:24:08,3078.21,0,0,0,0,0,0
INTECO.BSE_IDX,01/07/2025,09:24:16,3078.35,0,0,0,0,0,0
INTECO.BSE_IDX,01/07/2025,09:24:23,3078.21,0,0,0,0,0,0
INTECO.BSE_IDX,01/07/2025,09:24:32,3077.92,0,0,0,0,0,0
INTECO.BSE_IDX,01/07/2025,09:24:39,3078.92,0,0,0,0,0,0
INTECO.BSE_IDX,01/07/2025,09:24:48,3079.26,0,0,0,0,0,0
INTECO.BSE_IDX,01/07/2025,09:24:57,3078.88,0,0,0,0,0,0
INTECO.BSE_IDX,01/07/2025,09:25:03,3078.59,0,0,0,0,0,0
INTECO.BSE_IDX,01/07/2025,09:25:12,3078.65,0,0,0,0,0,0
INTECO.BSE_IDX,01/07/2025,09:25:20,3078.02,0,0,0,0,0,0
INTECO.BSE_IDX,01/07/2025,09:25:29,3077.27,0,0,0,0,0,0
INTECO.BSE_IDX,01/07/2025,09:25:35,3077.31,0,0,0,0,0,0
INTECO.BSE_IDX,01/07/2025,09:25:43,3077.37,0,0,0,0,0,0
INTECO.BSE_IDX,01/07/2025,09:25:51,3077.09,0,0,0,0,0,0
INTECO.BSE_IDX,01/07/2025,09:25:59,3077.1,0,0,0,0,0,0
INTECO.BSE_IDX,01/07/2025,09:26:08,3077.4,0,0,0,0,0,0
INTECO.BSE_IDX,01/07/2025,09:26:15,3077.72,0,0,0,0,0,0
INTECO.BSE_IDX,01/07/2025,09:26:24,3077.2,0,0,0,0,0,0
INTECO.BSE_IDX,01/07/2025,09:26:31,3077.38,0,0,0,0,0,0
INTECO.BSE_IDX,01/07/2025,09:26:40,3076.98,0,0,0,0,0,0
INTECO.BSE_IDX,01/07/2025,09:26:48,3076.65,0,0,0,0,0,0
INTECO.BSE_IDX,01/07/2025,09:26:55,3077.32,0,0,0,0,0,0
INTECO.BSE_IDX,01/07/2025,09:27:04,3077.75,0,0,0,0,0,0
INTECO.BSE_IDX,01/07/2025,09:27:12,3077.48,0,0,0,0,0,0
INTECO.BSE_IDX,01/07/2025,09:27:19,3077.34,0,0,0,0,0,0
INTECO.BSE_IDX,01/07/2025,09:27:28,3077.68,0,0,0,0,0,0
INTECO.BSE_IDX,01/07/2025,09:27:36,3076.55,0,0,0,0,0,0
INTECO.BSE_IDX,01/07/2025,09:27:44,3076.19,0,0,0,0,0,0
INTECO.BSE_IDX,01/07/2025,09:27:52,3075.67,0,0,0,0,0,0
INTECO.BSE_IDX,01/07/2025,09:28:00,3076.01,0,0,0,0,0,0
INTECO.BSE_IDX,01/07/2025,09:28:08,3075.73,0,0,0,0,0,0
INTECO.BSE_IDX,01/07/2025,09:28:16,3074.96,0,0,0,0,0,0
INTECO.BSE_IDX,01/07/2025,09:28:24,3074.47,0,0,0,0,0,0
INTECO.BSE_IDX,01/07/2025,09:28:32,3073.18,0,0,0,0,0,0
INTECO.BSE_IDX,01/07/2025,09:28:40,3073.55,0,0,0,0,0,0
INTECO.BSE_IDX,01/07/2025,09:28:48,3073.55,0,0,0,0,0,0
INTECO.BSE_IDX,01/07/2025,09:28:56,3073.93,0,0,0,0,0,0
INTECO.BSE_IDX,01/07/2025,09:29:04,3074.52,0,0,0,0,0,0
INTECO.BSE_IDX,01/07/2025,09:29:12,3073.74,0,0,0,0,0,0
INTECO.BSE_IDX,01/07/2025,09:29:20,3073.42,0,0,0,0,0,0
INTECO.BSE_IDX,01/07/2025,09:29:28,3073.23,0,0,0,0,0,0
INTECO.BSE_IDX,01/07/2025,09:29:36,3073.23,0,0,0,0,0,0
INTECO.BSE_IDX,01/07/2025,09:29:44,3073.63,0,0,0,0,0,0
INTECO.BSE_IDX,01/07/2025,09:29:52,3073.54,0,0,0,0,0,0
INTECO.BSE_IDX,01/07/2025,09:30:00,3073.55,0,0,0,0,0,0
INTECO.BSE_IDX,01/07/2025,09:30:08,3073.47,0,0,0,0,0,0
INTECO.BSE_IDX,01/07/2025,09:30:16,3073.59,0,0,0,0,0,0
INTECO.BSE_IDX,01/07/2025,09:30:24,3074.37,0,0,0,0,0,0
INTECO.BSE_IDX,01/07/2025,09:30:32,3074.79,0,0,0,0,0,0
INTECO.BSE_IDX,01/07/2025,09:30:40,3075.06,0,0,0,0,0,0
INTECO.BSE_IDX,01/07/2025,09:30:48,3074.97,0,0,0,0,0,0
INTECO.BSE_IDX,01/07/2025,09:30:56,3074.1,0,0,0,0,0,0
INTECO.BSE_IDX,01/07/2025,09:31:04,3073.94,0,0,0,0,0,0
INTECO.BSE_IDX,01/07/2025,09:31:12,3073.59,0,0,0,0,0,0
INTECO.BSE_IDX,01/07/2025,09:31:20,3073.64,0,0,0,0,0,0
INTECO.BSE_IDX,01/07/2025,09:31:28,3074.41,0,0,0,0,0,0
INTECO.BSE_IDX,01/07/2025,09:31:36,3073.83,0,0,0,0,0,0
INTECO.BSE_IDX,01/07/2025,09:31:44,3073.75,0,0,0,0,0,0
INTECO.BSE_IDX,01/07/2025,09:31:52,3072.94,0,0,0,0,0,0
INTECO.BSE_IDX,01/07/2025,09:32:00,3073.65,0,0,0,0,0,0
INTECO.BSE_IDX,01/07/2025,09:32:08,3073.39,0,0,0,0,0,0
INTECO.BSE_IDX,01/07/2025,09:32:16,3073.53,0,0,0,0,0,0
INTECO.BSE_IDX,01/07/2025,09:32:24,3073.57,0,0,0,0,0,0
INTECO.BSE_IDX,01/07/2025,09:32:32,3073.35,0,0,0,0,0,0
INTECO.BSE_IDX,01/07/2025,09:32:40,3073.42,0,0,0,0,0,0
INTECO.BSE_IDX,01/07/2025,09:32:48,3073.33,0,0,0,0,0,0
INTECO.BSE_IDX,01/07/2025,09:32:56,3073.54,0,0,0,0,0,0
INTECO.BSE_IDX,01/07/2025,09:33:04,3073.85,0,0,0,0,0,0
INTECO.BSE_IDX,01/07/2025,09:33:12,3074.49,0,0,0,0,0,0
INTECO.BSE_IDX,01/07/2025,09:33:20,3074.7,0,0,0,0,0,0
INTECO.BSE_IDX,01/07/2025,09:33:28,3075.26,0,0,0,0,0,0
INTECO.BSE_IDX,01/07/2025,09:33:36,3075.08,0,0,0,0,0,0
INTECO.BSE_IDX,01/07/2025,09:33:44,3075.11,0,0,0,0,0,0
INTECO.BSE_IDX,01/07/2025,09:33:52,3075.37,0,0,0,0,0,0
INTECO.BSE_IDX,01/07/2025,09:34:00,3074.86,0,0,0,0,0,0
INTECO.BSE_IDX,01/07/2025,09:34:08,3074.49,0,0,0,0,0,0
INTECO.BSE_IDX,01/07/2025,09:34:16,3074.34,0,0,0,0,0,0
INTECO.BSE_IDX,01/07/2025,09:34:24,3074.85,0,0,0,0,0,0
INTECO.BSE_IDX,01/07/2025,09:34:32,3074.98,0,0,0,0,0,0
INTECO.BSE_IDX,01/07/2025,09:34:40,3075.09,0,0,0,0,0,0
INTECO.BSE_IDX,01/07/2025,09:34:48,3074.72,0,0,0,0,0,0
INTECO.BSE_IDX,01/07/2025,09:34:56,3075.04,0,0,0,0,0,0
INTECO.BSE_IDX,01/07/2025,09:35:05,3074.33,0,0,0,0,0,0
INTECO.BSE_IDX,01/07/2025,09:35:12,3074,0,0,0,0,0,0
INTECO.BSE_IDX,01/07/2025,09:35:20,3074.32,0,0,0,0,0,0
INTECO.BSE_IDX,01/07/2025,09:35:28,3074.81,0,0,0,0,0,0
INTECO.BSE_IDX,01/07/2025,09:35:36,3075.54,0,0,0,0,0,0
INTECO.BSE_IDX,01/07/2025,09:35:44,3075.48,0,0,0,0,0,0
INTECO.BSE_IDX,01/07/2025,09:35:52,3075.21,0,0,0,0,0,0
INTECO.BSE_IDX,01/07/2025,09:36:00,3075.28,0,0,0,0,0,0
INTECO.BSE_IDX,01/07/2025,09:36:08,3075.02,0,0,0,0,0,0
INTECO.BSE_IDX,01/07/2025,09:36:16,3075.14,0,0,0,0,0,0
INTECO.BSE_IDX,01/07/2025,09:36:24,3075.01,0,0,0,0,0,0
INTECO.BSE_IDX,01/07/2025,09:36:33,3074.95,0,0,0,0,0,0
INTECO.BSE_IDX,01/07/2025,09:36:40,3074.94,0,0,0,0,0,0
INTECO.BSE_IDX,01/07/2025,09:36:48,3074.84,0,0,0,0,0,0
INTECO.BSE_IDX,01/07/2025,09:36:56,3074.48,0,0,0,0,0,0
INTECO.BSE_IDX,01/07/2025,09:37:04,3074.59,0,0,0,0,0,0
INTECO.BSE_IDX,01/07/2025,09:37:12,3074.27,0,0,0,0,0,0
INTECO.BSE_IDX,01/07/2025,09:37:20,3073.96,0,0,0,0,0,0
INTECO.BSE_IDX,01/07/2025,09:37:28,3073.92,0,0,0,0,0,0
INTECO.BSE_IDX,01/07/2025,09:37:36,3073.31,0,0,0,0,0,0
INTECO.BSE_IDX,01/07/2025,09:37:44,3073.51,0,0,0,0,0,0
INTECO.BSE_IDX,01/07/2025,09:37:52,3072.41,0,0,0,0,0,0
INTECO.BSE_IDX,01/07/2025,09:38:00,3072.13,0,0,0,0,0,0
INTECO.BSE_IDX,01/07/2025,09:38:08,3072.8,0,0,0,0,0,0
INTECO.BSE_IDX,01/07/2025,09:38:16,3072.34,0,0,0,0,0,0
INTECO.BSE_IDX,01/07/2025,09:38:24,3071.52,0,0,0,0,0,0
INTECO.BSE_IDX,01/07/2025,09:38:32,3071.04,0,0,0,0,0,0
INTECO.BSE_IDX,01/07/2025,09:38:40,3070.71,0,0,0,0,0,0
INTECO.BSE_IDX,01/07/2025,09:38:48,3071.48,0,0,0,0,0,0
INTECO.BSE_IDX,01/07/2025,09:38:56,3071.48,0,0,0,0,0,0
INTECO.BSE_IDX,01/07/2025,09:39:04,3071.12,0,0,0,0,0,0
INTECO.BSE_IDX,01/07/2025,09:39:12,3071.44,0,0,0,0,0,0
INTECO.BSE_IDX,01/07/2025,09:39:20,3071.13,0,0,0,0,0,0
INTECO.BSE_IDX,01/07/2025,09:39:28,3071.45,0,0,0,0,0,0
INTECO.BSE_IDX,01/07/2025,09:39:36,3071.25,0,0,0,0,0,0
INTECO.BSE_IDX,01/07/2025,09:39:44,3071.4,0,0,0,0,0,0
INTECO.BSE_IDX,01/07/2025,09:39:52,3071.51,0,0,0,0,0,0
INTECO.BSE_IDX,01/07/2025,09:40:00,3071.62,0,0,0,0,0,0
INTECO.BSE_IDX,01/07/2025,09:40:08,3072.15,0,0,0,0,0,0
INTECO.BSE_IDX,01/07/2025,09:40:16,3071.63,0,0,0,0,0,0
INTECO.BSE_IDX,01/07/2025,09:40:24,3072.17,0,0,0,0,0,0
INTECO.BSE_IDX,01/07/2025,09:40:32,3071.93,0,0,0,0,0,0
INTECO.BSE_IDX,01/07/2025,09:40:40,3072.13,0,0,0,0,0,0
INTECO.BSE_IDX,01/07/2025,09:40:48,3072.04,0,0,0,0,0,0
INTECO.BSE_IDX,01/07/2025,09:40:56,3072.58,0,0,0,0,0,0
INTECO.BSE_IDX,01/07/2025,09:41:04,3072.44,0,0,0,0,0,0
INTECO.BSE_IDX,01/07/2025,09:41:12,3072.89,0,0,0,0,0,0
INTECO.BSE_IDX,01/07/2025,09:41:20,3073,0,0,0,0,0,0
INTECO.BSE_IDX,01/07/2025,09:41:28,3073.48,0,0,0,0,0,0
INTECO.BSE_IDX,01/07/2025,09:41:36,3073.65,0,0,0,0,0,0
INTECO.BSE_IDX,01/07/2025,09:41:44,3073.36,0,0,0,0,0,0
INTECO.BSE_IDX,01/07/2025,09:41:52,3073.03,0,0,0,0,0,0
INTECO.BSE_IDX,01/07/2025,09:42:00,3073.09,0,0,0,0,0,0
INTECO.BSE_IDX,01/07/2025,09:42:08,3073.56,0,0,0,0,0,0
INTECO.BSE_IDX,01/07/2025,09:42:16,3073.04,0,0,0,0,0,0
INTECO.BSE_IDX,01/07/2025,09:42:24,3073.25,0,0,0,0,0,0
INTECO.BSE_IDX,01/07/2025,09:42:32,3073.55,0,0,0,0,0,0
INTECO.BSE_IDX,01/07/2025,09:42:40,3073.44,0,0,0,0,0,0
INTECO.BSE_IDX,01/07/2025,09:42:48,3073.76,0,0,0,0,0,0
INTECO.BSE_IDX,01/07/2025,09:42:56,3074.14,0,0,0,0,0,0
INTECO.BSE_IDX,01/07/2025,09:43:04,3073.95,0,0,0,0,0,0
INTECO.BSE_IDX,01/07/2025,09:43:12,3074.22,0,0,0,0,0,0
INTECO.BSE_IDX,01/07/2025,09:43:20,3074.48,0,0,0,0,0,0
INTECO.BSE_IDX,01/07/2025,09:43:28,3074.1,0,0,0,0,0,0
INTECO.BSE_IDX,01/07/2025,09:43:36,3073.92,0,0,0,0,0,0
INTECO.BSE_IDX,01/07/2025,09:43:44,3073.77,0,0,0,0,0,0
INTECO.BSE_IDX,01/07/2025,09:43:53,3073.59,0,0,0,0,0,0
INTECO.BSE_IDX,01/07/2025,09:44:00,3073.9,0,0,0,0,0,0
INTECO.BSE_IDX,01/07/2025,09:44:08,3073.53,0,0,0,0,0,0
INTECO.BSE_IDX,01/07/2025,09:44:16,3073.37,0,0,0,0,0,0
INTECO.BSE_IDX,01/07/2025,09:44:24,3073.74,0,0,0,0,0,0
INTECO.BSE_IDX,01/07/2025,09:44:32,3073.69,0,0,0,0,0,0
INTECO.BSE_IDX,01/07/2025,09:44:40,3073.75,0,0,0,0,0,0
INTECO.BSE_IDX,01/07/2025,09:44:48,3073.78,0,0,0,0,0,0
INTECO.BSE_IDX,01/07/2025,09:44:56,3073.55,0,0,0,0,0,0
INTECO.BSE_IDX,01/07/2025,09:45:05,3073.86,0,0,0,0,0,0
INTECO.BSE_IDX,01/07/2025,09:45:12,3073.27,0,0,0,0,0,0
INTECO.BSE_IDX,01/07/2025,09:45:20,3073.14,0,0,0,0,0,0
INTECO.BSE_IDX,01/07/2025,09:45:28,3073.65,0,0,0,0,0,0
INTECO.BSE_IDX,01/07/2025,09:45:36,3073.71,0,0,0,0,0,0
INTECO.BSE_IDX,01/07/2025,09:45:44,3073.17,0,0,0,0,0,0
INTECO.BSE_IDX,01/07/2025,09:45:52,3073.85,0,0,0,0,0,0
INTECO.BSE_IDX,01/07/2025,09:46:01,3073.67,0,0,0,0,0,0
INTECO.BSE_IDX,01/07/2025,09:46:08,3073.73,0,0,0,0,0,0
INTECO.BSE_IDX,01/07/2025,09:46:16,3074.24,0,0,0,0,0,0
INTECO.BSE_IDX,01/07/2025,09:46:24,3074.01,0,0,0,0,0,0
INTECO.BSE_IDX,01/07/2025,09:46:32,3074.04,0,0,0,0,0,0
INTECO.BSE_IDX,01/07/2025,09:46:40,3073.8,0,0,0,0,0,0
INTECO.BSE_IDX,01/07/2025,09:46:48,3074.18,0,0,0,0,0,0
INTECO.BSE_IDX,01/07/2025,09:46:56,3073.83,0,0,0,0,0,0
INTECO.BSE_IDX,01/07/2025,09:47:04,3073.78,0,0,0,0,0,0
INTECO.BSE_IDX,01/07/2025,09:47:12,3073.9,0,0,0,0,0,0
INTECO.BSE_IDX,01/07/2025,09:47:20,3074.07,0,0,0,0,0,0
INTECO.BSE_IDX,01/07/2025,09:47:28,3074.61,0,0,0,0,0,0
INTECO.BSE_IDX,01/07/2025,09:47:36,3074.63,0,0,0,0,0,0
INTECO.BSE_IDX,01/07/2025,09:47:44,3075.02,0,0,0,0,0,0
INTECO.BSE_IDX,01/07/2025,09:47:52,3075.21,0,0,0,0,0,0
INTECO.BSE_IDX,01/07/2025,09:48:00,3075.66,0,0,0,0,0,0
INTECO.BSE_IDX,01/07/2025,09:48:08,3075.63,0,0,0,0,0,0
INTECO.BSE_IDX,01/07/2025,09:48:16,3076.13,0,0,0,0,0,0
INTECO.BSE_IDX,01/07/2025,09:48:24,3076.2,0,0,0,0,0,0
INTECO.BSE_IDX,01/07/2025,09:48:32,3076.76,0,0,0,0,0,0
INTECO.BSE_IDX,01/07/2025,09:48:40,3076.88,0,0,0,0,0,0
INTECO.BSE_IDX,01/07/2025,09:48:48,3076.63,0,0,0,0,0,0
INTECO.BSE_IDX,01/07/2025,09:48:56,3077.31,0,0,0,0,0,0
INTECO.BSE_IDX,01/07/2025,09:49:04,3077.86,0,0,0,0,0,0
INTECO.BSE_IDX,01/07/2025,09:49:12,3077.53,0,0,0,0,0,0
INTECO.BSE_IDX,01/07/2025,09:49:20,3077.35,0,0,0,0,0,0
INTECO.BSE_IDX,01/07/2025,09:49:28,3077.68,0,0,0,0,0,0
INTECO.BSE_IDX,01/07/2025,09:49:36,3077.64,0,0,0,0,0,0
INTECO.BSE_IDX,01/07/2025,09:49:44,3078.55,0,0,0,0,0,0
INTECO.BSE_IDX,01/07/2025,09:49:52,3078.84,0,0,0,0,0,0
INTECO.BSE_IDX,01/07/2025,09:50:00,3079.07,0,0,0,0,0,0
INTECO.BSE_IDX,01/07/2025,09:50:08,3078.64,0,0,0,0,0,0
INTECO.BSE_IDX,01/07/2025,09:50:16,3079.3,0,0,0,0,0,0
INTECO.BSE_IDX,01/07/2025,09:50:24,3079.7,0,0,0,0,0,0
INTECO.BSE_IDX,01/07/2025,09:50:32,3079.15,0,0,0,0,0,0
INTECO.BSE_IDX,01/07/2025,09:50:40,3078.63,0,0,0,0,0,0
INTECO.BSE_IDX,01/07/2025,09:50:48,3078.58,0,0,0,0,0,0
INTECO.BSE_IDX,01/07/2025,09:50:57,3078.54,0,0,0,0,0,0
INTECO.BSE_IDX,01/07/2025,09:51:04,3078.18,0,0,0,0,0,0
INTECO.BSE_IDX,01/07/2025,09:51:12,3078.22,0,0,0,0,0,0
INTECO.BSE_IDX,01/07/2025,09:51:20,3078.1,0,0,0,0,0,0
INTECO.BSE_IDX,01/07/2025,09:51:28,3077.88,0,0,0,0,0,0
INTECO.BSE_IDX,01/07/2025,09:51:37,3077.78,0,0,0,0,0,0
INTECO.BSE_IDX,01/07/2025,09:51:44,3077.81,0,0,0,0,0,0
INTECO.BSE_IDX,01/07/2025,09:51:52,3077.37,0,0,0,0,0,0
INTECO.BSE_IDX,01/07/2025,09:52:01,3077.08,0,0,0,0,0,0
INTECO.BSE_IDX,01/07/2025,09:52:08,3076.63,0,0,0,0,0,0
INTECO.BSE_IDX,01/07/2025,09:52:17,3075.41,0,0,0,0,0,0
INTECO.BSE_IDX,01/07/2025,09:52:24,3075.54,0,0,0,0,0,0
INTECO.BSE_IDX,01/07/2025,09:52:32,3075.62,0,0,0,0,0,0
INTECO.BSE_IDX,01/07/2025,09:52:40,3076.03,0,0,0,0,0,0
INTECO.BSE_IDX,01/07/2025,09:52:48,3076.05,0,0,0,0,0,0
INTECO.BSE_IDX,01/07/2025,09:52:57,3076.01,0,0,0,0,0,0
INTECO.BSE_IDX,01/07/2025,09:53:04,3075.94,0,0,0,0,0,0
INTECO.BSE_IDX,01/07/2025,09:53:13,3075.48,0,0,0,0,0,0
INTECO.BSE_IDX,01/07/2025,09:53:20,3075.55,0,0,0,0,0,0
INTECO.BSE_IDX,01/07/2025,09:53:28,3076.43,0,0,0,0,0,0
INTECO.BSE_IDX,01/07/2025,09:53:36,3076.29,0,0,0,0,0,0
INTECO.BSE_IDX,01/07/2025,09:53:44,3076.51,0,0,0,0,0,0
INTECO.BSE_IDX,01/07/2025,09:53:52,3076.95,0,0,0,0,0,0
INTECO.BSE_IDX,01/07/2025,09:54:00,3076.88,0,0,0,0,0,0
INTECO.BSE_IDX,01/07/2025,09:54:08,3076.53,0,0,0,0,0,0
INTECO.BSE_IDX,01/07/2025,09:54:16,3076.48,0,0,0,0,0,0
INTECO.BSE_IDX,01/07/2025,09:54:24,3076.08,0,0,0,0,0,0
INTECO.BSE_IDX,01/07/2025,09:54:32,3076,0,0,0,0,0,0
INTECO.BSE_IDX,01/07/2025,09:54:40,3075.66,0,0,0,0,0,0
INTECO.BSE_IDX,01/07/2025,09:54:48,3075.14,0,0,0,0,0,0
INTECO.BSE_IDX,01/07/2025,09:54:56,3075.74,0,0,0,0,0,0
INTECO.BSE_IDX,01/07/2025,09:55:04,3075.76,0,0,0,0,0,0
INTECO.BSE_IDX,01/07/2025,09:55:12,3075.69,0,0,0,0,0,0
INTECO.BSE_IDX,01/07/2025,09:55:20,3075.39,0,0,0,0,0,0
INTECO.BSE_IDX,01/07/2025,09:55:28,3075.64,0,0,0,0,0,0
INTECO.BSE_IDX,01/07/2025,09:55:36,3075.54,0,0,0,0,0,0
INTECO.BSE_IDX,01/07/2025,09:55:44,3075.16,0,0,0,0,0,0
INTECO.BSE_IDX,01/07/2025,09:55:52,3075.38,0,0,0,0,0,0
INTECO.BSE_IDX,01/07/2025,09:56:00,3075.3,0,0,0,0,0,0
INTECO.BSE_IDX,01/07/2025,09:56:08,3075.6,0,0,0,0,0,0
INTECO.BSE_IDX,01/07/2025,09:56:16,3075.59,0,0,0,0,0,0
INTECO.BSE_IDX,01/07/2025,09:56:25,3075.48,0,0,0,0,0,0
INTECO.BSE_IDX,01/07/2025,09:56:33,3075.78,0,0,0,0,0,0
INTECO.BSE_IDX,01/07/2025,09:56:41,3076.19,0,0,0,0,0,0
INTECO.BSE_IDX,01/07/2025,09:56:48,3076.59,0,0,0,0,0,0
INTECO.BSE_IDX,01/07/2025,09:56:57,3076.89,0,0,0,0,0,0
INTECO.BSE_IDX,01/07/2025,09:57:04,3076.83,0,0,0,0,0,0
INTECO.BSE_IDX,01/07/2025,09:57:12,3077.01,0,0,0,0,0,0
INTECO.BSE_IDX,01/07/2025,09:57:20,3077.19,0,0,0,0,0,0
INTECO.BSE_IDX,01/07/2025,09:57:28,3077.71,0,0,0,0,0,0
INTECO.BSE_IDX,01/07/2025,09:57:36,3077.87,0,0,0,0,0,0
INTECO.BSE_IDX,01/07/2025,09:57:44,3078.26,0,0,0,0,0,0
INTECO.BSE_IDX,01/07/2025,09:57:52,3077.94,0,0,0,0,0,0
INTECO.BSE_IDX,01/07/2025,09:58:00,3078,0,0,0,0,0,0
INTECO.BSE_IDX,01/07/2025,09:58:08,3078.16,0,0,0,0,0,0
INTECO.BSE_IDX,01/07/2025,09:58:16,3078.51,0,0,0,0,0,0
INTECO.BSE_IDX,01/07/2025,09:58:24,3078.41,0,0,0,0,0,0
INTECO.BSE_IDX,01/07/2025,09:58:32,3078.49,0,0,0,0,0,0
INTECO.BSE_IDX,01/07/2025,09:58:40,3079.11,0,0,0,0,0,0
INTECO.BSE_IDX,01/07/2025,09:58:48,3079.1,0,0,0,0,0,0
INTECO.BSE_IDX,01/07/2025,09:58:56,3079.05,0,0,0,0,0,0
INTECO.BSE_IDX,01/07/2025,09:59:05,3079.22,0,0,0,0,0,0
INTECO.BSE_IDX,01/07/2025,09:59:12,3079.2,0,0,0,0,0,0
INTECO.BSE_IDX,01/07/2025,09:59:20,3079.9,0,0,0,0,0,0
INTECO.BSE_IDX,01/07/2025,09:59:28,3079.72,0,0,0,0,0,0
INTECO.BSE_IDX,01/07/2025,09:59:36,3080.39,0,0,0,0,0,0
INTECO.BSE_IDX,01/07/2025,09:59:45,3080.47,0,0,0,0,0,0
INTECO.BSE_IDX,01/07/2025,09:59:52,3080.68,0,0,0,0,0,0
INTECO.BSE_IDX,01/07/2025,10:00:01,3081.03,0,0,0,0,0,0
INTECO.BSE_IDX,01/07/2025,10:00:08,3081.61,0,0,0,0,0,0
INTECO.BSE_IDX,01/07/2025,10:00:16,3081.29,0,0,0,0,0,0
INTECO.BSE_IDX,01/07/2025,10:00:25,3081.11,0,0,0,0,0,0
INTECO.BSE_IDX,01/07/2025,10:00:32,3080.69,0,0,0,0,0,0
INTECO.BSE_IDX,01/07/2025,10:00:40,3080.8,0,0,0,0,0,0
INTECO.BSE_IDX,01/07/2025,10:00:49,3080.47,0,0,0,0,0,0
INTECO.BSE_IDX,01/07/2025,10:00:57,3079.77,0,0,0,0,0,0
INTECO.BSE_IDX,01/07/2025,10:01:04,3079.76,0,0,0,0,0,0
INTECO.BSE_IDX,01/07/2025,10:01:12,3079.44,0,0,0,0,0,0
INTECO.BSE_IDX,01/07/2025,10:01:21,3079.55,0,0,0,0,0,0
INTECO.BSE_IDX,01/07/2025,10:01:29,3079.77,0,0,0,0,0,0
INTECO.BSE_IDX,01/07/2025,10:01:37,3079.54,0,0,0,0,0,0
INTECO.BSE_IDX,01/07/2025,10:01:44,3079.6,0,0,0,0,0,0
INTECO.BSE_IDX,01/07/2025,10:01:52,3079.3,0,0,0,0,0,0
INTECO.BSE_IDX,01/07/2025,10:02:00,3078.87,0,0,0,0,0,0
INTECO.BSE_IDX,01/07/2025,10:02:09,3078.77,0,0,0,0,0,0
INTECO.BSE_IDX,01/07/2025,10:02:17,3078.82,0,0,0,0,0,0
INTECO.BSE_IDX,01/07/2025,10:02:24,3079.03,0,0,0,0,0,0
INTECO.BSE_IDX,01/07/2025,10:02:32,3079.09,0,0,0,0,0,0
INTECO.BSE_IDX,01/07/2025,10:02:41,3078.87,0,0,0,0,0,0
INTECO.BSE_IDX,01/07/2025,10:02:49,3079.11,0,0,0,0,0,0
INTECO.BSE_IDX,01/07/2025,10:02:57,3078.76,0,0,0,0,0,0
INTECO.BSE_IDX,01/07/2025,10:03:04,3078.19,0,0,0,0,0,0
INTECO.BSE_IDX,01/07/2025,10:03:13,3077.59,0,0,0,0,0,0
INTECO.BSE_IDX,01/07/2025,10:03:20,3076.59,0,0,0,0,0,0
INTECO.BSE_IDX,01/07/2025,10:03:29,3076.21,0,0,0,0,0,0
INTECO.BSE_IDX,01/07/2025,10:03:37,3076.19,0,0,0,0,0,0
INTECO.BSE_IDX,01/07/2025,10:03:45,3076.11,0,0,0,0,0,0
INTECO.BSE_IDX,01/07/2025,10:03:53,3076.18,0,0,0,0,0,0
INTECO.BSE_IDX,01/07/2025,10:04:01,3076.6,0,0,0,0,0,0
INTECO.BSE_IDX,01/07/2025,10:04:09,3076.59,0,0,0,0,0,0
INTECO.BSE_IDX,01/07/2025,10:04:17,3076.93,0,0,0,0,0,0
INTECO.BSE_IDX,01/07/2025,10:04:25,3077.09,0,0,0,0,0,0
INTECO.BSE_IDX,01/07/2025,10:04:33,3077.26,0,0,0,0,0,0
INTECO.BSE_IDX,01/07/2025,10:04:41,3077.69,0,0,0,0,0,0
INTECO.BSE_IDX,01/07/2025,10:04:50,3078.22,0,0,0,0,0,0
INTECO.BSE_IDX,01/07/2025,10:04:57,3078.51,0,0,0,0,0,0
INTECO.BSE_IDX,01/07/2025,10:05:05,3078.06,0,0,0,0,0,0
INTECO.BSE_IDX,01/07/2025,10:05:14,3077.99,0,0,0,0,0,0
INTECO.BSE_IDX,01/07/2025,10:05:21,3077.8,0,0,0,0,0,0
INTECO.BSE_IDX,01/07/2025,10:05:29,3076.93,0,0,0,0,0,0
INTECO.BSE_IDX,01/07/2025,10:05:37,3076.71,0,0,0,0,0,0
INTECO.BSE_IDX,01/07/2025,10:05:45,3076.82,0,0,0,0,0,0
INTECO.BSE_IDX,01/07/2025,10:05:53,3077.04,0,0,0,0,0,0
INTECO.BSE_IDX,01/07/2025,10:06:01,3076.66,0,0,0,0,0,0
INTECO.BSE_IDX,01/07/2025,10:06:09,3076.9,0,0,0,0,0,0
INTECO.BSE_IDX,01/07/2025,10:06:17,3076.7,0,0,0,0,0,0
INTECO.BSE_IDX,01/07/2025,10:06:25,3076.58,0,0,0,0,0,0
INTECO.BSE_IDX,01/07/2025,10:06:33,3076.53,0,0,0,0,0,0
INTECO.BSE_IDX,01/07/2025,10:06:41,3076.82,0,0,0,0,0,0
INTECO.BSE_IDX,01/07/2025,10:06:49,3076.93,0,0,0,0,0,0
INTECO.BSE_IDX,01/07/2025,10:06:57,3076.44,0,0,0,0,0,0
INTECO.BSE_IDX,01/07/2025,10:07:05,3077.51,0,0,0,0,0,0
INTECO.BSE_IDX,01/07/2025,10:07:13,3077.4,0,0,0,0,0,0
INTECO.BSE_IDX,01/07/2025,10:07:21,3077.8,0,0,0,0,0,0
INTECO.BSE_IDX,01/07/2025,10:07:29,3078.14,0,0,0,0,0,0
INTECO.BSE_IDX,01/07/2025,10:07:37,3077.73,0,0,0,0,0,0
INTECO.BSE_IDX,01/07/2025,10:07:45,3077.86,0,0,0,0,0,0
INTECO.BSE_IDX,01/07/2025,10:07:53,3077.86,0,0,0,0,0,0
INTECO.BSE_IDX,01/07/2025,10:08:01,3078.35,0,0,0,0,0,0
INTECO.BSE_IDX,01/07/2025,10:08:09,3078.57,0,0,0,0,0,0
INTECO.BSE_IDX,01/07/2025,10:08:17,3078.53,0,0,0,0,0,0
INTECO.BSE_IDX,01/07/2025,10:08:25,3078.25,0,0,0,0,0,0
INTECO.BSE_IDX,01/07/2025,10:08:33,3077.78,0,0,0,0,0,0
INTECO.BSE_IDX,01/07/2025,10:08:41,3077.98,0,0,0,0,0,0
INTECO.BSE_IDX,01/07/2025,10:08:49,3077.95,0,0,0,0,0,0
INTECO.BSE_IDX,01/07/2025,10:08:57,3077.9,0,0,0,0,0,0
INTECO.BSE_IDX,01/07/2025,10:09:05,3076.67,0,0,0,0,0,0
INTECO.BSE_IDX,01/07/2025,10:09:13,3076.41,0,0,0,0,0,0
INTECO.BSE_IDX,01/07/2025,10:09:21,3075.94,0,0,0,0,0,0
INTECO.BSE_IDX,01/07/2025,10:09:29,3075.7,0,0,0,0,0,0
INTECO.BSE_IDX,01/07/2025,10:09:37,3075.44,0,0,0,0,0,0
INTECO.BSE_IDX,01/07/2025,10:09:45,3075.41,0,0,0,0,0,0
INTECO.BSE_IDX,01/07/2025,10:09:53,3075.56,0,0,0,0,0,0
INTECO.BSE_IDX,01/07/2025,10:10:01,3075.95,0,0,0,0,0,0
INTECO.BSE_IDX,01/07/2025,10:10:09,3076.2,0,0,0,0,0,0
INTECO.BSE_IDX,01/07/2025,10:10:17,3076.26,0,0,0,0,0,0
INTECO.BSE_IDX,01/07/2025,10:10:25,3076.82,0,0,0,0,0,0
INTECO.BSE_IDX,01/07/2025,10:10:33,3076.97,0,0,0,0,0,0
INTECO.BSE_IDX,01/07/2025,10:10:41,3077.15,0,0,0,0,0,0
INTECO.BSE_IDX,01/07/2025,10:10:49,3077.21,0,0,0,0,0,0
INTECO.BSE_IDX,01/07/2025,10:10:57,3077.23,0,0,0,0,0,0
INTECO.BSE_IDX,01/07/2025,10:11:05,3077.41,0,0,0,0,0,0
INTECO.BSE_IDX,01/07/2025,10:11:13,3077.04,0,0,0,0,0,0
INTECO.BSE_IDX,01/07/2025,10:11:22,3076.9,0,0,0,0,0,0
INTECO.BSE_IDX,01/07/2025,10:11:29,3076.75,0,0,0,0,0,0
INTECO.BSE_IDX,01/07/2025,10:11:37,3076.44,0,0,0,0,0,0
INTECO.BSE_IDX,01/07/2025,10:11:45,3076.42,0,0,0,0,0,0
INTECO.BSE_IDX,01/07/2025,10:11:53,3076.23,0,0,0,0,0,0
INTECO.BSE_IDX,01/07/2025,10:12:01,3076.8,0,0,0,0,0,0
INTECO.BSE_IDX,01/07/2025,10:12:09,3076.77,0,0,0,0,0,0
INTECO.BSE_IDX,01/07/2025,10:12:17,3076.77,0,0,0,0,0,0
INTECO.BSE_IDX,01/07/2025,10:12:25,3076.71,0,0,0,0,0,0
INTECO.BSE_IDX,01/07/2025,10:12:33,3076.3,0,0,0,0,0,0
INTECO.BSE_IDX,01/07/2025,10:12:41,3076.21,0,0,0,0,0,0
INTECO.BSE_IDX,01/07/2025,10:12:49,3076.13,0,0,0,0,0,0
INTECO.BSE_IDX,01/07/2025,10:12:57,3075.41,0,0,0,0,0,0
INTECO.BSE_IDX,01/07/2025,10:13:05,3075.5,0,0,0,0,0,0
INTECO.BSE_IDX,01/07/2025,10:13:13,3075.83,0,0,0,0,0,0
INTECO.BSE_IDX,01/07/2025,10:13:21,3076.17,0,0,0,0,0,0
INTECO.BSE_IDX,01/07/2025,10:13:29,3076.19,0,0,0,0,0,0
INTECO.BSE_IDX,01/07/2025,10:13:37,3075.97,0,0,0,0,0,0
INTECO.BSE_IDX,01/07/2025,10:13:45,3076.08,0,0,0,0,0,0
INTECO.BSE_IDX,01/07/2025,10:13:53,3075.82,0,0,0,0,0,0
INTECO.BSE_IDX,01/07/2025,10:14:01,3076.04,0,0,0,0,0,0
INTECO.BSE_IDX,01/07/2025,10:14:09,3076.3,0,0,0,0,0,0
INTECO.BSE_IDX,01/07/2025,10:14:17,3075.84,0,0,0,0,0,0
INTECO.BSE_IDX,01/07/2025,10:14:25,3075.82,0,0,0,0,0,0
INTECO.BSE_IDX,01/07/2025,10:14:33,3076.09,0,0,0,0,0,0
INTECO.BSE_IDX,01/07/2025,10:14:41,3076.12,0,0,0,0,0,0
INTECO.BSE_IDX,01/07/2025,10:14:49,3075.45,0,0,0,0,0,0
INTECO.BSE_IDX,01/07/2025,10:14:57,3075.6,0,0,0,0,0,0
INTECO.BSE_IDX,01/07/2025,10:15:05,3074.55,0,0,0,0,0,0
INTECO.BSE_IDX,01/07/2025,10:15:13,3074.33,0,0,0,0,0,0
INTECO.BSE_IDX,01/07/2025,10:15:21,3074.42,0,0,0,0,0,0
INTECO.BSE_IDX,01/07/2025,10:15:29,3074.11,0,0,0,0,0,0
INTECO.BSE_IDX,01/07/2025,10:15:37,3074.53,0,0,0,0,0,0
INTECO.BSE_IDX,01/07/2025,10:15:45,3074.61,0,0,0,0,0,0
INTECO.BSE_IDX,01/07/2025,10:15:53,3074.22,0,0,0,0,0,0
INTECO.BSE_IDX,01/07/2025,10:16:01,3074.81,0,0,0,0,0,0
INTECO.BSE_IDX,01/07/2025,10:16:09,3075,0,0,0,0,0,0
INTECO.BSE_IDX,01/07/2025,10:16:17,3074.81,0,0,0,0,0,0
INTECO.BSE_IDX,01/07/2025,10:16:25,3075.21,0,0,0,0,0,0
INTECO.BSE_IDX,01/07/2025,10:16:33,3075.19,0,0,0,0,0,0
INTECO.BSE_IDX,01/07/2025,10:16:41,3074.97,0,0,0,0,0,0
INTECO.BSE_IDX,01/07/2025,10:16:49,3075.04,0,0,0,0,0,0
INTECO.BSE_IDX,01/07/2025,10:16:57,3075.29,0,0,0,0,0,0
INTECO.BSE_IDX,01/07/2025,10:17:05,3075.53,0,0,0,0,0,0
INTECO.BSE_IDX,01/07/2025,10:17:13,3075.55,0,0,0,0,0,0
INTECO.BSE_IDX,01/07/2025,10:17:21,3075.3,0,0,0,0,0,0
INTECO.BSE_IDX,01/07/2025,10:17:29,3075.47,0,0,0,0,0,0
INTECO.BSE_IDX,01/07/2025,10:17:37,3075.37,0,0,0,0,0,0
INTECO.BSE_IDX,01/07/2025,10:17:45,3075.93,0,0,0,0,0,0
INTECO.BSE_IDX,01/07/2025,10:17:53,3076.54,0,0,0,0,0,0
INTECO.BSE_IDX,01/07/2025,10:18:01,3077.58,0,0,0,0,0,0
INTECO.BSE_IDX,01/07/2025,10:18:09,3077.74,0,0,0,0,0,0
INTECO.BSE_IDX,01/07/2025,10:18:17,3077.71,0,0,0,0,0,0
INTECO.BSE_IDX,01/07/2025,10:18:25,3077.85,0,0,0,0,0,0
INTECO.BSE_IDX,01/07/2025,10:18:33,3077.58,0,0,0,0,0,0
INTECO.BSE_IDX,01/07/2025,10:18:41,3078.08,0,0,0,0,0,0
INTECO.BSE_IDX,01/07/2025,10:18:49,3078.72,0,0,0,0,0,0
INTECO.BSE_IDX,01/07/2025,10:18:57,3078.76,0,0,0,0,0,0
INTECO.BSE_IDX,01/07/2025,10:19:05,3078.12,0,0,0,0,0,0
INTECO.BSE_IDX,01/07/2025,10:19:13,3078.61,0,0,0,0,0,0
INTECO.BSE_IDX,01/07/2025,10:19:21,3079.17,0,0,0,0,0,0
INTECO.BSE_IDX,01/07/2025,10:19:29,3079.05,0,0,0,0,0,0
INTECO.BSE_IDX,01/07/2025,10:19:37,3078.79,0,0,0,0,0,0
INTECO.BSE_IDX,01/07/2025,10:19:45,3078.38,0,0,0,0,0,0
INTECO.BSE_IDX,01/07/2025,10:19:53,3077.91,0,0,0,0,0,0
INTECO.BSE_IDX,01/07/2025,10:20:01,3077.66,0,0,0,0,0,0
INTECO.BSE_IDX,01/07/2025,10:20:09,3077.83,0,0,0,0,0,0
INTECO.BSE_IDX,01/07/2025,10:20:17,3078.51,0,0,0,0,0,0
INTECO.BSE_IDX,01/07/2025,10:20:25,3078.19,0,0,0,0,0,0
INTECO.BSE_IDX,01/07/2025,10:20:33,3078,0,0,0,0,0,0
INTECO.BSE_IDX,01/07/2025,10:20:41,3077.88,0,0,0,0,0,0
INTECO.BSE_IDX,01/07/2025,10:20:49,3077.58,0,0,0,0,0,0
INTECO.BSE_IDX,01/07/2025,10:20:57,3077.47,0,0,0,0,0,0
INTECO.BSE_IDX,01/07/2025,10:21:05,3077.15,0,0,0,0,0,0
INTECO.BSE_IDX,01/07/2025,10:21:13,3077.18,0,0,0,0,0,0
INTECO.BSE_IDX,01/07/2025,10:21:21,3077.05,0,0,0,0,0,0
INTECO.BSE_IDX,01/07/2025,10:21:29,3076.82,0,0,0,0,0,0
INTECO.BSE_IDX,01/07/2025,10:21:37,3076.22,0,0,0,0,0,0
INTECO.BSE_IDX,01/07/2025,10:21:45,3076.24,0,0,0,0,0,0
INTECO.BSE_IDX,01/07/2025,10:21:53,3076.48,0,0,0,0,0,0
INTECO.BSE_IDX,01/07/2025,10:22:01,3076.54,0,0,0,0,0,0
INTECO.BSE_IDX,01/07/2025,10:22:09,3076.53,0,0,0,0,0,0
INTECO.BSE_IDX,01/07/2025,10:22:17,3076.24,0,0,0,0,0,0
INTECO.BSE_IDX,01/07/2025,10:22:25,3076.24,0,0,0,0,0,0
INTECO.BSE_IDX,01/07/2025,10:22:33,3076,0,0,0,0,0,0
INTECO.BSE_IDX,01/07/2025,10:22:41,3076.3,0,0,0,0,0,0
INTECO.BSE_IDX,01/07/2025,10:22:49,3076.41,0,0,0,0,0,0
INTECO.BSE_IDX,01/07/2025,10:22:57,3076.27,0,0,0,0,0,0
INTECO.BSE_IDX,01/07/2025,10:23:05,3075.73,0,0,0,0,0,0
INTECO.BSE_IDX,01/07/2025,10:23:13,3076.13,0,0,0,0,0,0
INTECO.BSE_IDX,01/07/2025,10:23:21,3075.92,0,0,0,0,0,0
INTECO.BSE_IDX,01/07/2025,10:23:29,3075.75,0,0,0,0,0,0
INTECO.BSE_IDX,01/07/2025,10:23:37,3075.69,0,0,0,0,0,0
INTECO.BSE_IDX,01/07/2025,10:23:45,3075.74,0,0,0,0,0,0
INTECO.BSE_IDX,01/07/2025,10:23:53,3075.73,0,0,0,0,0,0
INTECO.BSE_IDX,01/07/2025,10:24:01,3075.27,0,0,0,0,0,0
INTECO.BSE_IDX,01/07/2025,10:24:09,3075.43,0,0,0,0,0,0
INTECO.BSE_IDX,01/07/2025,10:24:17,3075.47,0,0,0,0,0,0
INTECO.BSE_IDX,01/07/2025,10:24:25,3075.43,0,0,0,0,0,0
INTECO.BSE_IDX,01/07/2025,10:24:33,3075.3,0,0,0,0,0,0
INTECO.BSE_IDX,01/07/2025,10:24:41,3075.32,0,0,0,0,0,0
INTECO.BSE_IDX,01/07/2025,10:24:49,3075.36,0,0,0,0,0,0
INTECO.BSE_IDX,01/07/2025,10:24:57,3075.25,0,0,0,0,0,0
INTECO.BSE_IDX,01/07/2025,10:25:05,3075.34,0,0,0,0,0,0
INTECO.BSE_IDX,01/07/2025,10:25:13,3075.4,0,0,0,0,0,0
INTECO.BSE_IDX,01/07/2025,10:25:21,3075.47,0,0,0,0,0,0
INTECO.BSE_IDX,01/07/2025,10:25:29,3075.38,0,0,0,0,0,0
INTECO.BSE_IDX,01/07/2025,10:25:37,3074.95,0,0,0,0,0,0
INTECO.BSE_IDX,01/07/2025,10:25:45,3075.27,0,0,0,0,0,0
INTECO.BSE_IDX,01/07/2025,10:25:53,3075.3,0,0,0,0,0,0
INTECO.BSE_IDX,01/07/2025,10:26:01,3075.29,0,0,0,0,0,0
INTECO.BSE_IDX,01/07/2025,10:26:09,3075.52,0,0,0,0,0,0
INTECO.BSE_IDX,01/07/2025,10:26:17,3075.59,0,0,0,0,0,0
INTECO.BSE_IDX,01/07/2025,10:26:25,3074.95,0,0,0,0,0,0
INTECO.BSE_IDX,01/07/2025,10:26:33,3075.62,0,0,0,0,0,0
INTECO.BSE_IDX,01/07/2025,10:26:41,3075.52,0,0,0,0,0,0
INTECO.BSE_IDX,01/07/2025,10:26:49,3075.27,0,0,0,0,0,0
INTECO.BSE_IDX,01/07/2025,10:26:57,3075.21,0,0,0,0,0,0
INTECO.BSE_IDX,01/07/2025,10:27:05,3075.21,0,0,0,0,0,0
INTECO.BSE_IDX,01/07/2025,10:27:13,3075.17,0,0,0,0,0,0
INTECO.BSE_IDX,01/07/2025,10:27:21,3075.13,0,0,0,0,0,0
INTECO.BSE_IDX,01/07/2025,10:27:29,3074.78,0,0,0,0,0,0
INTECO.BSE_IDX,01/07/2025,10:27:37,3074.35,0,0,0,0,0,0
INTECO.BSE_IDX,01/07/2025,10:27:45,3073.97,0,0,0,0,0,0
INTECO.BSE_IDX,01/07/2025,10:27:53,3073.81,0,0,0,0,0,0
INTECO.BSE_IDX,01/07/2025,10:28:01,3074.01,0,0,0,0,0,0
INTECO.BSE_IDX,01/07/2025,10:28:09,3074.18,0,0,0,0,0,0
INTECO.BSE_IDX,01/07/2025,10:28:17,3074.16,0,0,0,0,0,0
INTECO.BSE_IDX,01/07/2025,10:28:25,3074.24,0,0,0,0,0,0
INTECO.BSE_IDX,01/07/2025,10:28:33,3074.01,0,0,0,0,0,0
INTECO.BSE_IDX,01/07/2025,10:28:41,3073.93,0,0,0,0,0,0
INTECO.BSE_IDX,01/07/2025,10:28:49,3074.05,0,0,0,0,0,0
INTECO.BSE_IDX,01/07/2025,10:28:57,3074,0,0,0,0,0,0
INTECO.BSE_IDX,01/07/2025,10:29:05,3073.65,0,0,0,0,0,0
INTECO.BSE_IDX,01/07/2025,10:29:13,3073.73,0,0,0,0,0,0
INTECO.BSE_IDX,01/07/2025,10:29:21,3073.13,0,0,0,0,0,0
INTECO.BSE_IDX,01/07/2025,10:29:29,3073.22,0,0,0,0,0,0
INTECO.BSE_IDX,01/07/2025,10:29:37,3073.04,0,0,0,0,0,0
INTECO.BSE_IDX,01/07/2025,10:29:46,3073.26,0,0,0,0,0,0
INTECO.BSE_IDX,01/07/2025,10:29:54,3073.12,0,0,0,0,0,0
INTECO.BSE_IDX,01/07/2025,10:30:01,3073.09,0,0,0,0,0,0
INTECO.BSE_IDX,01/07/2025,10:30:09,3073.66,0,0,0,0,0,0
INTECO.BSE_IDX,01/07/2025,10:30:17,3073.57,0,0,0,0,0,0
INTECO.BSE_IDX,01/07/2025,10:30:25,3073.69,0,0,0,0,0,0
INTECO.BSE_IDX,01/07/2025,10:30:33,3073.65,0,0,0,0,0,0
INTECO.BSE_IDX,01/07/2025,10:30:41,3074.67,0,0,0,0,0,0
INTECO.BSE_IDX,01/07/2025,10:30:49,3074.69,0,0,0,0,0,0
INTECO.BSE_IDX,01/07/2025,10:30:57,3074.49,0,0,0,0,0,0
INTECO.BSE_IDX,01/07/2025,10:31:05,3074.57,0,0,0,0,0,0
INTECO.BSE_IDX,01/07/2025,10:31:13,3074.43,0,0,0,0,0,0
INTECO.BSE_IDX,01/07/2025,10:31:22,3074,0,0,0,0,0,0
INTECO.BSE_IDX,01/07/2025,10:31:29,3074.01,0,0,0,0,0,0
INTECO.BSE_IDX,01/07/2025,10:31:37,3073.55,0,0,0,0,0,0
INTECO.BSE_IDX,01/07/2025,10:31:46,3073.46,0,0,0,0,0,0
INTECO.BSE_IDX,01/07/2025,10:31:53,3073.33,0,0,0,0,0,0
INTECO.BSE_IDX,01/07/2025,10:32:01,3073.59,0,0,0,0,0,0
INTECO.BSE_IDX,01/07/2025,10:32:10,3073.77,0,0,0,0,0,0
INTECO.BSE_IDX,01/07/2025,10:32:17,3074.06,0,0,0,0,0,0
INTECO.BSE_IDX,01/07/2025,10:32:25,3074.17,0,0,0,0,0,0
INTECO.BSE_IDX,01/07/2025,10:32:33,3074.01,0,0,0,0,0,0
INTECO.BSE_IDX,01/07/2025,10:32:41,3073.92,0,0,0,0,0,0
INTECO.BSE_IDX,01/07/2025,10:32:49,3074.05,0,0,0,0,0,0
INTECO.BSE_IDX,01/07/2025,10:32:57,3074.65,0,0,0,0,0,0
INTECO.BSE_IDX,01/07/2025,10:33:06,3074.54,0,0,0,0,0,0
INTECO.BSE_IDX,01/07/2025,10:33:13,3074.62,0,0,0,0,0,0
INTECO.BSE_IDX,01/07/2025,10:33:22,3074.28,0,0,0,0,0,0
INTECO.BSE_IDX,01/07/2025,10:33:29,3074.11,0,0,0,0,0,0
INTECO.BSE_IDX,01/07/2025,10:33:37,3074.62,0,0,0,0,0,0
INTECO.BSE_IDX,01/07/2025,10:33:45,3074.82,0,0,0,0,0,0
INTECO.BSE_IDX,01/07/2025,10:33:53,3074.88,0,0,0,0,0,0
INTECO.BSE_IDX,01/07/2025,10:34:01,3075.01,0,0,0,0,0,0
INTECO.BSE_IDX,01/07/2025,10:34:09,3075.16,0,0,0,0,0,0
INTECO.BSE_IDX,01/07/2025,10:34:17,3075.16,0,0,0,0,0,0
INTECO.BSE_IDX,01/07/2025,10:34:25,3075.05,0,0,0,0,0,0
INTECO.BSE_IDX,01/07/2025,10:34:33,3075.5,0,0,0,0,0,0
INTECO.BSE_IDX,01/07/2025,10:34:41,3075.71,0,0,0,0,0,0
INTECO.BSE_IDX,01/07/2025,10:34:49,3075.41,0,0,0,0,0,0
INTECO.BSE_IDX,01/07/2025,10:34:58,3075.3,0,0,0,0,0,0
INTECO.BSE_IDX,01/07/2025,10:35:06,3075.48,0,0,0,0,0,0
INTECO.BSE_IDX,01/07/2025,10:35:14,3075.68,0,0,0,0,0,0
INTECO.BSE_IDX,01/07/2025,10:35:21,3075.63,0,0,0,0,0,0
INTECO.BSE_IDX,01/07/2025,10:35:29,3075.53,0,0,0,0,0,0
INTECO.BSE_IDX,01/07/2025,10:35:37,3075.75,0,0,0,0,0,0
INTECO.BSE_IDX,01/07/2025,10:35:45,3075.55,0,0,0,0,0,0
INTECO.BSE_IDX,01/07/2025,10:35:54,3075.41,0,0,0,0,0,0
INTECO.BSE_IDX,01/07/2025,10:36:02,3075.33,0,0,0,0,0,0
INTECO.BSE_IDX,01/07/2025,10:36:10,3075.42,0,0,0,0,0,0
INTECO.BSE_IDX,01/07/2025,10:36:18,3075.39,0,0,0,0,0,0
INTECO.BSE_IDX,01/07/2025,10:36:25,3075.63,0,0,0,0,0,0
INTECO.BSE_IDX,01/07/2025,10:36:34,3075.48,0,0,0,0,0,0
INTECO.BSE_IDX,01/07/2025,10:36:42,3075.53,0,0,0,0,0,0
INTECO.BSE_IDX,01/07/2025,10:36:49,3075.86,0,0,0,0,0,0
INTECO.BSE_IDX,01/07/2025,10:36:58,3075.97,0,0,0,0,0,0
INTECO.BSE_IDX,01/07/2025,10:37:06,3075.92,0,0,0,0,0,0
INTECO.BSE_IDX,01/07/2025,10:37:14,3075.59,0,0,0,0,0,0
INTECO.BSE_IDX,01/07/2025,10:37:22,3075.66,0,0,0,0,0,0
INTECO.BSE_IDX,01/07/2025,10:37:30,3075.65,0,0,0,0,0,0
INTECO.BSE_IDX,01/07/2025,10:37:38,3075.45,0,0,0,0,0,0
INTECO.BSE_IDX,01/07/2025,10:37:46,3075.44,0,0,0,0,0,0
INTECO.BSE_IDX,01/07/2025,10:37:54,3075.32,0,0,0,0,0,0
INTECO.BSE_IDX,01/07/2025,10:38:02,3075.33,0,0,0,0,0,0
INTECO.BSE_IDX,01/07/2025,10:38:10,3075.01,0,0,0,0,0,0
INTECO.BSE_IDX,01/07/2025,10:38:18,3075.2,0,0,0,0,0,0
INTECO.BSE_IDX,01/07/2025,10:38:26,3074.79,0,0,0,0,0,0
INTECO.BSE_IDX,01/07/2025,10:38:34,3074.25,0,0,0,0,0,0
INTECO.BSE_IDX,01/07/2025,10:38:42,3074.61,0,0,0,0,0,0
INTECO.BSE_IDX,01/07/2025,10:38:50,3074.74,0,0,0,0,0,0
INTECO.BSE_IDX,01/07/2025,10:38:58,3074.73,0,0,0,0,0,0
INTECO.BSE_IDX,01/07/2025,10:39:06,3075.15,0,0,0,0,0,0
INTECO.BSE_IDX,01/07/2025,10:39:14,3075.91,0,0,0,0,0,0
INTECO.BSE_IDX,01/07/2025,10:39:22,3076.17,0,0,0,0,0,0
INTECO.BSE_IDX,01/07/2025,10:39:30,3075.85,0,0,0,0,0,0
INTECO.BSE_IDX,01/07/2025,10:39:38,3075.85,0,0,0,0,0,0
INTECO.BSE_IDX,01/07/2025,10:39:46,3076.33,0,0,0,0,0,0
INTECO.BSE_IDX,01/07/2025,10:39:54,3076.29,0,0,0,0,0,0
INTECO.BSE_IDX,01/07/2025,10:40:02,3076.46,0,0,0,0,0,0
INTECO.BSE_IDX,01/07/2025,10:40:10,3076.27,0,0,0,0,0,0
INTECO.BSE_IDX,01/07/2025,10:40:18,3076.21,0,0,0,0,0,0
INTECO.BSE_IDX,01/07/2025,10:40:26,3076.21,0,0,0,0,0,0
INTECO.BSE_IDX,01/07/2025,10:40:34,3075.94,0,0,0,0,0,0
INTECO.BSE_IDX,01/07/2025,10:40:42,3075.93,0,0,0,0,0,0
INTECO.BSE_IDX,01/07/2025,10:40:50,3075.97,0,0,0,0,0,0
INTECO.BSE_IDX,01/07/2025,10:40:58,3076.16,0,0,0,0,0,0
INTECO.BSE_IDX,01/07/2025,10:41:06,3075.41,0,0,0,0,0,0
INTECO.BSE_IDX,01/07/2025,10:41:14,3075.19,0,0,0,0,0,0
INTECO.BSE_IDX,01/07/2025,10:41:22,3075.58,0,0,0,0,0,0
INTECO.BSE_IDX,01/07/2025,10:41:30,3075.34,0,0,0,0,0,0
INTECO.BSE_IDX,01/07/2025,10:41:38,3075.74,0,0,0,0,0,0
INTECO.BSE_IDX,01/07/2025,10:41:46,3075.49,0,0,0,0,0,0
INTECO.BSE_IDX,01/07/2025,10:41:54,3075.78,0,0,0,0,0,0
INTECO.BSE_IDX,01/07/2025,10:42:02,3075.93,0,0,0,0,0,0
INTECO.BSE_IDX,01/07/2025,10:42:10,3075.78,0,0,0,0,0,0
INTECO.BSE_IDX,01/07/2025,10:42:18,3076.55,0,0,0,0,0,0
INTECO.BSE_IDX,01/07/2025,10:42:26,3076.36,0,0,0,0,0,0
INTECO.BSE_IDX,01/07/2025,10:42:34,3076.42,0,0,0,0,0,0
INTECO.BSE_IDX,01/07/2025,10:42:42,3076.18,0,0,0,0,0,0
INTECO.BSE_IDX,01/07/2025,10:42:50,3075.94,0,0,0,0,0,0
INTECO.BSE_IDX,01/07/2025,10:42:58,3075.77,0,0,0,0,0,0
INTECO.BSE_IDX,01/07/2025,10:43:06,3076.03,0,0,0,0,0,0
INTECO.BSE_IDX,01/07/2025,10:43:14,3075.68,0,0,0,0,0,0
INTECO.BSE_IDX,01/07/2025,10:43:22,3075.58,0,0,0,0,0,0
INTECO.BSE_IDX,01/07/2025,10:43:30,3075.72,0,0,0,0,0,0
INTECO.BSE_IDX,01/07/2025,10:43:38,3075.62,0,0,0,0,0,0
INTECO.BSE_IDX,01/07/2025,10:43:46,3075.42,0,0,0,0,0,0
INTECO.BSE_IDX,01/07/2025,10:43:54,3075.26,0,0,0,0,0,0
INTECO.BSE_IDX,01/07/2025,10:44:02,3075.61,0,0,0,0,0,0
INTECO.BSE_IDX,01/07/2025,10:44:10,3075.3,0,0,0,0,0,0
INTECO.BSE_IDX,01/07/2025,10:44:18,3075.45,0,0,0,0,0,0
INTECO.BSE_IDX,01/07/2025,10:44:26,3075.52,0,0,0,0,0,0
INTECO.BSE_IDX,01/07/2025,10:44:34,3075.46,0,0,0,0,0,0
INTECO.BSE_IDX,01/07/2025,10:44:42,3075.15,0,0,0,0,0,0
INTECO.BSE_IDX,01/07/2025,10:44:50,3075.22,0,0,0,0,0,0
INTECO.BSE_IDX,01/07/2025,10:44:58,3075.14,0,0,0,0,0,0
INTECO.BSE_IDX,01/07/2025,10:45:07,3075.06,0,0,0,0,0,0
INTECO.BSE_IDX,01/07/2025,10:45:14,3074.73,0,0,0,0,0,0
INTECO.BSE_IDX,01/07/2025,10:45:22,3074.47,0,0,0,0,0,0
INTECO.BSE_IDX,01/07/2025,10:45:30,3074.5,0,0,0,0,0,0
INTECO.BSE_IDX,01/07/2025,10:45:38,3074.54,0,0,0,0,0,0
INTECO.BSE_IDX,01/07/2025,10:45:46,3074.62,0,0,0,0,0,0
INTECO.BSE_IDX,01/07/2025,10:45:54,3074.48,0,0,0,0,0,0
INTECO.BSE_IDX,01/07/2025,10:46:02,3074.09,0,0,0,0,0,0
INTECO.BSE_IDX,01/07/2025,10:46:10,3074.31,0,0,0,0,0,0
INTECO.BSE_IDX,01/07/2025,10:46:18,3073.94,0,0,0,0,0,0
INTECO.BSE_IDX,01/07/2025,10:46:26,3073.34,0,0,0,0,0,0
INTECO.BSE_IDX,01/07/2025,10:46:34,3073.47,0,0,0,0,0,0
INTECO.BSE_IDX,01/07/2025,10:46:42,3074.4,0,0,0,0,0,0
INTECO.BSE_IDX,01/07/2025,10:46:50,3074.62,0,0,0,0,0,0
INTECO.BSE_IDX,01/07/2025,10:46:58,3074.44,0,0,0,0,0,0
INTECO.BSE_IDX,01/07/2025,10:47:06,3074.61,0,0,0,0,0,0
INTECO.BSE_IDX,01/07/2025,10:47:14,3074.69,0,0,0,0,0,0
INTECO.BSE_IDX,01/07/2025,10:47:22,3074.77,0,0,0,0,0,0
INTECO.BSE_IDX,01/07/2025,10:47:30,3074.5,0,0,0,0,0,0
INTECO.BSE_IDX,01/07/2025,10:47:38,3074.75,0,0,0,0,0,0
INTECO.BSE_IDX,01/07/2025,10:47:46,3074.7,0,0,0,0,0,0
INTECO.BSE_IDX,01/07/2025,10:47:54,3074.98,0,0,0,0,0,0
INTECO.BSE_IDX,01/07/2025,10:48:02,3075.05,0,0,0,0,0,0
INTECO.BSE_IDX,01/07/2025,10:48:10,3075.16,0,0,0,0,0,0
INTECO.BSE_IDX,01/07/2025,10:48:18,3075.2,0,0,0,0,0,0
INTECO.BSE_IDX,01/07/2025,10:48:26,3075.4,0,0,0,0,0,0
INTECO.BSE_IDX,01/07/2025,10:48:34,3075.56,0,0,0,0,0,0
INTECO.BSE_IDX,01/07/2025,10:48:42,3075.09,0,0,0,0,0,0
INTECO.BSE_IDX,01/07/2025,10:48:50,3075.02,0,0,0,0,0,0
INTECO.BSE_IDX,01/07/2025,10:48:58,3075.16,0,0,0,0,0,0
INTECO.BSE_IDX,01/07/2025,10:49:06,3074.87,0,0,0,0,0,0
INTECO.BSE_IDX,01/07/2025,10:49:14,3074.6,0,0,0,0,0,0
INTECO.BSE_IDX,01/07/2025,10:49:22,3074.51,0,0,0,0,0,0
INTECO.BSE_IDX,01/07/2025,10:49:30,3074.39,0,0,0,0,0,0
INTECO.BSE_IDX,01/07/2025,10:49:38,3074.49,0,0,0,0,0,0
INTECO.BSE_IDX,01/07/2025,10:49:46,3074.7,0,0,0,0,0,0
INTECO.BSE_IDX,01/07/2025,10:49:54,3074.33,0,0,0,0,0,0
INTECO.BSE_IDX,01/07/2025,10:50:02,3074.8,0,0,0,0,0,0
INTECO.BSE_IDX,01/07/2025,10:50:10,3074.48,0,0,0,0,0,0
INTECO.BSE_IDX,01/07/2025,10:50:18,3074.02,0,0,0,0,0,0
INTECO.BSE_IDX,01/07/2025,10:50:26,3074.01,0,0,0,0,0,0
INTECO.BSE_IDX,01/07/2025,10:50:34,3073.7,0,0,0,0,0,0
INTECO.BSE_IDX,01/07/2025,10:50:42,3073.85,0,0,0,0,0,0
INTECO.BSE_IDX,01/07/2025,10:50:50,3073.91,0,0,0,0,0,0
INTECO.BSE_IDX,01/07/2025,10:50:58,3073.92,0,0,0,0,0,0
INTECO.BSE_IDX,01/07/2025,10:51:06,3074.15,0,0,0,0,0,0
INTECO.BSE_IDX,01/07/2025,10:51:14,3074.15,0,0,0,0,0,0
INTECO.BSE_IDX,01/07/2025,10:51:22,3074.27,0,0,0,0,0,0
INTECO.BSE_IDX,01/07/2025,10:51:30,3074.51,0,0,0,0,0,0
INTECO.BSE_IDX,01/07/2025,10:51:38,3074.25,0,0,0,0,0,0
INTECO.BSE_IDX,01/07/2025,10:51:46,3074.3,0,0,0,0,0,0
INTECO.BSE_IDX,01/07/2025,10:51:54,3074.14,0,0,0,0,0,0
INTECO.BSE_IDX,01/07/2025,10:52:02,3074.04,0,0,0,0,0,0
INTECO.BSE_IDX,01/07/2025,10:52:10,3073.91,0,0,0,0,0,0
INTECO.BSE_IDX,01/07/2025,10:52:18,3073.92,0,0,0,0,0,0
INTECO.BSE_IDX,01/07/2025,10:52:26,3073.93,0,0,0,0,0,0
INTECO.BSE_IDX,01/07/2025,10:52:34,3073.76,0,0,0,0,0,0
INTECO.BSE_IDX,01/07/2025,10:52:43,3072.96,0,0,0,0,0,0
INTECO.BSE_IDX,01/07/2025,10:52:50,3072.8,0,0,0,0,0,0
INTECO.BSE_IDX,01/07/2025,10:52:58,3072.66,0,0,0,0,0,0
INTECO.BSE_IDX,01/07/2025,10:53:06,3072.56,0,0,0,0,0,0
INTECO.BSE_IDX,01/07/2025,10:53:14,3072.58,0,0,0,0,0,0
INTECO.BSE_IDX,01/07/2025,10:53:22,3072.28,0,0,0,0,0,0
INTECO.BSE_IDX,01/07/2025,10:53:30,3072.29,0,0,0,0,0,0
INTECO.BSE_IDX,01/07/2025,10:53:38,3072.11,0,0,0,0,0,0
INTECO.BSE_IDX,01/07/2025,10:53:46,3072.79,0,0,0,0,0,0
INTECO.BSE_IDX,01/07/2025,10:53:54,3072.61,0,0,0,0,0,0
INTECO.BSE_IDX,01/07/2025,10:54:02,3072.68,0,0,0,0,0,0
INTECO.BSE_IDX,01/07/2025,10:54:10,3073.06,0,0,0,0,0,0
INTECO.BSE_IDX,01/07/2025,10:54:18,3073.22,0,0,0,0,0,0
INTECO.BSE_IDX,01/07/2025,10:54:26,3072.98,0,0,0,0,0,0
INTECO.BSE_IDX,01/07/2025,10:54:34,3072.92,0,0,0,0,0,0
INTECO.BSE_IDX,01/07/2025,10:54:42,3072.71,0,0,0,0,0,0
INTECO.BSE_IDX,01/07/2025,10:54:51,3072.82,0,0,0,0,0,0
INTECO.BSE_IDX,01/07/2025,10:54:58,3073.01,0,0,0,0,0,0
INTECO.BSE_IDX,01/07/2025,10:55:06,3072.64,0,0,0,0,0,0
INTECO.BSE_IDX,01/07/2025,10:55:14,3072.58,0,0,0,0,0,0
INTECO.BSE_IDX,01/07/2025,10:55:22,3072.59,0,0,0,0,0,0
INTECO.BSE_IDX,01/07/2025,10:55:30,3072.6,0,0,0,0,0,0
INTECO.BSE_IDX,01/07/2025,10:55:38,3072.77,0,0,0,0,0,0
INTECO.BSE_IDX,01/07/2025,10:55:46,3072.69,0,0,0,0,0,0
INTECO.BSE_IDX,01/07/2025,10:55:54,3072.35,0,0,0,0,0,0
INTECO.BSE_IDX,01/07/2025,10:56:02,3072.16,0,0,0,0,0,0
INTECO.BSE_IDX,01/07/2025,10:56:10,3071.96,0,0,0,0,0,0
INTECO.BSE_IDX,01/07/2025,10:56:18,3072.32,0,0,0,0,0,0
INTECO.BSE_IDX,01/07/2025,10:56:26,3072.32,0,0,0,0,0,0
INTECO.BSE_IDX,01/07/2025,10:56:34,3072.29,0,0,0,0,0,0
INTECO.BSE_IDX,01/07/2025,10:56:42,3072.32,0,0,0,0,0,0
INTECO.BSE_IDX,01/07/2025,10:56:50,3072.21,0,0,0,0,0,0
INTECO.BSE_IDX,01/07/2025,10:56:58,3071.3,0,0,0,0,0,0
INTECO.BSE_IDX,01/07/2025,10:57:06,3070.47,0,0,0,0,0,0
INTECO.BSE_IDX,01/07/2025,10:57:14,3070.48,0,0,0,0,0,0
INTECO.BSE_IDX,01/07/2025,10:57:22,3070.31,0,0,0,0,0,0
INTECO.BSE_IDX,01/07/2025,10:57:30,3070.59,0,0,0,0,0,0
INTECO.BSE_IDX,01/07/2025,10:57:39,3070.69,0,0,0,0,0,0
INTECO.BSE_IDX,01/07/2025,10:57:46,3070.74,0,0,0,0,0,0
INTECO.BSE_IDX,01/07/2025,10:57:54,3071.12,0,0,0,0,0,0
INTECO.BSE_IDX,01/07/2025,10:58:02,3071.46,0,0,0,0,0,0
INTECO.BSE_IDX,01/07/2025,10:58:10,3071.89,0,0,0,0,0,0
INTECO.BSE_IDX,01/07/2025,10:58:18,3071.86,0,0,0,0,0,0
INTECO.BSE_IDX,01/07/2025,10:58:26,3071.76,0,0,0,0,0,0
INTECO.BSE_IDX,01/07/2025,10:58:34,3071.95,0,0,0,0,0,0
INTECO.BSE_IDX,01/07/2025,10:58:42,3072.02,0,0,0,0,0,0
INTECO.BSE_IDX,01/07/2025,10:58:50,3071.92,0,0,0,0,0,0
INTECO.BSE_IDX,01/07/2025,10:58:58,3071.85,0,0,0,0,0,0
INTECO.BSE_IDX,01/07/2025,10:59:06,3071.52,0,0,0,0,0,0
INTECO.BSE_IDX,01/07/2025,10:59:14,3071.41,0,0,0,0,0,0
INTECO.BSE_IDX,01/07/2025,10:59:22,3071.42,0,0,0,0,0,0
INTECO.BSE_IDX,01/07/2025,10:59:30,3071.5,0,0,0,0,0,0
INTECO.BSE_IDX,01/07/2025,10:59:38,3071.21,0,0,0,0,0,0
INTECO.BSE_IDX,01/07/2025,10:59:47,3071.45,0,0,0,0,0,0
INTECO.BSE_IDX,01/07/2025,10:59:55,3071.22,0,0,0,0,0,0
INTECO.BSE_IDX,01/07/2025,11:00:03,3071.49,0,0,0,0,0,0
INTECO.BSE_IDX,01/07/2025,11:00:11,3071.71,0,0,0,0,0,0
INTECO.BSE_IDX,01/07/2025,11:00:18,3071.73,0,0,0,0,0,0
INTECO.BSE_IDX,01/07/2025,11:00:26,3072.06,0,0,0,0,0,0
INTECO.BSE_IDX,01/07/2025,11:00:34,3071.58,0,0,0,0,0,0
INTECO.BSE_IDX,01/07/2025,11:00:42,3071.25,0,0,0,0,0,0
INTECO.BSE_IDX,01/07/2025,11:00:50,3071.59,0,0,0,0,0,0
INTECO.BSE_IDX,01/07/2025,11:00:58,3071.8,0,0,0,0,0,0
INTECO.BSE_IDX,01/07/2025,11:01:06,3071.86,0,0,0,0,0,0
INTECO.BSE_IDX,01/07/2025,11:01:15,3071.57,0,0,0,0,0,0
INTECO.BSE_IDX,01/07/2025,11:01:22,3071.47,0,0,0,0,0,0
INTECO.BSE_IDX,01/07/2025,11:01:30,3071.61,0,0,0,0,0,0
INTECO.BSE_IDX,01/07/2025,11:01:38,3071.35,0,0,0,0,0,0
INTECO.BSE_IDX,01/07/2025,11:01:46,3071.67,0,0,0,0,0,0
INTECO.BSE_IDX,01/07/2025,11:01:54,3071.86,0,0,0,0,0,0
INTECO.BSE_IDX,01/07/2025,11:02:02,3071.87,0,0,0,0,0,0
INTECO.BSE_IDX,01/07/2025,11:02:10,3071.76,0,0,0,0,0,0
INTECO.BSE_IDX,01/07/2025,11:02:18,3071.82,0,0,0,0,0,0
INTECO.BSE_IDX,01/07/2025,11:02:27,3071.81,0,0,0,0,0,0
INTECO.BSE_IDX,01/07/2025,11:02:34,3071.63,0,0,0,0,0,0
INTECO.BSE_IDX,01/07/2025,11:02:42,3071.7,0,0,0,0,0,0
INTECO.BSE_IDX,01/07/2025,11:02:51,3071.46,0,0,0,0,0,0
INTECO.BSE_IDX,01/07/2025,11:02:58,3071.21,0,0,0,0,0,0
INTECO.BSE_IDX,01/07/2025,11:03:06,3071.11,0,0,0,0,0,0
INTECO.BSE_IDX,01/07/2025,11:03:14,3071.34,0,0,0,0,0,0
INTECO.BSE_IDX,01/07/2025,11:03:22,3070.74,0,0,0,0,0,0
INTECO.BSE_IDX,01/07/2025,11:03:31,3070.7,0,0,0,0,0,0
INTECO.BSE_IDX,01/07/2025,11:03:38,3070.85,0,0,0,0,0,0
INTECO.BSE_IDX,01/07/2025,11:03:46,3070.93,0,0,0,0,0,0
INTECO.BSE_IDX,01/07/2025,11:03:54,3071,0,0,0,0,0,0
INTECO.BSE_IDX,01/07/2025,11:04:02,3071.18,0,0,0,0,0,0
INTECO.BSE_IDX,01/07/2025,11:04:10,3071.02,0,0,0,0,0,0
INTECO.BSE_IDX,01/07/2025,11:04:18,3070.48,0,0,0,0,0,0
INTECO.BSE_IDX,01/07/2025,11:04:27,3070.98,0,0,0,0,0,0
INTECO.BSE_IDX,01/07/2025,11:04:34,3070.63,0,0,0,0,0,0
INTECO.BSE_IDX,01/07/2025,11:04:42,3070.6,0,0,0,0,0,0
INTECO.BSE_IDX,01/07/2025,11:04:51,3070.6,0,0,0,0,0,0
INTECO.BSE_IDX,01/07/2025,11:04:58,3070.72,0,0,0,0,0,0
INTECO.BSE_IDX,01/07/2025,11:05:06,3070.67,0,0,0,0,0,0
INTECO.BSE_IDX,01/07/2025,11:05:14,3071.15,0,0,0,0,0,0
INTECO.BSE_IDX,01/07/2025,11:05:22,3071.18,0,0,0,0,0,0
INTECO.BSE_IDX,01/07/2025,11:05:31,3071.55,0,0,0,0,0,0
INTECO.BSE_IDX,01/07/2025,11:05:39,3071.8,0,0,0,0,0,0
INTECO.BSE_IDX,01/07/2025,11:05:46,3071.79,0,0,0,0,0,0
INTECO.BSE_IDX,01/07/2025,11:05:54,3071.96,0,0,0,0,0,0
INTECO.BSE_IDX,01/07/2025,11:06:03,3072.23,0,0,0,0,0,0
INTECO.BSE_IDX,01/07/2025,11:06:11,3072.15,0,0,0,0,0,0
INTECO.BSE_IDX,01/07/2025,11:06:19,3072.02,0,0,0,0,0,0
INTECO.BSE_IDX,01/07/2025,11:06:27,3072.31,0,0,0,0,0,0
INTECO.BSE_IDX,01/07/2025,11:06:34,3072.57,0,0,0,0,0,0
INTECO.BSE_IDX,01/07/2025,11:06:43,3072.38,0,0,0,0,0,0
INTECO.BSE_IDX,01/07/2025,11:06:51,3072.32,0,0,0,0,0,0
INTECO.BSE_IDX,01/07/2025,11:06:58,3072.37,0,0,0,0,0,0
INTECO.BSE_IDX,01/07/2025,11:07:06,3072.42,0,0,0,0,0,0
INTECO.BSE_IDX,01/07/2025,11:07:15,3072.74,0,0,0,0,0,0
INTECO.BSE_IDX,01/07/2025,11:07:22,3072.8,0,0,0,0,0,0
INTECO.BSE_IDX,01/07/2025,11:07:31,3072.63,0,0,0,0,0,0
INTECO.BSE_IDX,01/07/2025,11:07:39,3072.61,0,0,0,0,0,0
INTECO.BSE_IDX,01/07/2025,11:07:46,3073.1,0,0,0,0,0,0
INTECO.BSE_IDX,01/07/2025,11:07:55,3072.98,0,0,0,0,0,0
INTECO.BSE_IDX,01/07/2025,11:08:02,3073.1,0,0,0,0,0,0
INTECO.BSE_IDX,01/07/2025,11:08:11,3073.46,0,0,0,0,0,0
INTECO.BSE_IDX,01/07/2025,11:08:18,3073.38,0,0,0,0,0,0
INTECO.BSE_IDX,01/07/2025,11:08:27,3073.73,0,0,0,0,0,0
INTECO.BSE_IDX,01/07/2025,11:08:35,3073.79,0,0,0,0,0,0
INTECO.BSE_IDX,01/07/2025,11:08:43,3073.88,0,0,0,0,0,0
INTECO.BSE_IDX,01/07/2025,11:08:51,3074.07,0,0,0,0,0,0
INTECO.BSE_IDX,01/07/2025,11:08:58,3074.2,0,0,0,0,0,0
INTECO.BSE_IDX,01/07/2025,11:09:07,3074.33,0,0,0,0,0,0
INTECO.BSE_IDX,01/07/2025,11:09:15,3074.39,0,0,0,0,0,0
INTECO.BSE_IDX,01/07/2025,11:09:23,3073.9,0,0,0,0,0,0
INTECO.BSE_IDX,01/07/2025,11:09:31,3073.64,0,0,0,0,0,0
INTECO.BSE_IDX,01/07/2025,11:09:39,3073.51,0,0,0,0,0,0
INTECO.BSE_IDX,01/07/2025,11:09:47,3073.48,0,0,0,0,0,0
INTECO.BSE_IDX,01/07/2025,11:09:55,3073.72,0,0,0,0,0,0
INTECO.BSE_IDX,01/07/2025,11:10:03,3073.66,0,0,0,0,0,0
INTECO.BSE_IDX,01/07/2025,11:10:11,3074,0,0,0,0,0,0
INTECO.BSE_IDX,01/07/2025,11:10:19,3074.03,0,0,0,0,0,0
INTECO.BSE_IDX,01/07/2025,11:10:27,3074.18,0,0,0,0,0,0
INTECO.BSE_IDX,01/07/2025,11:10:35,3074.29,0,0,0,0,0,0
INTECO.BSE_IDX,01/07/2025,11:10:43,3074.32,0,0,0,0,0,0
INTECO.BSE_IDX,01/07/2025,11:10:51,3074.39,0,0,0,0,0,0
INTECO.BSE_IDX,01/07/2025,11:10:59,3074.42,0,0,0,0,0,0
INTECO.BSE_IDX,01/07/2025,11:11:07,3074.57,0,0,0,0,0,0
INTECO.BSE_IDX,01/07/2025,11:11:15,3074.59,0,0,0,0,0,0
INTECO.BSE_IDX,01/07/2025,11:11:23,3074.38,0,0,0,0,0,0
INTECO.BSE_IDX,01/07/2025,11:11:31,3074.83,0,0,0,0,0,0
INTECO.BSE_IDX,01/07/2025,11:11:39,3075.31,0,0,0,0,0,0
INTECO.BSE_IDX,01/07/2025,11:11:47,3075.31,0,0,0,0,0,0
INTECO.BSE_IDX,01/07/2025,11:11:55,3075.46,0,0,0,0,0,0
INTECO.BSE_IDX,01/07/2025,11:12:03,3075.96,0,0,0,0,0,0
INTECO.BSE_IDX,01/07/2025,11:12:11,3075.96,0,0,0,0,0,0
INTECO.BSE_IDX,01/07/2025,11:12:19,3075.4,0,0,0,0,0,0
INTECO.BSE_IDX,01/07/2025,11:12:27,3075.38,0,0,0,0,0,0
INTECO.BSE_IDX,01/07/2025,11:12:35,3075.26,0,0,0,0,0,0
INTECO.BSE_IDX,01/07/2025,11:12:43,3074.82,0,0,0,0,0,0
INTECO.BSE_IDX,01/07/2025,11:12:51,3074.9,0,0,0,0,0,0
INTECO.BSE_IDX,01/07/2025,11:12:59,3074.84,0,0,0,0,0,0
INTECO.BSE_IDX,01/07/2025,11:13:07,3074.95,0,0,0,0,0,0
INTECO.BSE_IDX,01/07/2025,11:13:16,3075,0,0,0,0,0,0
INTECO.BSE_IDX,01/07/2025,11:13:23,3074.9,0,0,0,0,0,0
INTECO.BSE_IDX,01/07/2025,11:13:31,3075.12,0,0,0,0,0,0
INTECO.BSE_IDX,01/07/2025,11:13:39,3074.62,0,0,0,0,0,0
INTECO.BSE_IDX,01/07/2025,11:13:47,3074.56,0,0,0,0,0,0
INTECO.BSE_IDX,01/07/2025,11:13:55,3073.93,0,0,0,0,0,0
INTECO.BSE_IDX,01/07/2025,11:14:03,3073.95,0,0,0,0,0,0
INTECO.BSE_IDX,01/07/2025,11:14:11,3074.08,0,0,0,0,0,0
INTECO.BSE_IDX,01/07/2025,11:14:19,3074.07,0,0,0,0,0,0
INTECO.BSE_IDX,01/07/2025,11:14:27,3074.15,0,0,0,0,0,0
INTECO.BSE_IDX,01/07/2025,11:14:35,3074.07,0,0,0,0,0,0
INTECO.BSE_IDX,01/07/2025,11:14:43,3074.07,0,0,0,0,0,0
INTECO.BSE_IDX,01/07/2025,11:14:51,3074.12,0,0,0,0,0,0
INTECO.BSE_IDX,01/07/2025,11:14:59,3074.39,0,0,0,0,0,0
INTECO.BSE_IDX,01/07/2025,11:15:07,3073.82,0,0,0,0,0,0
INTECO.BSE_IDX,01/07/2025,11:15:15,3073.76,0,0,0,0,0,0
INTECO.BSE_IDX,01/07/2025,11:15:23,3074.33,0,0,0,0,0,0
INTECO.BSE_IDX,01/07/2025,11:15:31,3074.34,0,0,0,0,0,0
INTECO.BSE_IDX,01/07/2025,11:15:39,3074.03,0,0,0,0,0,0
INTECO.BSE_IDX,01/07/2025,11:15:47,3074.02,0,0,0,0,0,0
INTECO.BSE_IDX,01/07/2025,11:15:56,3074.15,0,0,0,0,0,0
INTECO.BSE_IDX,01/07/2025,11:16:03,3074.1,0,0,0,0,0,0
INTECO.BSE_IDX,01/07/2025,11:16:11,3074.1,0,0,0,0,0,0
INTECO.BSE_IDX,01/07/2025,11:16:19,3074.05,0,0,0,0,0,0
INTECO.BSE_IDX,01/07/2025,11:16:27,3073.91,0,0,0,0,0,0
INTECO.BSE_IDX,01/07/2025,11:16:35,3074.02,0,0,0,0,0,0
INTECO.BSE_IDX,01/07/2025,11:16:43,3073.84,0,0,0,0,0,0
INTECO.BSE_IDX,01/07/2025,11:16:51,3073.87,0,0,0,0,0,0
INTECO.BSE_IDX,01/07/2025,11:16:59,3074.03,0,0,0,0,0,0
INTECO.BSE_IDX,01/07/2025,11:17:07,3073.82,0,0,0,0,0,0
INTECO.BSE_IDX,01/07/2025,11:17:15,3073.91,0,0,0,0,0,0
INTECO.BSE_IDX,01/07/2025,11:17:23,3074.51,0,0,0,0,0,0
INTECO.BSE_IDX,01/07/2025,11:17:31,3074.32,0,0,0,0,0,0
INTECO.BSE_IDX,01/07/2025,11:17:39,3074.33,0,0,0,0,0,0
INTECO.BSE_IDX,01/07/2025,11:17:47,3074.49,0,0,0,0,0,0
INTECO.BSE_IDX,01/07/2025,11:17:57,3074.87,0,0,0,0,0,0
INTECO.BSE_IDX,01/07/2025,11:18:03,3075.24,0,0,0,0,0,0
INTECO.BSE_IDX,01/07/2025,11:18:11,3074.72,0,0,0,0,0,0
INTECO.BSE_IDX,01/07/2025,11:18:19,3074.76,0,0,0,0,0,0
INTECO.BSE_IDX,01/07/2025,11:18:27,3075.42,0,0,0,0,0,0
INTECO.BSE_IDX,01/07/2025,11:18:35,3075.45,0,0,0,0,0,0
INTECO.BSE_IDX,01/07/2025,11:18:44,3076.35,0,0,0,0,0,0
INTECO.BSE_IDX,01/07/2025,11:18:51,3076.31,0,0,0,0,0,0
INTECO.BSE_IDX,01/07/2025,11:18:59,3076.08,0,0,0,0,0,0
INTECO.BSE_IDX,01/07/2025,11:19:08,3076.2,0,0,0,0,0,0
INTECO.BSE_IDX,01/07/2025,11:19:15,3075.96,0,0,0,0,0,0
INTECO.BSE_IDX,01/07/2025,11:19:23,3076.01,0,0,0,0,0,0
INTECO.BSE_IDX,01/07/2025,11:19:31,3075.94,0,0,0,0,0,0
INTECO.BSE_IDX,01/07/2025,11:19:39,3075.96,0,0,0,0,0,0
INTECO.BSE_IDX,01/07/2025,11:19:47,3075.87,0,0,0,0,0,0
INTECO.BSE_IDX,01/07/2025,11:19:55,3075.53,0,0,0,0,0,0
INTECO.BSE_IDX,01/07/2025,11:20:03,3075.78,0,0,0,0,0,0
INTECO.BSE_IDX,01/07/2025,11:20:11,3075.45,0,0,0,0,0,0
INTECO.BSE_IDX,01/07/2025,11:20:19,3075.52,0,0,0,0,0,0
INTECO.BSE_IDX,01/07/2025,11:20:27,3075.37,0,0,0,0,0,0
INTECO.BSE_IDX,01/07/2025,11:20:35,3076.04,0,0,0,0,0,0
INTECO.BSE_IDX,01/07/2025,11:20:43,3076.06,0,0,0,0,0,0
INTECO.BSE_IDX,01/07/2025,11:20:51,3076.24,0,0,0,0,0,0
INTECO.BSE_IDX,01/07/2025,11:20:59,3076.19,0,0,0,0,0,0
INTECO.BSE_IDX,01/07/2025,11:21:07,3076.35,0,0,0,0,0,0
INTECO.BSE_IDX,01/07/2025,11:21:15,3076.38,0,0,0,0,0,0
INTECO.BSE_IDX,01/07/2025,11:21:24,3076.38,0,0,0,0,0,0
INTECO.BSE_IDX,01/07/2025,11:21:31,3076.26,0,0,0,0,0,0
INTECO.BSE_IDX,01/07/2025,11:21:39,3076.3,0,0,0,0,0,0
INTECO.BSE_IDX,01/07/2025,11:21:47,3076.07,0,0,0,0,0,0
INTECO.BSE_IDX,01/07/2025,11:21:56,3076.13,0,0,0,0,0,0
INTECO.BSE_IDX,01/07/2025,11:22:03,3076.04,0,0,0,0,0,0
INTECO.BSE_IDX,01/07/2025,11:22:11,3076.13,0,0,0,0,0,0
INTECO.BSE_IDX,01/07/2025,11:22:19,3076.22,0,0,0,0,0,0
INTECO.BSE_IDX,01/07/2025,11:22:28,3076.07,0,0,0,0,0,0
INTECO.BSE_IDX,01/07/2025,11:22:35,3076.19,0,0,0,0,0,0
INTECO.BSE_IDX,01/07/2025,11:22:43,3076.09,0,0,0,0,0,0
INTECO.BSE_IDX,01/07/2025,11:22:51,3076,0,0,0,0,0,0
INTECO.BSE_IDX,01/07/2025,11:22:59,3076.18,0,0,0,0,0,0
INTECO.BSE_IDX,01/07/2025,11:23:07,3076.21,0,0,0,0,0,0
INTECO.BSE_IDX,01/07/2025,11:23:15,3076.31,0,0,0,0,0,0
INTECO.BSE_IDX,01/07/2025,11:23:23,3075.93,0,0,0,0,0,0
INTECO.BSE_IDX,01/07/2025,11:23:31,3075.84,0,0,0,0,0,0
INTECO.BSE_IDX,01/07/2025,11:23:39,3075.39,0,0,0,0,0,0
INTECO.BSE_IDX,01/07/2025,11:23:47,3075.37,0,0,0,0,0,0
INTECO.BSE_IDX,01/07/2025,11:23:55,3075.45,0,0,0,0,0,0
INTECO.BSE_IDX,01/07/2025,11:24:04,3075.7,0,0,0,0,0,0
INTECO.BSE_IDX,01/07/2025,11:24:11,3075.95,0,0,0,0,0,0
INTECO.BSE_IDX,01/07/2025,11:24:19,3075.96,0,0,0,0,0,0
INTECO.BSE_IDX,01/07/2025,11:24:27,3075.78,0,0,0,0,0,0
INTECO.BSE_IDX,01/07/2025,11:24:35,3075.4,0,0,0,0,0,0
INTECO.BSE_IDX,01/07/2025,11:24:43,3075.14,0,0,0,0,0,0
INTECO.BSE_IDX,01/07/2025,11:24:52,3075.03,0,0,0,0,0,0
INTECO.BSE_IDX,01/07/2025,11:25:00,3074.96,0,0,0,0,0,0
INTECO.BSE_IDX,01/07/2025,11:25:07,3075.1,0,0,0,0,0,0
INTECO.BSE_IDX,01/07/2025,11:25:15,3074.76,0,0,0,0,0,0
INTECO.BSE_IDX,01/07/2025,11:25:23,3074.76,0,0,0,0,0,0
INTECO.BSE_IDX,01/07/2025,11:25:31,3074.8,0,0,0,0,0,0
INTECO.BSE_IDX,01/07/2025,11:25:41,3075.38,0,0,0,0,0,0
INTECO.BSE_IDX,01/07/2025,11:25:47,3075.28,0,0,0,0,0,0
INTECO.BSE_IDX,01/07/2025,11:25:55,3075.09,0,0,0,0,0,0
INTECO.BSE_IDX,01/07/2025,11:26:03,3075.33,0,0,0,0,0,0
INTECO.BSE_IDX,01/07/2025,11:26:11,3075.13,0,0,0,0,0,0
INTECO.BSE_IDX,01/07/2025,11:26:19,3075.32,0,0,0,0,0,0
INTECO.BSE_IDX,01/07/2025,11:26:27,3075.31,0,0,0,0,0,0
INTECO.BSE_IDX,01/07/2025,11:26:35,3075.49,0,0,0,0,0,0
INTECO.BSE_IDX,01/07/2025,11:26:43,3075.67,0,0,0,0,0,0
INTECO.BSE_IDX,01/07/2025,11:26:51,3075.7,0,0,0,0,0,0
INTECO.BSE_IDX,01/07/2025,11:26:59,3075.6,0,0,0,0,0,0
INTECO.BSE_IDX,01/07/2025,11:27:07,3075.38,0,0,0,0,0,0
INTECO.BSE_IDX,01/07/2025,11:27:15,3075.36,0,0,0,0,0,0
INTECO.BSE_IDX,01/07/2025,11:27:23,3075.45,0,0,0,0,0,0
INTECO.BSE_IDX,01/07/2025,11:27:31,3075.35,0,0,0,0,0,0
INTECO.BSE_IDX,01/07/2025,11:27:39,3075.54,0,0,0,0,0,0
INTECO.BSE_IDX,01/07/2025,11:27:47,3075.41,0,0,0,0,0,0
INTECO.BSE_IDX,01/07/2025,11:27:55,3075.37,0,0,0,0,0,0
INTECO.BSE_IDX,01/07/2025,11:28:03,3075.28,0,0,0,0,0,0
INTECO.BSE_IDX,01/07/2025,11:28:11,3075.51,0,0,0,0,0,0
INTECO.BSE_IDX,01/07/2025,11:28:19,3075.51,0,0,0,0,0,0
INTECO.BSE_IDX,01/07/2025,11:28:27,3075.77,0,0,0,0,0,0
INTECO.BSE_IDX,01/07/2025,11:28:36,3075.89,0,0,0,0,0,0
INTECO.BSE_IDX,01/07/2025,11:28:43,3076.01,0,0,0,0,0,0
INTECO.BSE_IDX,01/07/2025,11:28:51,3076.04,0,0,0,0,0,0
INTECO.BSE_IDX,01/07/2025,11:28:59,3076.49,0,0,0,0,0,0
INTECO.BSE_IDX,01/07/2025,11:29:07,3076.35,0,0,0,0,0,0
INTECO.BSE_IDX,01/07/2025,11:29:16,3076.18,0,0,0,0,0,0
INTECO.BSE_IDX,01/07/2025,11:29:24,3076.35,0,0,0,0,0,0
INTECO.BSE_IDX,01/07/2025,11:29:31,3076.48,0,0,0,0,0,0
INTECO.BSE_IDX,01/07/2025,11:29:39,3076.53,0,0,0,0,0,0
INTECO.BSE_IDX,01/07/2025,11:29:47,3076.84,0,0,0,0,0,0
INTECO.BSE_IDX,01/07/2025,11:29:55,3076.93,0,0,0,0,0,0
INTECO.BSE_IDX,01/07/2025,11:30:03,3076.54,0,0,0,0,0,0
INTECO.BSE_IDX,01/07/2025,11:30:11,3076.86,0,0,0,0,0,0
INTECO.BSE_IDX,01/07/2025,11:30:19,3076.7,0,0,0,0,0,0
INTECO.BSE_IDX,01/07/2025,11:30:27,3076.6,0,0,0,0,0,0
INTECO.BSE_IDX,01/07/2025,11:30:35,3076.6,0,0,0,0,0,0
INTECO.BSE_IDX,01/07/2025,11:30:43,3076.74,0,0,0,0,0,0
INTECO.BSE_IDX,01/07/2025,11:30:52,3076.89,0,0,0,0,0,0
INTECO.BSE_IDX,01/07/2025,11:30:59,3076.84,0,0,0,0,0,0
INTECO.BSE_IDX,01/07/2025,11:31:07,3076.68,0,0,0,0,0,0
INTECO.BSE_IDX,01/07/2025,11:31:16,3077.06,0,0,0,0,0,0
INTECO.BSE_IDX,01/07/2025,11:31:23,3076.86,0,0,0,0,0,0
INTECO.BSE_IDX,01/07/2025,11:31:31,3076.81,0,0,0,0,0,0
INTECO.BSE_IDX,01/07/2025,11:31:39,3076.8,0,0,0,0,0,0
INTECO.BSE_IDX,01/07/2025,11:31:47,3076.74,0,0,0,0,0,0
INTECO.BSE_IDX,01/07/2025,11:31:55,3076.6,0,0,0,0,0,0
INTECO.BSE_IDX,01/07/2025,11:32:04,3076.88,0,0,0,0,0,0
INTECO.BSE_IDX,01/07/2025,11:32:11,3076.59,0,0,0,0,0,0
INTECO.BSE_IDX,01/07/2025,11:32:19,3076.22,0,0,0,0,0,0
INTECO.BSE_IDX,01/07/2025,11:32:27,3076.13,0,0,0,0,0,0
INTECO.BSE_IDX,01/07/2025,11:32:35,3076.11,0,0,0,0,0,0
INTECO.BSE_IDX,01/07/2025,11:32:43,3076.18,0,0,0,0,0,0
INTECO.BSE_IDX,01/07/2025,11:32:51,3076.09,0,0,0,0,0,0
INTECO.BSE_IDX,01/07/2025,11:32:59,3075.56,0,0,0,0,0,0
INTECO.BSE_IDX,01/07/2025,11:33:07,3075.45,0,0,0,0,0,0
INTECO.BSE_IDX,01/07/2025,11:33:15,3074.99,0,0,0,0,0,0
INTECO.BSE_IDX,01/07/2025,11:33:23,3074.67,0,0,0,0,0,0
INTECO.BSE_IDX,01/07/2025,11:33:31,3074.7,0,0,0,0,0,0
INTECO.BSE_IDX,01/07/2025,11:33:39,3074.5,0,0,0,0,0,0
INTECO.BSE_IDX,01/07/2025,11:33:47,3074.17,0,0,0,0,0,0
INTECO.BSE_IDX,01/07/2025,11:33:55,3074.26,0,0,0,0,0,0
INTECO.BSE_IDX,01/07/2025,11:34:03,3074.49,0,0,0,0,0,0
INTECO.BSE_IDX,01/07/2025,11:34:12,3074.86,0,0,0,0,0,0
INTECO.BSE_IDX,01/07/2025,11:34:19,3074.81,0,0,0,0,0,0
INTECO.BSE_IDX,01/07/2025,11:34:27,3074.74,0,0,0,0,0,0
INTECO.BSE_IDX,01/07/2025,11:34:35,3074.71,0,0,0,0,0,0
INTECO.BSE_IDX,01/07/2025,11:34:43,3074.96,0,0,0,0,0,0
INTECO.BSE_IDX,01/07/2025,11:34:52,3074.83,0,0,0,0,0,0
INTECO.BSE_IDX,01/07/2025,11:35:00,3074.58,0,0,0,0,0,0
INTECO.BSE_IDX,01/07/2025,11:35:07,3073.94,0,0,0,0,0,0
INTECO.BSE_IDX,01/07/2025,11:35:16,3073.45,0,0,0,0,0,0
INTECO.BSE_IDX,01/07/2025,11:35:23,3073.51,0,0,0,0,0,0
INTECO.BSE_IDX,01/07/2025,11:35:32,3074.16,0,0,0,0,0,0
INTECO.BSE_IDX,01/07/2025,11:35:40,3074.42,0,0,0,0,0,0
INTECO.BSE_IDX,01/07/2025,11:35:47,3074.25,0,0,0,0,0,0
INTECO.BSE_IDX,01/07/2025,11:35:55,3074.31,0,0,0,0,0,0
INTECO.BSE_IDX,01/07/2025,11:36:04,3074.81,0,0,0,0,0,0
INTECO.BSE_IDX,01/07/2025,11:36:11,3074.58,0,0,0,0,0,0
INTECO.BSE_IDX,01/07/2025,11:36:20,3074.42,0,0,0,0,0,0
INTECO.BSE_IDX,01/07/2025,11:36:28,3074.68,0,0,0,0,0,0
INTECO.BSE_IDX,01/07/2025,11:36:35,3074.61,0,0,0,0,0,0
INTECO.BSE_IDX,01/07/2025,11:36:44,3074.8,0,0,0,0,0,0
INTECO.BSE_IDX,01/07/2025,11:36:54,3074.43,0,0,0,0,0,0
INTECO.BSE_IDX,01/07/2025,11:36:59,3074.27,0,0,0,0,0,0
INTECO.BSE_IDX,01/07/2025,11:37:08,3074.23,0,0,0,0,0,0
INTECO.BSE_IDX,01/07/2025,11:37:15,3074.23,0,0,0,0,0,0
INTECO.BSE_IDX,01/07/2025,11:37:23,3074.23,0,0,0,0,0,0
INTECO.BSE_IDX,01/07/2025,11:37:32,3074.44,0,0,0,0,0,0
INTECO.BSE_IDX,01/07/2025,11:37:41,3074.52,0,0,0,0,0,0
INTECO.BSE_IDX,01/07/2025,11:37:47,3074.6,0,0,0,0,0,0
INTECO.BSE_IDX,01/07/2025,11:37:55,3074.67,0,0,0,0,0,0
INTECO.BSE_IDX,01/07/2025,11:38:03,3074.54,0,0,0,0,0,0
INTECO.BSE_IDX,01/07/2025,11:38:11,3074.33,0,0,0,0,0,0
INTECO.BSE_IDX,01/07/2025,11:38:20,3074.5,0,0,0,0,0,0
INTECO.BSE_IDX,01/07/2025,11:38:27,3074.37,0,0,0,0,0,0
INTECO.BSE_IDX,01/07/2025,11:38:35,3074.75,0,0,0,0,0,0
INTECO.BSE_IDX,01/07/2025,11:38:43,3074.85,0,0,0,0,0,0
INTECO.BSE_IDX,01/07/2025,11:38:51,3074.86,0,0,0,0,0,0
INTECO.BSE_IDX,01/07/2025,11:38:59,3074.98,0,0,0,0,0,0
INTECO.BSE_IDX,01/07/2025,11:39:07,3074.98,0,0,0,0,0,0
INTECO.BSE_IDX,01/07/2025,11:39:16,3074.8,0,0,0,0,0,0
INTECO.BSE_IDX,01/07/2025,11:39:24,3074.99,0,0,0,0,0,0
INTECO.BSE_IDX,01/07/2025,11:39:31,3074.76,0,0,0,0,0,0
INTECO.BSE_IDX,01/07/2025,11:39:39,3074.92,0,0,0,0,0,0
INTECO.BSE_IDX,01/07/2025,11:39:48,3074.85,0,0,0,0,0,0
INTECO.BSE_IDX,01/07/2025,11:39:55,3074.88,0,0,0,0,0,0
INTECO.BSE_IDX,01/07/2025,11:40:03,3076.13,0,0,0,0,0,0
INTECO.BSE_IDX,01/07/2025,11:40:12,3076.31,0,0,0,0,0,0
INTECO.BSE_IDX,01/07/2025,11:40:20,3076.04,0,0,0,0,0,0
INTECO.BSE_IDX,01/07/2025,11:40:28,3075.95,0,0,0,0,0,0
INTECO.BSE_IDX,01/07/2025,11:40:36,3075.93,0,0,0,0,0,0
INTECO.BSE_IDX,01/07/2025,11:40:44,3075.94,0,0,0,0,0,0
INTECO.BSE_IDX,01/07/2025,11:40:52,3076,0,0,0,0,0,0
INTECO.BSE_IDX,01/07/2025,11:41:00,3076.1,0,0,0,0,0,0
INTECO.BSE_IDX,01/07/2025,11:41:07,3075.65,0,0,0,0,0,0
INTECO.BSE_IDX,01/07/2025,11:41:16,3075.44,0,0,0,0,0,0
INTECO.BSE_IDX,01/07/2025,11:41:24,3075.46,0,0,0,0,0,0
INTECO.BSE_IDX,01/07/2025,11:41:32,3075.29,0,0,0,0,0,0
INTECO.BSE_IDX,01/07/2025,11:41:40,3075.66,0,0,0,0,0,0
INTECO.BSE_IDX,01/07/2025,11:41:48,3075.47,0,0,0,0,0,0
INTECO.BSE_IDX,01/07/2025,11:41:56,3075.75,0,0,0,0,0,0
INTECO.BSE_IDX,01/07/2025,11:42:04,3075.77,0,0,0,0,0,0
INTECO.BSE_IDX,01/07/2025,11:42:12,3075.77,0,0,0,0,0,0
INTECO.BSE_IDX,01/07/2025,11:42:20,3075.87,0,0,0,0,0,0
INTECO.BSE_IDX,01/07/2025,11:42:28,3075.98,0,0,0,0,0,0
INTECO.BSE_IDX,01/07/2025,11:42:36,3076.08,0,0,0,0,0,0
INTECO.BSE_IDX,01/07/2025,11:42:44,3075.85,0,0,0,0,0,0
INTECO.BSE_IDX,01/07/2025,11:42:52,3075.89,0,0,0,0,0,0
INTECO.BSE_IDX,01/07/2025,11:43:00,3075.83,0,0,0,0,0,0
INTECO.BSE_IDX,01/07/2025,11:43:08,3075.76,0,0,0,0,0,0
INTECO.BSE_IDX,01/07/2025,11:43:16,3075.68,0,0,0,0,0,0
INTECO.BSE_IDX,01/07/2025,11:43:24,3075.45,0,0,0,0,0,0
INTECO.BSE_IDX,01/07/2025,11:43:32,3075.5,0,0,0,0,0,0
INTECO.BSE_IDX,01/07/2025,11:43:40,3075.45,0,0,0,0,0,0
INTECO.BSE_IDX,01/07/2025,11:43:48,3075.55,0,0,0,0,0,0
INTECO.BSE_IDX,01/07/2025,11:43:56,3075.27,0,0,0,0,0,0
INTECO.BSE_IDX,01/07/2025,11:44:04,3075.37,0,0,0,0,0,0
INTECO.BSE_IDX,01/07/2025,11:44:12,3075.12,0,0,0,0,0,0
INTECO.BSE_IDX,01/07/2025,11:44:20,3075.11,0,0,0,0,0,0
INTECO.BSE_IDX,01/07/2025,11:44:28,3074.67,0,0,0,0,0,0
INTECO.BSE_IDX,01/07/2025,11:44:36,3074.38,0,0,0,0,0,0
INTECO.BSE_IDX,01/07/2025,11:44:44,3074.36,0,0,0,0,0,0
INTECO.BSE_IDX,01/07/2025,11:44:52,3074.21,0,0,0,0,0,0
INTECO.BSE_IDX,01/07/2025,11:45:00,3074.12,0,0,0,0,0,0
INTECO.BSE_IDX,01/07/2025,11:45:08,3074.45,0,0,0,0,0,0
INTECO.BSE_IDX,01/07/2025,11:45:16,3074.64,0,0,0,0,0,0
INTECO.BSE_IDX,01/07/2025,11:45:24,3074.27,0,0,0,0,0,0
INTECO.BSE_IDX,01/07/2025,11:45:32,3074.37,0,0,0,0,0,0
INTECO.BSE_IDX,01/07/2025,11:45:40,3074.42,0,0,0,0,0,0
INTECO.BSE_IDX,01/07/2025,11:45:48,3074.29,0,0,0,0,0,0
INTECO.BSE_IDX,01/07/2025,11:45:56,3074.43,0,0,0,0,0,0
INTECO.BSE_IDX,01/07/2025,11:46:04,3074.22,0,0,0,0,0,0
INTECO.BSE_IDX,01/07/2025,11:46:12,3074.22,0,0,0,0,0,0
INTECO.BSE_IDX,01/07/2025,11:46:20,3074.06,0,0,0,0,0,0
INTECO.BSE_IDX,01/07/2025,11:46:28,3074.37,0,0,0,0,0,0
INTECO.BSE_IDX,01/07/2025,11:46:36,3074.27,0,0,0,0,0,0
INTECO.BSE_IDX,01/07/2025,11:46:44,3074.13,0,0,0,0,0,0
INTECO.BSE_IDX,01/07/2025,11:46:52,3074.41,0,0,0,0,0,0
INTECO.BSE_IDX,01/07/2025,11:47:00,3074.01,0,0,0,0,0,0
INTECO.BSE_IDX,01/07/2025,11:47:08,3073.94,0,0,0,0,0,0
INTECO.BSE_IDX,01/07/2025,11:47:16,3073.68,0,0,0,0,0,0
INTECO.BSE_IDX,01/07/2025,11:47:24,3073.67,0,0,0,0,0,0
INTECO.BSE_IDX,01/07/2025,11:47:32,3073.4,0,0,0,0,0,0
INTECO.BSE_IDX,01/07/2025,11:47:40,3073.48,0,0,0,0,0,0
INTECO.BSE_IDX,01/07/2025,11:47:48,3073.39,0,0,0,0,0,0
INTECO.BSE_IDX,01/07/2025,11:47:56,3073.29,0,0,0,0,0,0
INTECO.BSE_IDX,01/07/2025,11:48:04,3073.14,0,0,0,0,0,0
INTECO.BSE_IDX,01/07/2025,11:48:12,3073.21,0,0,0,0,0,0
INTECO.BSE_IDX,01/07/2025,11:48:20,3073.36,0,0,0,0,0,0
INTECO.BSE_IDX,01/07/2025,11:48:28,3073.44,0,0,0,0,0,0
INTECO.BSE_IDX,01/07/2025,11:48:36,3073.63,0,0,0,0,0,0
INTECO.BSE_IDX,01/07/2025,11:48:44,3073.61,0,0,0,0,0,0
INTECO.BSE_IDX,01/07/2025,11:48:52,3073.27,0,0,0,0,0,0
INTECO.BSE_IDX,01/07/2025,11:49:01,3073.32,0,0,0,0,0,0
INTECO.BSE_IDX,01/07/2025,11:49:09,3073.43,0,0,0,0,0,0
INTECO.BSE_IDX,01/07/2025,11:49:16,3073.42,0,0,0,0,0,0
INTECO.BSE_IDX,01/07/2025,11:49:24,3073.39,0,0,0,0,0,0
INTECO.BSE_IDX,01/07/2025,11:49:32,3073.06,0,0,0,0,0,0
INTECO.BSE_IDX,01/07/2025,11:49:40,3072.9,0,0,0,0,0,0
INTECO.BSE_IDX,01/07/2025,11:49:49,3072.78,0,0,0,0,0,0
INTECO.BSE_IDX,01/07/2025,11:49:56,3072.88,0,0,0,0,0,0
INTECO.BSE_IDX,01/07/2025,11:50:04,3072.51,0,0,0,0,0,0
INTECO.BSE_IDX,01/07/2025,11:50:12,3072.38,0,0,0,0,0,0
INTECO.BSE_IDX,01/07/2025,11:50:20,3072.18,0,0,0,0,0,0
INTECO.BSE_IDX,01/07/2025,11:50:28,3072.19,0,0,0,0,0,0
INTECO.BSE_IDX,01/07/2025,11:50:36,3071.91,0,0,0,0,0,0
INTECO.BSE_IDX,01/07/2025,11:50:44,3072,0,0,0,0,0,0
INTECO.BSE_IDX,01/07/2025,11:50:52,3071.7,0,0,0,0,0,0
INTECO.BSE_IDX,01/07/2025,11:51:00,3071.42,0,0,0,0,0,0
INTECO.BSE_IDX,01/07/2025,11:51:08,3071.7,0,0,0,0,0,0
INTECO.BSE_IDX,01/07/2025,11:51:16,3071.89,0,0,0,0,0,0
INTECO.BSE_IDX,01/07/2025,11:51:24,3071.73,0,0,0,0,0,0
INTECO.BSE_IDX,01/07/2025,11:51:32,3071.89,0,0,0,0,0,0
INTECO.BSE_IDX,01/07/2025,11:51:40,3071.89,0,0,0,0,0,0
INTECO.BSE_IDX,01/07/2025,11:51:48,3071.87,0,0,0,0,0,0
INTECO.BSE_IDX,01/07/2025,11:51:56,3072.35,0,0,0,0,0,0
INTECO.BSE_IDX,01/07/2025,11:52:04,3072.61,0,0,0,0,0,0
INTECO.BSE_IDX,01/07/2025,11:52:12,3072.42,0,0,0,0,0,0
INTECO.BSE_IDX,01/07/2025,11:52:20,3071.97,0,0,0,0,0,0
INTECO.BSE_IDX,01/07/2025,11:52:28,3071.85,0,0,0,0,0,0
INTECO.BSE_IDX,01/07/2025,11:52:36,3071.59,0,0,0,0,0,0
INTECO.BSE_IDX,01/07/2025,11:52:44,3071.31,0,0,0,0,0,0
INTECO.BSE_IDX,01/07/2025,11:52:52,3071.3,0,0,0,0,0,0
INTECO.BSE_IDX,01/07/2025,11:53:00,3071.25,0,0,0,0,0,0
INTECO.BSE_IDX,01/07/2025,11:53:08,3071.25,0,0,0,0,0,0
INTECO.BSE_IDX,01/07/2025,11:53:16,3071.13,0,0,0,0,0,0
INTECO.BSE_IDX,01/07/2025,11:53:24,3071.32,0,0,0,0,0,0
INTECO.BSE_IDX,01/07/2025,11:53:32,3070.85,0,0,0,0,0,0
INTECO.BSE_IDX,01/07/2025,11:53:40,3070.91,0,0,0,0,0,0
INTECO.BSE_IDX,01/07/2025,11:53:48,3070.77,0,0,0,0,0,0
INTECO.BSE_IDX,01/07/2025,11:53:56,3070.46,0,0,0,0,0,0
INTECO.BSE_IDX,01/07/2025,11:54:04,3070.16,0,0,0,0,0,0
INTECO.BSE_IDX,01/07/2025,11:54:12,3069.41,0,0,0,0,0,0
INTECO.BSE_IDX,01/07/2025,11:54:20,3069.38,0,0,0,0,0,0
INTECO.BSE_IDX,01/07/2025,11:54:28,3069.34,0,0,0,0,0,0
INTECO.BSE_IDX,01/07/2025,11:54:36,3069.28,0,0,0,0,0,0
INTECO.BSE_IDX,01/07/2025,11:54:44,3069.42,0,0,0,0,0,0
INTECO.BSE_IDX,01/07/2025,11:54:52,3069.38,0,0,0,0,0,0
INTECO.BSE_IDX,01/07/2025,11:55:00,3069.38,0,0,0,0,0,0
INTECO.BSE_IDX,01/07/2025,11:55:08,3068.99,0,0,0,0,0,0
INTECO.BSE_IDX,01/07/2025,11:55:17,3069.15,0,0,0,0,0,0
INTECO.BSE_IDX,01/07/2025,11:55:24,3069.24,0,0,0,0,0,0
INTECO.BSE_IDX,01/07/2025,11:55:32,3069.33,0,0,0,0,0,0
INTECO.BSE_IDX,01/07/2025,11:55:40,3069,0,0,0,0,0,0
INTECO.BSE_IDX,01/07/2025,11:55:48,3069,0,0,0,0,0,0
INTECO.BSE_IDX,01/07/2025,11:55:56,3069.08,0,0,0,0,0,0
INTECO.BSE_IDX,01/07/2025,11:56:05,3068.87,0,0,0,0,0,0
INTECO.BSE_IDX,01/07/2025,11:56:12,3068.45,0,0,0,0,0,0
INTECO.BSE_IDX,01/07/2025,11:56:20,3068.07,0,0,0,0,0,0
INTECO.BSE_IDX,01/07/2025,11:56:28,3068.03,0,0,0,0,0,0
INTECO.BSE_IDX,01/07/2025,11:56:36,3068.1,0,0,0,0,0,0
INTECO.BSE_IDX,01/07/2025,11:56:44,3067.89,0,0,0,0,0,0
INTECO.BSE_IDX,01/07/2025,11:56:52,3067.97,0,0,0,0,0,0
INTECO.BSE_IDX,01/07/2025,11:57:00,3067.93,0,0,0,0,0,0
INTECO.BSE_IDX,01/07/2025,11:57:08,3067.85,0,0,0,0,0,0
INTECO.BSE_IDX,01/07/2025,11:57:16,3067.46,0,0,0,0,0,0
INTECO.BSE_IDX,01/07/2025,11:57:24,3067.43,0,0,0,0,0,0
INTECO.BSE_IDX,01/07/2025,11:57:32,3067.43,0,0,0,0,0,0
INTECO.BSE_IDX,01/07/2025,11:57:40,3067.7,0,0,0,0,0,0
INTECO.BSE_IDX,01/07/2025,11:57:48,3067.57,0,0,0,0,0,0
INTECO.BSE_IDX,01/07/2025,11:57:56,3067.46,0,0,0,0,0,0
INTECO.BSE_IDX,01/07/2025,11:58:04,3067.26,0,0,0,0,0,0
INTECO.BSE_IDX,01/07/2025,11:58:12,3067.46,0,0,0,0,0,0
INTECO.BSE_IDX,01/07/2025,11:58:20,3067.31,0,0,0,0,0,0
INTECO.BSE_IDX,01/07/2025,11:58:28,3067.39,0,0,0,0,0,0
INTECO.BSE_IDX,01/07/2025,11:58:36,3067.43,0,0,0,0,0,0
INTECO.BSE_IDX,01/07/2025,11:58:44,3067.26,0,0,0,0,0,0
INTECO.BSE_IDX,01/07/2025,11:58:52,3066.61,0,0,0,0,0,0
INTECO.BSE_IDX,01/07/2025,11:59:00,3066.61,0,0,0,0,0,0
INTECO.BSE_IDX,01/07/2025,11:59:08,3066.79,0,0,0,0,0,0
INTECO.BSE_IDX,01/07/2025,11:59:16,3067.19,0,0,0,0,0,0
INTECO.BSE_IDX,01/07/2025,11:59:24,3067.36,0,0,0,0,0,0
INTECO.BSE_IDX,01/07/2025,11:59:32,3067.58,0,0,0,0,0,0
INTECO.BSE_IDX,01/07/2025,11:59:40,3067.68,0,0,0,0,0,0
INTECO.BSE_IDX,01/07/2025,11:59:48,3067.75,0,0,0,0,0,0
INTECO.BSE_IDX,01/07/2025,11:59:56,3067.77,0,0,0,0,0,0
INTECO.BSE_IDX,01/07/2025,12:00:05,3068.01,0,0,0,0,0,0
INTECO.BSE_IDX,01/07/2025,12:00:12,3068.06,0,0,0,0,0,0
INTECO.BSE_IDX,01/07/2025,12:00:20,3067.99,0,0,0,0,0,0
INTECO.BSE_IDX,01/07/2025,12:00:28,3068.12,0,0,0,0,0,0
INTECO.BSE_IDX,01/07/2025,12:00:37,3068.1,0,0,0,0,0,0
INTECO.BSE_IDX,01/07/2025,12:00:44,3068.02,0,0,0,0,0,0
INTECO.BSE_IDX,01/07/2025,12:00:52,3068.22,0,0,0,0,0,0
INTECO.BSE_IDX,01/07/2025,12:01:00,3068.68,0,0,0,0,0,0
INTECO.BSE_IDX,01/07/2025,12:01:08,3068.79,0,0,0,0,0,0
INTECO.BSE_IDX,01/07/2025,12:01:16,3068.78,0,0,0,0,0,0
INTECO.BSE_IDX,01/07/2025,12:01:24,3069.06,0,0,0,0,0,0
INTECO.BSE_IDX,01/07/2025,12:01:32,3068.95,0,0,0,0,0,0
INTECO.BSE_IDX,01/07/2025,12:01:40,3069.46,0,0,0,0,0,0
INTECO.BSE_IDX,01/07/2025,12:01:48,3069.41,0,0,0,0,0,0
INTECO.BSE_IDX,01/07/2025,12:01:57,3069.7,0,0,0,0,0,0
INTECO.BSE_IDX,01/07/2025,12:02:04,3069.64,0,0,0,0,0,0
INTECO.BSE_IDX,01/07/2025,12:02:12,3069.8,0,0,0,0,0,0
INTECO.BSE_IDX,01/07/2025,12:02:20,3069.52,0,0,0,0,0,0
INTECO.BSE_IDX,01/07/2025,12:02:28,3069.06,0,0,0,0,0,0
INTECO.BSE_IDX,01/07/2025,12:02:36,3069.13,0,0,0,0,0,0
INTECO.BSE_IDX,01/07/2025,12:02:44,3069.29,0,0,0,0,0,0
INTECO.BSE_IDX,01/07/2025,12:02:52,3069.13,0,0,0,0,0,0
INTECO.BSE_IDX,01/07/2025,12:03:00,3069.15,0,0,0,0,0,0
INTECO.BSE_IDX,01/07/2025,12:03:08,3068.61,0,0,0,0,0,0
INTECO.BSE_IDX,01/07/2025,12:03:17,3068.81,0,0,0,0,0,0
INTECO.BSE_IDX,01/07/2025,12:03:24,3068.55,0,0,0,0,0,0
INTECO.BSE_IDX,01/07/2025,12:03:32,3068.6,0,0,0,0,0,0
INTECO.BSE_IDX,01/07/2025,12:03:40,3068.85,0,0,0,0,0,0
INTECO.BSE_IDX,01/07/2025,12:03:48,3068.59,0,0,0,0,0,0
INTECO.BSE_IDX,01/07/2025,12:03:56,3068.26,0,0,0,0,0,0
INTECO.BSE_IDX,01/07/2025,12:04:04,3068.27,0,0,0,0,0,0
INTECO.BSE_IDX,01/07/2025,12:04:12,3068.72,0,0,0,0,0,0
INTECO.BSE_IDX,01/07/2025,12:04:20,3068.84,0,0,0,0,0,0
INTECO.BSE_IDX,01/07/2025,12:04:28,3068.69,0,0,0,0,0,0
INTECO.BSE_IDX,01/07/2025,12:04:36,3068.52,0,0,0,0,0,0
INTECO.BSE_IDX,01/07/2025,12:04:44,3068.09,0,0,0,0,0,0
INTECO.BSE_IDX,01/07/2025,12:04:52,3068.18,0,0,0,0,0,0
INTECO.BSE_IDX,01/07/2025,12:05:01,3068.02,0,0,0,0,0,0
INTECO.BSE_IDX,01/07/2025,12:05:08,3068.27,0,0,0,0,0,0
INTECO.BSE_IDX,01/07/2025,12:05:16,3068.27,0,0,0,0,0,0
INTECO.BSE_IDX,01/07/2025,12:05:24,3068.32,0,0,0,0,0,0
INTECO.BSE_IDX,01/07/2025,12:05:32,3067.87,0,0,0,0,0,0
INTECO.BSE_IDX,01/07/2025,12:05:40,3068.04,0,0,0,0,0,0
INTECO.BSE_IDX,01/07/2025,12:05:48,3067.86,0,0,0,0,0,0
INTECO.BSE_IDX,01/07/2025,12:05:56,3067.71,0,0,0,0,0,0
INTECO.BSE_IDX,01/07/2025,12:06:04,3067.64,0,0,0,0,0,0
INTECO.BSE_IDX,01/07/2025,12:06:12,3067.38,0,0,0,0,0,0
INTECO.BSE_IDX,01/07/2025,12:06:20,3067.33,0,0,0,0,0,0
INTECO.BSE_IDX,01/07/2025,12:06:28,3067.3,0,0,0,0,0,0
INTECO.BSE_IDX,01/07/2025,12:06:36,3066.4,0,0,0,0,0,0
INTECO.BSE_IDX,01/07/2025,12:06:44,3066.54,0,0,0,0,0,0
INTECO.BSE_IDX,01/07/2025,12:06:53,3066.46,0,0,0,0,0,0
INTECO.BSE_IDX,01/07/2025,12:07:00,3066.46,0,0,0,0,0,0
INTECO.BSE_IDX,01/07/2025,12:07:08,3066.23,0,0,0,0,0,0
INTECO.BSE_IDX,01/07/2025,12:07:17,3066.19,0,0,0,0,0,0
INTECO.BSE_IDX,01/07/2025,12:07:24,3066.18,0,0,0,0,0,0
INTECO.BSE_IDX,01/07/2025,12:07:33,3066.74,0,0,0,0,0,0
INTECO.BSE_IDX,01/07/2025,12:07:40,3066.4,0,0,0,0,0,0
INTECO.BSE_IDX,01/07/2025,12:07:49,3066.56,0,0,0,0,0,0
INTECO.BSE_IDX,01/07/2025,12:07:57,3066.58,0,0,0,0,0,0
INTECO.BSE_IDX,01/07/2025,12:08:05,3066.69,0,0,0,0,0,0
INTECO.BSE_IDX,01/07/2025,12:08:13,3066.68,0,0,0,0,0,0
INTECO.BSE_IDX,01/07/2025,12:08:21,3066.71,0,0,0,0,0,0
INTECO.BSE_IDX,01/07/2025,12:08:28,3066.5,0,0,0,0,0,0
INTECO.BSE_IDX,01/07/2025,12:08:36,3066.39,0,0,0,0,0,0
INTECO.BSE_IDX,01/07/2025,12:08:45,3066.23,0,0,0,0,0,0
INTECO.BSE_IDX,01/07/2025,12:08:52,3066.48,0,0,0,0,0,0
INTECO.BSE_IDX,01/07/2025,12:09:00,3066.35,0,0,0,0,0,0
INTECO.BSE_IDX,01/07/2025,12:09:08,3066.37,0,0,0,0,0,0
INTECO.BSE_IDX,01/07/2025,12:09:16,3066.62,0,0,0,0,0,0
INTECO.BSE_IDX,01/07/2025,12:09:25,3066.66,0,0,0,0,0,0
INTECO.BSE_IDX,01/07/2025,12:09:32,3066.92,0,0,0,0,0,0
INTECO.BSE_IDX,01/07/2025,12:09:40,3066.85,0,0,0,0,0,0
INTECO.BSE_IDX,01/07/2025,12:09:48,3067.02,0,0,0,0,0,0
INTECO.BSE_IDX,01/07/2025,12:09:57,3066.92,0,0,0,0,0,0
INTECO.BSE_IDX,01/07/2025,12:10:05,3067,0,0,0,0,0,0
INTECO.BSE_IDX,01/07/2025,12:10:13,3067.09,0,0,0,0,0,0
INTECO.BSE_IDX,01/07/2025,12:10:22,3067.13,0,0,0,0,0,0
INTECO.BSE_IDX,01/07/2025,12:10:28,3066.91,0,0,0,0,0,0
INTECO.BSE_IDX,01/07/2025,12:10:36,3066.86,0,0,0,0,0,0
INTECO.BSE_IDX,01/07/2025,12:10:45,3066.8,0,0,0,0,0,0
INTECO.BSE_IDX,01/07/2025,12:10:52,3066.84,0,0,0,0,0,0
INTECO.BSE_IDX,01/07/2025,12:11:00,3066.51,0,0,0,0,0,0
INTECO.BSE_IDX,01/07/2025,12:11:08,3066.82,0,0,0,0,0,0
INTECO.BSE_IDX,01/07/2025,12:11:17,3066.56,0,0,0,0,0,0
INTECO.BSE_IDX,01/07/2025,12:11:24,3066.61,0,0,0,0,0,0
INTECO.BSE_IDX,01/07/2025,12:11:32,3066.62,0,0,0,0,0,0
INTECO.BSE_IDX,01/07/2025,12:11:41,3066.54,0,0,0,0,0,0
INTECO.BSE_IDX,01/07/2025,12:11:49,3067.15,0,0,0,0,0,0
INTECO.BSE_IDX,01/07/2025,12:11:57,3067.19,0,0,0,0,0,0
INTECO.BSE_IDX,01/07/2025,12:12:05,3067.19,0,0,0,0,0,0
INTECO.BSE_IDX,01/07/2025,12:12:13,3067.18,0,0,0,0,0,0
INTECO.BSE_IDX,01/07/2025,12:12:21,3068.1,0,0,0,0,0,0
INTECO.BSE_IDX,01/07/2025,12:12:29,3068.16,0,0,0,0,0,0
INTECO.BSE_IDX,01/07/2025,12:12:37,3068.14,0,0,0,0,0,0
INTECO.BSE_IDX,01/07/2025,12:12:45,3068.09,0,0,0,0,0,0
INTECO.BSE_IDX,01/07/2025,12:12:53,3068.23,0,0,0,0,0,0
INTECO.BSE_IDX,01/07/2025,12:13:01,3068.23,0,0,0,0,0,0
INTECO.BSE_IDX,01/07/2025,12:13:09,3068.2,0,0,0,0,0,0
INTECO.BSE_IDX,01/07/2025,12:13:17,3068.29,0,0,0,0,0,0
INTECO.BSE_IDX,01/07/2025,12:13:25,3068.15,0,0,0,0,0,0
INTECO.BSE_IDX,01/07/2025,12:13:33,3068.15,0,0,0,0,0,0
INTECO.BSE_IDX,01/07/2025,12:13:41,3068.03,0,0,0,0,0,0
INTECO.BSE_IDX,01/07/2025,12:13:49,3068.31,0,0,0,0,0,0
INTECO.BSE_IDX,01/07/2025,12:13:57,3068.49,0,0,0,0,0,0
INTECO.BSE_IDX,01/07/2025,12:14:05,3068.51,0,0,0,0,0,0
INTECO.BSE_IDX,01/07/2025,12:14:13,3068.22,0,0,0,0,0,0
INTECO.BSE_IDX,01/07/2025,12:14:21,3068.5,0,0,0,0,0,0
INTECO.BSE_IDX,01/07/2025,12:14:29,3068.44,0,0,0,0,0,0
INTECO.BSE_IDX,01/07/2025,12:14:37,3068.39,0,0,0,0,0,0
INTECO.BSE_IDX,01/07/2025,12:14:46,3068.34,0,0,0,0,0,0
INTECO.BSE_IDX,01/07/2025,12:14:54,3068.5,0,0,0,0,0,0
INTECO.BSE_IDX,01/07/2025,12:15:01,3068.52,0,0,0,0,0,0
INTECO.BSE_IDX,01/07/2025,12:15:09,3068.49,0,0,0,0,0,0
INTECO.BSE_IDX,01/07/2025,12:15:17,3068.3,0,0,0,0,0,0
INTECO.BSE_IDX,01/07/2025,12:15:25,3068.24,0,0,0,0,0,0
INTECO.BSE_IDX,01/07/2025,12:15:33,3068.06,0,0,0,0,0,0
INTECO.BSE_IDX,01/07/2025,12:15:41,3067.97,0,0,0,0,0,0
INTECO.BSE_IDX,01/07/2025,12:15:49,3068.18,0,0,0,0,0,0
INTECO.BSE_IDX,01/07/2025,12:15:57,3068.18,0,0,0,0,0,0
INTECO.BSE_IDX,01/07/2025,12:16:05,3068.34,0,0,0,0,0,0
INTECO.BSE_IDX,01/07/2025,12:16:13,3068.25,0,0,0,0,0,0
INTECO.BSE_IDX,01/07/2025,12:16:21,3068.16,0,0,0,0,0,0
INTECO.BSE_IDX,01/07/2025,12:16:29,3068.43,0,0,0,0,0,0
INTECO.BSE_IDX,01/07/2025,12:16:37,3068.7,0,0,0,0,0,0
INTECO.BSE_IDX,01/07/2025,12:16:45,3068.92,0,0,0,0,0,0
INTECO.BSE_IDX,01/07/2025,12:16:53,3068.72,0,0,0,0,0,0
INTECO.BSE_IDX,01/07/2025,12:17:01,3068.72,0,0,0,0,0,0
INTECO.BSE_IDX,01/07/2025,12:17:09,3068.85,0,0,0,0,0,0
INTECO.BSE_IDX,01/07/2025,12:17:17,3068.95,0,0,0,0,0,0
INTECO.BSE_IDX,01/07/2025,12:17:25,3069.02,0,0,0,0,0,0
INTECO.BSE_IDX,01/07/2025,12:17:33,3069.02,0,0,0,0,0,0
INTECO.BSE_IDX,01/07/2025,12:17:41,3069.14,0,0,0,0,0,0
INTECO.BSE_IDX,01/07/2025,12:17:49,3069.06,0,0,0,0,0,0
INTECO.BSE_IDX,01/07/2025,12:17:57,3068.99,0,0,0,0,0,0
INTECO.BSE_IDX,01/07/2025,12:18:05,3068.85,0,0,0,0,0,0
INTECO.BSE_IDX,01/07/2025,12:18:13,3068.91,0,0,0,0,0,0
INTECO.BSE_IDX,01/07/2025,12:18:21,3068.98,0,0,0,0,0,0
INTECO.BSE_IDX,01/07/2025,12:18:29,3068.97,0,0,0,0,0,0
INTECO.BSE_IDX,01/07/2025,12:18:37,3068.97,0,0,0,0,0,0
INTECO.BSE_IDX,01/07/2025,12:18:45,3068.79,0,0,0,0,0,0
INTECO.BSE_IDX,01/07/2025,12:18:53,3068.58,0,0,0,0,0,0
INTECO.BSE_IDX,01/07/2025,12:19:01,3069.04,0,0,0,0,0,0
INTECO.BSE_IDX,01/07/2025,12:19:09,3069.17,0,0,0,0,0,0
INTECO.BSE_IDX,01/07/2025,12:19:17,3069.17,0,0,0,0,0,0
INTECO.BSE_IDX,01/07/2025,12:19:25,3069.25,0,0,0,0,0,0
INTECO.BSE_IDX,01/07/2025,12:19:33,3069.37,0,0,0,0,0,0
INTECO.BSE_IDX,01/07/2025,12:19:41,3069.76,0,0,0,0,0,0
INTECO.BSE_IDX,01/07/2025,12:19:49,3070.24,0,0,0,0,0,0
INTECO.BSE_IDX,01/07/2025,12:19:57,3070.58,0,0,0,0,0,0
INTECO.BSE_IDX,01/07/2025,12:20:05,3070.6,0,0,0,0,0,0
INTECO.BSE_IDX,01/07/2025,12:20:13,3070.46,0,0,0,0,0,0
INTECO.BSE_IDX,01/07/2025,12:20:21,3070.76,0,0,0,0,0,0
INTECO.BSE_IDX,01/07/2025,12:20:29,3070.7,0,0,0,0,0,0
INTECO.BSE_IDX,01/07/2025,12:20:37,3070.92,0,0,0,0,0,0
INTECO.BSE_IDX,01/07/2025,12:20:45,3070.78,0,0,0,0,0,0
INTECO.BSE_IDX,01/07/2025,12:20:53,3070.72,0,0,0,0,0,0
INTECO.BSE_IDX,01/07/2025,12:21:01,3071,0,0,0,0,0,0
INTECO.BSE_IDX,01/07/2025,12:21:09,3070.95,0,0,0,0,0,0
INTECO.BSE_IDX,01/07/2025,12:21:17,3070.6,0,0,0,0,0,0
INTECO.BSE_IDX,01/07/2025,12:21:25,3070.66,0,0,0,0,0,0
INTECO.BSE_IDX,01/07/2025,12:21:33,3070.53,0,0,0,0,0,0
INTECO.BSE_IDX,01/07/2025,12:21:41,3070.84,0,0,0,0,0,0
INTECO.BSE_IDX,01/07/2025,12:21:49,3071.2,0,0,0,0,0,0
INTECO.BSE_IDX,01/07/2025,12:21:57,3071.06,0,0,0,0,0,0
INTECO.BSE_IDX,01/07/2025,12:22:05,3071.07,0,0,0,0,0,0
INTECO.BSE_IDX,01/07/2025,12:22:13,3071.6,0,0,0,0,0,0
INTECO.BSE_IDX,01/07/2025,12:22:21,3071.55,0,0,0,0,0,0
INTECO.BSE_IDX,01/07/2025,12:22:29,3071.79,0,0,0,0,0,0
INTECO.BSE_IDX,01/07/2025,12:22:37,3071.55,0,0,0,0,0,0
INTECO.BSE_IDX,01/07/2025,12:22:45,3071.57,0,0,0,0,0,0
INTECO.BSE_IDX,01/07/2025,12:22:53,3071.81,0,0,0,0,0,0
INTECO.BSE_IDX,01/07/2025,12:23:02,3072.18,0,0,0,0,0,0
INTECO.BSE_IDX,01/07/2025,12:23:09,3072.07,0,0,0,0,0,0
INTECO.BSE_IDX,01/07/2025,12:23:17,3071.95,0,0,0,0,0,0
INTECO.BSE_IDX,01/07/2025,12:23:25,3072.01,0,0,0,0,0,0
INTECO.BSE_IDX,01/07/2025,12:23:33,3072.01,0,0,0,0,0,0
INTECO.BSE_IDX,01/07/2025,12:23:41,3072.05,0,0,0,0,0,0
INTECO.BSE_IDX,01/07/2025,12:23:49,3072.05,0,0,0,0,0,0
INTECO.BSE_IDX,01/07/2025,12:23:57,3072.12,0,0,0,0,0,0
INTECO.BSE_IDX,01/07/2025,12:24:05,3072.12,0,0,0,0,0,0
INTECO.BSE_IDX,01/07/2025,12:24:13,3071.97,0,0,0,0,0,0
INTECO.BSE_IDX,01/07/2025,12:24:21,3071.99,0,0,0,0,0,0
INTECO.BSE_IDX,01/07/2025,12:24:29,3072.04,0,0,0,0,0,0
INTECO.BSE_IDX,01/07/2025,12:24:37,3072.14,0,0,0,0,0,0
INTECO.BSE_IDX,01/07/2025,12:24:45,3072.39,0,0,0,0,0,0
INTECO.BSE_IDX,01/07/2025,12:24:53,3071.94,0,0,0,0,0,0
INTECO.BSE_IDX,01/07/2025,12:25:01,3071.98,0,0,0,0,0,0
INTECO.BSE_IDX,01/07/2025,12:25:09,3071.86,0,0,0,0,0,0
INTECO.BSE_IDX,01/07/2025,12:25:17,3071.82,0,0,0,0,0,0
INTECO.BSE_IDX,01/07/2025,12:25:25,3072.06,0,0,0,0,0,0
INTECO.BSE_IDX,01/07/2025,12:25:33,3072.26,0,0,0,0,0,0
INTECO.BSE_IDX,01/07/2025,12:25:41,3072.6,0,0,0,0,0,0
INTECO.BSE_IDX,01/07/2025,12:25:49,3072.61,0,0,0,0,0,0
INTECO.BSE_IDX,01/07/2025,12:25:57,3072.51,0,0,0,0,0,0
INTECO.BSE_IDX,01/07/2025,12:26:05,3072.68,0,0,0,0,0,0
INTECO.BSE_IDX,01/07/2025,12:26:13,3072.64,0,0,0,0,0,0
INTECO.BSE_IDX,01/07/2025,12:26:21,3072.55,0,0,0,0,0,0
INTECO.BSE_IDX,01/07/2025,12:26:31,3072.41,0,0,0,0,0,0
INTECO.BSE_IDX,01/07/2025,12:26:37,3072.4,0,0,0,0,0,0
INTECO.BSE_IDX,01/07/2025,12:26:45,3072.4,0,0,0,0,0,0
INTECO.BSE_IDX,01/07/2025,12:26:53,3072.33,0,0,0,0,0,0
INTECO.BSE_IDX,01/07/2025,12:27:01,3072.45,0,0,0,0,0,0
INTECO.BSE_IDX,01/07/2025,12:27:09,3072.05,0,0,0,0,0,0
INTECO.BSE_IDX,01/07/2025,12:27:17,3072.17,0,0,0,0,0,0
INTECO.BSE_IDX,01/07/2025,12:27:25,3071.9,0,0,0,0,0,0
INTECO.BSE_IDX,01/07/2025,12:27:33,3071.95,0,0,0,0,0,0
INTECO.BSE_IDX,01/07/2025,12:27:41,3071.66,0,0,0,0,0,0
INTECO.BSE_IDX,01/07/2025,12:27:49,3071.36,0,0,0,0,0,0
INTECO.BSE_IDX,01/07/2025,12:27:57,3071.48,0,0,0,0,0,0
INTECO.BSE_IDX,01/07/2025,12:28:05,3071.57,0,0,0,0,0,0
INTECO.BSE_IDX,01/07/2025,12:28:13,3071.91,0,0,0,0,0,0
INTECO.BSE_IDX,01/07/2025,12:28:21,3071.6,0,0,0,0,0,0
INTECO.BSE_IDX,01/07/2025,12:28:29,3071.28,0,0,0,0,0,0
INTECO.BSE_IDX,01/07/2025,12:28:37,3071.39,0,0,0,0,0,0
INTECO.BSE_IDX,01/07/2025,12:28:45,3071.28,0,0,0,0,0,0
INTECO.BSE_IDX,01/07/2025,12:28:53,3071.27,0,0,0,0,0,0
INTECO.BSE_IDX,01/07/2025,12:29:01,3071.06,0,0,0,0,0,0
INTECO.BSE_IDX,01/07/2025,12:29:10,3071.15,0,0,0,0,0,0
INTECO.BSE_IDX,01/07/2025,12:29:18,3071.02,0,0,0,0,0,0
INTECO.BSE_IDX,01/07/2025,12:29:25,3071.54,0,0,0,0,0,0
INTECO.BSE_IDX,01/07/2025,12:29:33,3071.8,0,0,0,0,0,0
INTECO.BSE_IDX,01/07/2025,12:29:41,3071.65,0,0,0,0,0,0
INTECO.BSE_IDX,01/07/2025,12:29:49,3071.69,0,0,0,0,0,0
INTECO.BSE_IDX,01/07/2025,12:29:57,3071.42,0,0,0,0,0,0
INTECO.BSE_IDX,01/07/2025,12:30:05,3071.69,0,0,0,0,0,0
INTECO.BSE_IDX,01/07/2025,12:30:13,3071.69,0,0,0,0,0,0
INTECO.BSE_IDX,01/07/2025,12:30:22,3071.7,0,0,0,0,0,0
INTECO.BSE_IDX,01/07/2025,12:30:29,3071.71,0,0,0,0,0,0
INTECO.BSE_IDX,01/07/2025,12:30:37,3071.82,0,0,0,0,0,0
INTECO.BSE_IDX,01/07/2025,12:30:45,3071.97,0,0,0,0,0,0
INTECO.BSE_IDX,01/07/2025,12:30:53,3071.84,0,0,0,0,0,0
INTECO.BSE_IDX,01/07/2025,12:31:01,3071.84,0,0,0,0,0,0
INTECO.BSE_IDX,01/07/2025,12:31:09,3071.31,0,0,0,0,0,0
INTECO.BSE_IDX,01/07/2025,12:31:17,3071.54,0,0,0,0,0,0
INTECO.BSE_IDX,01/07/2025,12:31:25,3071.62,0,0,0,0,0,0
INTECO.BSE_IDX,01/07/2025,12:31:34,3071.33,0,0,0,0,0,0
INTECO.BSE_IDX,01/07/2025,12:31:41,3071.29,0,0,0,0,0,0
INTECO.BSE_IDX,01/07/2025,12:31:49,3071.38,0,0,0,0,0,0
INTECO.BSE_IDX,01/07/2025,12:31:57,3071.36,0,0,0,0,0,0
INTECO.BSE_IDX,01/07/2025,12:32:05,3071.07,0,0,0,0,0,0
INTECO.BSE_IDX,01/07/2025,12:32:13,3071.07,0,0,0,0,0,0
INTECO.BSE_IDX,01/07/2025,12:32:21,3071.09,0,0,0,0,0,0
INTECO.BSE_IDX,01/07/2025,12:32:29,3071.74,0,0,0,0,0,0
INTECO.BSE_IDX,01/07/2025,12:32:37,3071.32,0,0,0,0,0,0
INTECO.BSE_IDX,01/07/2025,12:32:45,3071.43,0,0,0,0,0,0
INTECO.BSE_IDX,01/07/2025,12:32:53,3071.05,0,0,0,0,0,0
INTECO.BSE_IDX,01/07/2025,12:33:01,3070.89,0,0,0,0,0,0
INTECO.BSE_IDX,01/07/2025,12:33:09,3071.19,0,0,0,0,0,0
INTECO.BSE_IDX,01/07/2025,12:33:17,3071.07,0,0,0,0,0,0
INTECO.BSE_IDX,01/07/2025,12:33:26,3071.07,0,0,0,0,0,0
INTECO.BSE_IDX,01/07/2025,12:33:33,3070.78,0,0,0,0,0,0
INTECO.BSE_IDX,01/07/2025,12:33:41,3070.35,0,0,0,0,0,0
INTECO.BSE_IDX,01/07/2025,12:33:49,3070.77,0,0,0,0,0,0
INTECO.BSE_IDX,01/07/2025,12:33:57,3070.76,0,0,0,0,0,0
INTECO.BSE_IDX,01/07/2025,12:34:05,3070.66,0,0,0,0,0,0
INTECO.BSE_IDX,01/07/2025,12:34:13,3070.76,0,0,0,0,0,0
INTECO.BSE_IDX,01/07/2025,12:34:21,3070.47,0,0,0,0,0,0
INTECO.BSE_IDX,01/07/2025,12:34:29,3070.87,0,0,0,0,0,0
INTECO.BSE_IDX,01/07/2025,12:34:37,3070.94,0,0,0,0,0,0
INTECO.BSE_IDX,01/07/2025,12:34:45,3070.85,0,0,0,0,0,0
INTECO.BSE_IDX,01/07/2025,12:34:53,3070.94,0,0,0,0,0,0
INTECO.BSE_IDX,01/07/2025,12:35:01,3071.12,0,0,0,0,0,0
INTECO.BSE_IDX,01/07/2025,12:35:09,3070.99,0,0,0,0,0,0
INTECO.BSE_IDX,01/07/2025,12:35:17,3071.21,0,0,0,0,0,0
INTECO.BSE_IDX,01/07/2025,12:35:25,3070.95,0,0,0,0,0,0
INTECO.BSE_IDX,01/07/2025,12:35:33,3070.78,0,0,0,0,0,0
INTECO.BSE_IDX,01/07/2025,12:35:41,3070.92,0,0,0,0,0,0
INTECO.BSE_IDX,01/07/2025,12:35:49,3071.24,0,0,0,0,0,0
INTECO.BSE_IDX,01/07/2025,12:35:57,3071.16,0,0,0,0,0,0
INTECO.BSE_IDX,01/07/2025,12:36:05,3071.16,0,0,0,0,0,0
INTECO.BSE_IDX,01/07/2025,12:36:13,3071.14,0,0,0,0,0,0
INTECO.BSE_IDX,01/07/2025,12:36:21,3071.05,0,0,0,0,0,0
INTECO.BSE_IDX,01/07/2025,12:36:29,3071.37,0,0,0,0,0,0
INTECO.BSE_IDX,01/07/2025,12:36:37,3071.38,0,0,0,0,0,0
INTECO.BSE_IDX,01/07/2025,12:36:45,3071.47,0,0,0,0,0,0
INTECO.BSE_IDX,01/07/2025,12:36:53,3071.06,0,0,0,0,0,0
INTECO.BSE_IDX,01/07/2025,12:37:01,3071.14,0,0,0,0,0,0
INTECO.BSE_IDX,01/07/2025,12:37:09,3071.18,0,0,0,0,0,0
INTECO.BSE_IDX,01/07/2025,12:37:17,3070.82,0,0,0,0,0,0
INTECO.BSE_IDX,01/07/2025,12:37:25,3070.68,0,0,0,0,0,0
INTECO.BSE_IDX,01/07/2025,12:37:33,3070.79,0,0,0,0,0,0
INTECO.BSE_IDX,01/07/2025,12:37:41,3070.9,0,0,0,0,0,0
INTECO.BSE_IDX,01/07/2025,12:37:49,3070.88,0,0,0,0,0,0
INTECO.BSE_IDX,01/07/2025,12:37:57,3071.42,0,0,0,0,0,0
INTECO.BSE_IDX,01/07/2025,12:38:05,3071.41,0,0,0,0,0,0
INTECO.BSE_IDX,01/07/2025,12:38:13,3071.55,0,0,0,0,0,0
INTECO.BSE_IDX,01/07/2025,12:38:22,3071.49,0,0,0,0,0,0
INTECO.BSE_IDX,01/07/2025,12:38:29,3071.05,0,0,0,0,0,0
INTECO.BSE_IDX,01/07/2025,12:38:39,3070.7,0,0,0,0,0,0
INTECO.BSE_IDX,01/07/2025,12:38:45,3071.04,0,0,0,0,0,0
INTECO.BSE_IDX,01/07/2025,12:38:53,3070.93,0,0,0,0,0,0
INTECO.BSE_IDX,01/07/2025,12:39:01,3071.1,0,0,0,0,0,0
INTECO.BSE_IDX,01/07/2025,12:39:10,3071.17,0,0,0,0,0,0
INTECO.BSE_IDX,01/07/2025,12:39:18,3071.26,0,0,0,0,0,0
INTECO.BSE_IDX,01/07/2025,12:39:25,3071.28,0,0,0,0,0,0
INTECO.BSE_IDX,01/07/2025,12:39:34,3071.26,0,0,0,0,0,0
INTECO.BSE_IDX,01/07/2025,12:39:42,3071.24,0,0,0,0,0,0
INTECO.BSE_IDX,01/07/2025,12:39:49,3071.38,0,0,0,0,0,0
INTECO.BSE_IDX,01/07/2025,12:39:57,3071.31,0,0,0,0,0,0
INTECO.BSE_IDX,01/07/2025,12:40:05,3071.34,0,0,0,0,0,0
INTECO.BSE_IDX,01/07/2025,12:40:14,3071.28,0,0,0,0,0,0
INTECO.BSE_IDX,01/07/2025,12:40:21,3071.17,0,0,0,0,0,0
INTECO.BSE_IDX,01/07/2025,12:40:29,3071.17,0,0,0,0,0,0
INTECO.BSE_IDX,01/07/2025,12:40:37,3071.07,0,0,0,0,0,0
INTECO.BSE_IDX,01/07/2025,12:40:45,3071.14,0,0,0,0,0,0
INTECO.BSE_IDX,01/07/2025,12:40:54,3071.31,0,0,0,0,0,0
INTECO.BSE_IDX,01/07/2025,12:41:01,3071.4,0,0,0,0,0,0
INTECO.BSE_IDX,01/07/2025,12:41:09,3071.33,0,0,0,0,0,0
INTECO.BSE_IDX,01/07/2025,12:41:17,3071.3,0,0,0,0,0,0
INTECO.BSE_IDX,01/07/2025,12:41:25,3071.07,0,0,0,0,0,0
INTECO.BSE_IDX,01/07/2025,12:41:33,3071.21,0,0,0,0,0,0
INTECO.BSE_IDX,01/07/2025,12:41:42,3071.24,0,0,0,0,0,0
INTECO.BSE_IDX,01/07/2025,12:41:50,3071.38,0,0,0,0,0,0
INTECO.BSE_IDX,01/07/2025,12:41:58,3071.4,0,0,0,0,0,0
INTECO.BSE_IDX,01/07/2025,12:42:05,3071.25,0,0,0,0,0,0
INTECO.BSE_IDX,01/07/2025,12:42:13,3071.29,0,0,0,0,0,0
INTECO.BSE_IDX,01/07/2025,12:42:21,3071.27,0,0,0,0,0,0
INTECO.BSE_IDX,01/07/2025,12:42:29,3070.98,0,0,0,0,0,0
INTECO.BSE_IDX,01/07/2025,12:42:37,3071.67,0,0,0,0,0,0
INTECO.BSE_IDX,01/07/2025,12:42:46,3071.9,0,0,0,0,0,0
INTECO.BSE_IDX,01/07/2025,12:42:53,3071.87,0,0,0,0,0,0
INTECO.BSE_IDX,01/07/2025,12:43:01,3071.92,0,0,0,0,0,0
INTECO.BSE_IDX,01/07/2025,12:43:10,3071.11,0,0,0,0,0,0
INTECO.BSE_IDX,01/07/2025,12:43:17,3071.07,0,0,0,0,0,0
INTECO.BSE_IDX,01/07/2025,12:43:26,3070.89,0,0,0,0,0,0
INTECO.BSE_IDX,01/07/2025,12:43:34,3070.84,0,0,0,0,0,0
INTECO.BSE_IDX,01/07/2025,12:43:42,3070.94,0,0,0,0,0,0
INTECO.BSE_IDX,01/07/2025,12:43:49,3070.8,0,0,0,0,0,0
INTECO.BSE_IDX,01/07/2025,12:43:58,3070.76,0,0,0,0,0,0
INTECO.BSE_IDX,01/07/2025,12:44:05,3070.7,0,0,0,0,0,0
INTECO.BSE_IDX,01/07/2025,12:44:14,3070.82,0,0,0,0,0,0
INTECO.BSE_IDX,01/07/2025,12:44:22,3070.9,0,0,0,0,0,0
INTECO.BSE_IDX,01/07/2025,12:44:29,3071.33,0,0,0,0,0,0
INTECO.BSE_IDX,01/07/2025,12:44:38,3071.17,0,0,0,0,0,0
INTECO.BSE_IDX,01/07/2025,12:44:46,3071.07,0,0,0,0,0,0
INTECO.BSE_IDX,01/07/2025,12:44:53,3071.31,0,0,0,0,0,0
INTECO.BSE_IDX,01/07/2025,12:45:01,3071.29,0,0,0,0,0,0
INTECO.BSE_IDX,01/07/2025,12:45:11,3071.19,0,0,0,0,0,0
INTECO.BSE_IDX,01/07/2025,12:45:18,3070.95,0,0,0,0,0,0
INTECO.BSE_IDX,01/07/2025,12:45:26,3070.95,0,0,0,0,0,0
INTECO.BSE_IDX,01/07/2025,12:45:34,3071.07,0,0,0,0,0,0
INTECO.BSE_IDX,01/07/2025,12:45:42,3070.94,0,0,0,0,0,0
INTECO.BSE_IDX,01/07/2025,12:45:50,3071.06,0,0,0,0,0,0
INTECO.BSE_IDX,01/07/2025,12:45:58,3070.87,0,0,0,0,0,0
INTECO.BSE_IDX,01/07/2025,12:46:06,3070.64,0,0,0,0,0,0
INTECO.BSE_IDX,01/07/2025,12:46:14,3070.64,0,0,0,0,0,0
INTECO.BSE_IDX,01/07/2025,12:46:22,3070.42,0,0,0,0,0,0
INTECO.BSE_IDX,01/07/2025,12:46:30,3069.98,0,0,0,0,0,0
INTECO.BSE_IDX,01/07/2025,12:46:38,3069.86,0,0,0,0,0,0
INTECO.BSE_IDX,01/07/2025,12:46:46,3069.67,0,0,0,0,0,0
INTECO.BSE_IDX,01/07/2025,12:46:54,3069.12,0,0,0,0,0,0
INTECO.BSE_IDX,01/07/2025,12:47:02,3069.28,0,0,0,0,0,0
INTECO.BSE_IDX,01/07/2025,12:47:10,3068.69,0,0,0,0,0,0
INTECO.BSE_IDX,01/07/2025,12:47:18,3068.48,0,0,0,0,0,0
INTECO.BSE_IDX,01/07/2025,12:47:26,3068.08,0,0,0,0,0,0
INTECO.BSE_IDX,01/07/2025,12:47:34,3068.11,0,0,0,0,0,0
INTECO.BSE_IDX,01/07/2025,12:47:42,3068,0,0,0,0,0,0
INTECO.BSE_IDX,01/07/2025,12:47:50,3068.11,0,0,0,0,0,0
INTECO.BSE_IDX,01/07/2025,12:47:58,3068.25,0,0,0,0,0,0
INTECO.BSE_IDX,01/07/2025,12:48:06,3068.13,0,0,0,0,0,0
INTECO.BSE_IDX,01/07/2025,12:48:14,3068.01,0,0,0,0,0,0
INTECO.BSE_IDX,01/07/2025,12:48:22,3067.1,0,0,0,0,0,0
INTECO.BSE_IDX,01/07/2025,12:48:30,3067.11,0,0,0,0,0,0
INTECO.BSE_IDX,01/07/2025,12:48:38,3066.96,0,0,0,0,0,0
INTECO.BSE_IDX,01/07/2025,12:48:46,3067.02,0,0,0,0,0,0
INTECO.BSE_IDX,01/07/2025,12:48:54,3066.98,0,0,0,0,0,0
INTECO.BSE_IDX,01/07/2025,12:49:02,3067.13,0,0,0,0,0,0
INTECO.BSE_IDX,01/07/2025,12:49:10,3067.02,0,0,0,0,0,0
INTECO.BSE_IDX,01/07/2025,12:49:18,3067.02,0,0,0,0,0,0
INTECO.BSE_IDX,01/07/2025,12:49:26,3067.01,0,0,0,0,0,0
INTECO.BSE_IDX,01/07/2025,12:49:34,3066.98,0,0,0,0,0,0
INTECO.BSE_IDX,01/07/2025,12:49:42,3067.05,0,0,0,0,0,0
INTECO.BSE_IDX,01/07/2025,12:49:50,3067.11,0,0,0,0,0,0
INTECO.BSE_IDX,01/07/2025,12:49:58,3067.66,0,0,0,0,0,0
INTECO.BSE_IDX,01/07/2025,12:50:06,3067.71,0,0,0,0,0,0
INTECO.BSE_IDX,01/07/2025,12:50:14,3067.56,0,0,0,0,0,0
INTECO.BSE_IDX,01/07/2025,12:50:22,3067.12,0,0,0,0,0,0
INTECO.BSE_IDX,01/07/2025,12:50:30,3066.94,0,0,0,0,0,0
INTECO.BSE_IDX,01/07/2025,12:50:38,3067.24,0,0,0,0,0,0
INTECO.BSE_IDX,01/07/2025,12:50:47,3067.14,0,0,0,0,0,0
INTECO.BSE_IDX,01/07/2025,12:50:54,3067.41,0,0,0,0,0,0
INTECO.BSE_IDX,01/07/2025,12:51:02,3067.16,0,0,0,0,0,0
INTECO.BSE_IDX,01/07/2025,12:51:10,3066.96,0,0,0,0,0,0
INTECO.BSE_IDX,01/07/2025,12:51:19,3067.29,0,0,0,0,0,0
INTECO.BSE_IDX,01/07/2025,12:51:26,3067.48,0,0,0,0,0,0
INTECO.BSE_IDX,01/07/2025,12:51:34,3067.56,0,0,0,0,0,0
INTECO.BSE_IDX,01/07/2025,12:51:42,3067.4,0,0,0,0,0,0
INTECO.BSE_IDX,01/07/2025,12:51:50,3067.41,0,0,0,0,0,0
INTECO.BSE_IDX,01/07/2025,12:51:58,3067.41,0,0,0,0,0,0
INTECO.BSE_IDX,01/07/2025,12:52:06,3066.99,0,0,0,0,0,0
INTECO.BSE_IDX,01/07/2025,12:52:14,3066.9,0,0,0,0,0,0
INTECO.BSE_IDX,01/07/2025,12:52:22,3066.73,0,0,0,0,0,0
INTECO.BSE_IDX,01/07/2025,12:52:30,3066.71,0,0,0,0,0,0
INTECO.BSE_IDX,01/07/2025,12:52:38,3066.68,0,0,0,0,0,0
INTECO.BSE_IDX,01/07/2025,12:52:46,3066.64,0,0,0,0,0,0
INTECO.BSE_IDX,01/07/2025,12:52:54,3066.72,0,0,0,0,0,0
INTECO.BSE_IDX,01/07/2025,12:53:02,3066.94,0,0,0,0,0,0
INTECO.BSE_IDX,01/07/2025,12:53:10,3066.9,0,0,0,0,0,0
INTECO.BSE_IDX,01/07/2025,12:53:18,3066.95,0,0,0,0,0,0
INTECO.BSE_IDX,01/07/2025,12:53:26,3066.74,0,0,0,0,0,0
INTECO.BSE_IDX,01/07/2025,12:53:34,3067.05,0,0,0,0,0,0
INTECO.BSE_IDX,01/07/2025,12:53:42,3067.02,0,0,0,0,0,0
INTECO.BSE_IDX,01/07/2025,12:53:50,3066.97,0,0,0,0,0,0
INTECO.BSE_IDX,01/07/2025,12:53:58,3067.38,0,0,0,0,0,0
INTECO.BSE_IDX,01/07/2025,12:54:06,3067.41,0,0,0,0,0,0
INTECO.BSE_IDX,01/07/2025,12:54:14,3067.72,0,0,0,0,0,0
INTECO.BSE_IDX,01/07/2025,12:54:22,3067.55,0,0,0,0,0,0
INTECO.BSE_IDX,01/07/2025,12:54:30,3067.33,0,0,0,0,0,0
INTECO.BSE_IDX,01/07/2025,12:54:38,3067.36,0,0,0,0,0,0
INTECO.BSE_IDX,01/07/2025,12:54:46,3067.37,0,0,0,0,0,0
INTECO.BSE_IDX,01/07/2025,12:54:54,3067.42,0,0,0,0,0,0
INTECO.BSE_IDX,01/07/2025,12:55:02,3067.29,0,0,0,0,0,0
INTECO.BSE_IDX,01/07/2025,12:55:10,3067.37,0,0,0,0,0,0
INTECO.BSE_IDX,01/07/2025,12:55:18,3067.32,0,0,0,0,0,0
INTECO.BSE_IDX,01/07/2025,12:55:26,3067.26,0,0,0,0,0,0
INTECO.BSE_IDX,01/07/2025,12:55:34,3067.12,0,0,0,0,0,0
INTECO.BSE_IDX,01/07/2025,12:55:42,3066.58,0,0,0,0,0,0
INTECO.BSE_IDX,01/07/2025,12:55:50,3066.36,0,0,0,0,0,0
INTECO.BSE_IDX,01/07/2025,12:55:58,3066.02,0,0,0,0,0,0
INTECO.BSE_IDX,01/07/2025,12:56:06,3066.14,0,0,0,0,0,0
INTECO.BSE_IDX,01/07/2025,12:56:15,3066.17,0,0,0,0,0,0
INTECO.BSE_IDX,01/07/2025,12:56:22,3066.03,0,0,0,0,0,0
INTECO.BSE_IDX,01/07/2025,12:56:30,3066.03,0,0,0,0,0,0
INTECO.BSE_IDX,01/07/2025,12:56:38,3066.12,0,0,0,0,0,0
INTECO.BSE_IDX,01/07/2025,12:56:46,3065.94,0,0,0,0,0,0
INTECO.BSE_IDX,01/07/2025,12:56:54,3065.84,0,0,0,0,0,0
INTECO.BSE_IDX,01/07/2025,12:57:02,3066.17,0,0,0,0,0,0
INTECO.BSE_IDX,01/07/2025,12:57:10,3065.96,0,0,0,0,0,0
INTECO.BSE_IDX,01/07/2025,12:57:18,3065.81,0,0,0,0,0,0
INTECO.BSE_IDX,01/07/2025,12:57:26,3065.55,0,0,0,0,0,0
INTECO.BSE_IDX,01/07/2025,12:57:34,3065.27,0,0,0,0,0,0
INTECO.BSE_IDX,01/07/2025,12:57:42,3065.29,0,0,0,0,0,0
INTECO.BSE_IDX,01/07/2025,12:57:51,3065.13,0,0,0,0,0,0
INTECO.BSE_IDX,01/07/2025,12:57:58,3065.13,0,0,0,0,0,0
INTECO.BSE_IDX,01/07/2025,12:58:06,3065.48,0,0,0,0,0,0
INTECO.BSE_IDX,01/07/2025,12:58:14,3065.24,0,0,0,0,0,0
INTECO.BSE_IDX,01/07/2025,12:58:22,3065.25,0,0,0,0,0,0
