Ticker,Date,Time,LTP,BuyPrice,BuyQty,SellPrice,SellQty,LTQ,OpenInterest
LCTMCI.BSE_IDX,01/07/2025,09:00:07,9470.64,0,0,0,0,0,0
LCTMCI.BSE_IDX,01/07/2025,09:00:15,9474.9,0,0,0,0,0,0
LCTMCI.BSE_IDX,01/07/2025,09:00:23,9470.91,0,0,0,0,0,0
LCTMCI.BSE_IDX,01/07/2025,09:00:31,9473.92,0,0,0,0,0,0
LCTMCI.BSE_IDX,01/07/2025,09:00:39,9465.88,0,0,0,0,0,0
LCTMCI.BSE_IDX,01/07/2025,09:00:47,9456.46,0,0,0,0,0,0
LCTMCI.BSE_IDX,01/07/2025,09:00:55,9457.3,0,0,0,0,0,0
LCTMCI.BSE_IDX,01/07/2025,09:01:03,9457.11,0,0,0,0,0,0
LCTMCI.BSE_IDX,01/07/2025,09:01:11,9456.77,0,0,0,0,0,0
LCTMCI.BSE_IDX,01/07/2025,09:01:19,9459.96,0,0,0,0,0,0
LCTMCI.BSE_IDX,01/07/2025,09:01:27,9457.92,0,0,0,0,0,0
LCTMCI.BSE_IDX,01/07/2025,09:01:35,9454.29,0,0,0,0,0,0
LCTMCI.BSE_IDX,01/07/2025,09:01:43,9449.54,0,0,0,0,0,0
LCTMCI.BSE_IDX,01/07/2025,09:01:51,9443,0,0,0,0,0,0
LCTMCI.BSE_IDX,01/07/2025,09:01:59,9446,0,0,0,0,0,0
LCTMCI.BSE_IDX,01/07/2025,09:02:07,9447.44,0,0,0,0,0,0
LCTMCI.BSE_IDX,01/07/2025,09:02:15,9448.33,0,0,0,0,0,0
LCTMCI.BSE_IDX,01/07/2025,09:02:23,9447.6,0,0,0,0,0,0
LCTMCI.BSE_IDX,01/07/2025,09:02:31,9449.47,0,0,0,0,0,0
LCTMCI.BSE_IDX,01/07/2025,09:02:39,9449.76,0,0,0,0,0,0
LCTMCI.BSE_IDX,01/07/2025,09:02:47,9447.3,0,0,0,0,0,0
LCTMCI.BSE_IDX,01/07/2025,09:02:55,9447.65,0,0,0,0,0,0
LCTMCI.BSE_IDX,01/07/2025,09:03:03,9454.11,0,0,0,0,0,0
LCTMCI.BSE_IDX,01/07/2025,09:03:11,9452.62,0,0,0,0,0,0
LCTMCI.BSE_IDX,01/07/2025,09:03:19,9451.63,0,0,0,0,0,0
LCTMCI.BSE_IDX,01/07/2025,09:03:27,9448.99,0,0,0,0,0,0
LCTMCI.BSE_IDX,01/07/2025,09:03:35,9449.85,0,0,0,0,0,0
LCTMCI.BSE_IDX,01/07/2025,09:03:43,9447.64,0,0,0,0,0,0
LCTMCI.BSE_IDX,01/07/2025,09:03:51,9445.46,0,0,0,0,0,0
LCTMCI.BSE_IDX,01/07/2025,09:03:59,9439.43,0,0,0,0,0,0
LCTMCI.BSE_IDX,01/07/2025,09:04:07,9438.4,0,0,0,0,0,0
LCTMCI.BSE_IDX,01/07/2025,09:04:15,9437.08,0,0,0,0,0,0
LCTMCI.BSE_IDX,01/07/2025,09:04:23,9437.42,0,0,0,0,0,0
LCTMCI.BSE_IDX,01/07/2025,09:04:31,9436.93,0,0,0,0,0,0
LCTMCI.BSE_IDX,01/07/2025,09:04:39,9436.25,0,0,0,0,0,0
LCTMCI.BSE_IDX,01/07/2025,09:04:47,9433.76,0,0,0,0,0,0
LCTMCI.BSE_IDX,01/07/2025,09:04:55,9430.67,0,0,0,0,0,0
LCTMCI.BSE_IDX,01/07/2025,09:05:03,9430.65,0,0,0,0,0,0
LCTMCI.BSE_IDX,01/07/2025,09:05:11,9429.34,0,0,0,0,0,0
LCTMCI.BSE_IDX,01/07/2025,09:05:19,9434.1,0,0,0,0,0,0
LCTMCI.BSE_IDX,01/07/2025,09:05:27,9434.63,0,0,0,0,0,0
LCTMCI.BSE_IDX,01/07/2025,09:05:35,9435.7,0,0,0,0,0,0
LCTMCI.BSE_IDX,01/07/2025,09:05:43,9434.55,0,0,0,0,0,0
LCTMCI.BSE_IDX,01/07/2025,09:05:51,9435.13,0,0,0,0,0,0
LCTMCI.BSE_IDX,01/07/2025,09:05:59,9437.43,0,0,0,0,0,0
LCTMCI.BSE_IDX,01/07/2025,09:06:07,9437.7,0,0,0,0,0,0
LCTMCI.BSE_IDX,01/07/2025,09:06:15,9438.2,0,0,0,0,0,0
LCTMCI.BSE_IDX,01/07/2025,09:06:23,9440.3,0,0,0,0,0,0
LCTMCI.BSE_IDX,01/07/2025,09:06:31,9442.5,0,0,0,0,0,0
LCTMCI.BSE_IDX,01/07/2025,09:06:39,9441.77,0,0,0,0,0,0
LCTMCI.BSE_IDX,01/07/2025,09:06:47,9440.08,0,0,0,0,0,0
LCTMCI.BSE_IDX,01/07/2025,09:06:55,9440.97,0,0,0,0,0,0
LCTMCI.BSE_IDX,01/07/2025,09:07:04,9439.99,0,0,0,0,0,0
LCTMCI.BSE_IDX,01/07/2025,09:07:11,9439.99,0,0,0,0,0,0
LCTMCI.BSE_IDX,01/07/2025,09:07:19,9439.99,0,0,0,0,0,0
LCTMCI.BSE_IDX,01/07/2025,09:07:27,9439.99,0,0,0,0,0,0
LCTMCI.BSE_IDX,01/07/2025,09:07:35,9439.99,0,0,0,0,0,0
LCTMCI.BSE_IDX,01/07/2025,09:07:43,9439.99,0,0,0,0,0,0
LCTMCI.BSE_IDX,01/07/2025,09:07:51,9439.99,0,0,0,0,0,0
LCTMCI.BSE_IDX,01/07/2025,09:07:59,9439.99,0,0,0,0,0,0
LCTMCI.BSE_IDX,01/07/2025,09:08:07,9439.99,0,0,0,0,0,0
LCTMCI.BSE_IDX,01/07/2025,09:08:15,9439.99,0,0,0,0,0,0
LCTMCI.BSE_IDX,01/07/2025,09:08:23,9439.99,0,0,0,0,0,0
LCTMCI.BSE_IDX,01/07/2025,09:08:31,9439.99,0,0,0,0,0,0
LCTMCI.BSE_IDX,01/07/2025,09:08:39,9439.99,0,0,0,0,0,0
LCTMCI.BSE_IDX,01/07/2025,09:08:47,9439.99,0,0,0,0,0,0
LCTMCI.BSE_IDX,01/07/2025,09:08:55,9439.99,0,0,0,0,0,0
LCTMCI.BSE_IDX,01/07/2025,09:09:03,9440.01,0,0,0,0,0,0
LCTMCI.BSE_IDX,01/07/2025,09:09:11,9440.01,0,0,0,0,0,0
LCTMCI.BSE_IDX,01/07/2025,09:09:19,9440.01,0,0,0,0,0,0
LCTMCI.BSE_IDX,01/07/2025,09:09:27,9440.01,0,0,0,0,0,0
LCTMCI.BSE_IDX,01/07/2025,09:09:35,9440.01,0,0,0,0,0,0
LCTMCI.BSE_IDX,01/07/2025,09:09:43,9440.01,0,0,0,0,0,0
LCTMCI.BSE_IDX,01/07/2025,09:09:51,9440.01,0,0,0,0,0,0
LCTMCI.BSE_IDX,01/07/2025,09:09:59,9440.01,0,0,0,0,0,0
LCTMCI.BSE_IDX,01/07/2025,09:10:07,9440.01,0,0,0,0,0,0
LCTMCI.BSE_IDX,01/07/2025,09:10:15,9440.01,0,0,0,0,0,0
LCTMCI.BSE_IDX,01/07/2025,09:10:23,9440.01,0,0,0,0,0,0
LCTMCI.BSE_IDX,01/07/2025,09:10:31,9440.01,0,0,0,0,0,0
LCTMCI.BSE_IDX,01/07/2025,09:10:39,9440.01,0,0,0,0,0,0
LCTMCI.BSE_IDX,01/07/2025,09:10:47,9440.01,0,0,0,0,0,0
LCTMCI.BSE_IDX,01/07/2025,09:10:55,9440.01,0,0,0,0,0,0
LCTMCI.BSE_IDX,01/07/2025,09:11:03,9440.01,0,0,0,0,0,0
LCTMCI.BSE_IDX,01/07/2025,09:11:11,9440.01,0,0,0,0,0,0
LCTMCI.BSE_IDX,01/07/2025,09:11:19,9440.01,0,0,0,0,0,0
LCTMCI.BSE_IDX,01/07/2025,09:11:27,9440.01,0,0,0,0,0,0
LCTMCI.BSE_IDX,01/07/2025,09:11:35,9440.01,0,0,0,0,0,0
LCTMCI.BSE_IDX,01/07/2025,09:11:43,9440.01,0,0,0,0,0,0
LCTMCI.BSE_IDX,01/07/2025,09:11:51,9440.01,0,0,0,0,0,0
LCTMCI.BSE_IDX,01/07/2025,09:11:59,9440.01,0,0,0,0,0,0
LCTMCI.BSE_IDX,01/07/2025,09:12:07,9440.01,0,0,0,0,0,0
LCTMCI.BSE_IDX,01/07/2025,09:12:16,9440.01,0,0,0,0,0,0
LCTMCI.BSE_IDX,01/07/2025,09:12:23,9440.01,0,0,0,0,0,0
LCTMCI.BSE_IDX,01/07/2025,09:12:31,9440.01,0,0,0,0,0,0
LCTMCI.BSE_IDX,01/07/2025,09:12:39,9440.01,0,0,0,0,0,0
LCTMCI.BSE_IDX,01/07/2025,09:12:47,9440.01,0,0,0,0,0,0
LCTMCI.BSE_IDX,01/07/2025,09:12:55,9440.01,0,0,0,0,0,0
LCTMCI.BSE_IDX,01/07/2025,09:13:03,9440.01,0,0,0,0,0,0
LCTMCI.BSE_IDX,01/07/2025,09:13:11,9440.01,0,0,0,0,0,0
LCTMCI.BSE_IDX,01/07/2025,09:13:19,9440.01,0,0,0,0,0,0
LCTMCI.BSE_IDX,01/07/2025,09:13:27,9440.01,0,0,0,0,0,0
LCTMCI.BSE_IDX,01/07/2025,09:13:35,9440.01,0,0,0,0,0,0
LCTMCI.BSE_IDX,01/07/2025,09:13:43,9440.01,0,0,0,0,0,0
LCTMCI.BSE_IDX,01/07/2025,09:13:51,9440.01,0,0,0,0,0,0
LCTMCI.BSE_IDX,01/07/2025,09:13:59,9440.01,0,0,0,0,0,0
LCTMCI.BSE_IDX,01/07/2025,09:14:07,9440.01,0,0,0,0,0,0
LCTMCI.BSE_IDX,01/07/2025,09:14:15,9440.01,0,0,0,0,0,0
LCTMCI.BSE_IDX,01/07/2025,09:14:23,9440.01,0,0,0,0,0,0
LCTMCI.BSE_IDX,01/07/2025,09:14:31,9440.01,0,0,0,0,0,0
LCTMCI.BSE_IDX,01/07/2025,09:14:39,9440.01,0,0,0,0,0,0
LCTMCI.BSE_IDX,01/07/2025,09:14:47,9440.01,0,0,0,0,0,0
LCTMCI.BSE_IDX,01/07/2025,09:14:55,9440.01,0,0,0,0,0,0
LCTMCI.BSE_IDX,01/07/2025,09:15:04,9443.68,0,0,0,0,0,0
LCTMCI.BSE_IDX,01/07/2025,09:15:11,9446.33,0,0,0,0,0,0
LCTMCI.BSE_IDX,01/07/2025,09:15:19,9441.68,0,0,0,0,0,0
LCTMCI.BSE_IDX,01/07/2025,09:15:27,9437.91,0,0,0,0,0,0
LCTMCI.BSE_IDX,01/07/2025,09:15:35,9437.37,0,0,0,0,0,0
LCTMCI.BSE_IDX,01/07/2025,09:15:43,9436.2,0,0,0,0,0,0
LCTMCI.BSE_IDX,01/07/2025,09:15:51,9434.47,0,0,0,0,0,0
LCTMCI.BSE_IDX,01/07/2025,09:15:59,9432.38,0,0,0,0,0,0
LCTMCI.BSE_IDX,01/07/2025,09:16:07,9431.64,0,0,0,0,0,0
LCTMCI.BSE_IDX,01/07/2025,09:16:15,9433.84,0,0,0,0,0,0
LCTMCI.BSE_IDX,01/07/2025,09:16:24,9434.56,0,0,0,0,0,0
LCTMCI.BSE_IDX,01/07/2025,09:16:31,9433.33,0,0,0,0,0,0
LCTMCI.BSE_IDX,01/07/2025,09:16:39,9433.11,0,0,0,0,0,0
LCTMCI.BSE_IDX,01/07/2025,09:16:48,9430.63,0,0,0,0,0,0
LCTMCI.BSE_IDX,01/07/2025,09:16:55,9430.84,0,0,0,0,0,0
LCTMCI.BSE_IDX,01/07/2025,09:17:03,9432.23,0,0,0,0,0,0
LCTMCI.BSE_IDX,01/07/2025,09:17:12,9429.88,0,0,0,0,0,0
LCTMCI.BSE_IDX,01/07/2025,09:17:19,9430.01,0,0,0,0,0,0
LCTMCI.BSE_IDX,01/07/2025,09:17:27,9430.75,0,0,0,0,0,0
LCTMCI.BSE_IDX,01/07/2025,09:17:35,9431.92,0,0,0,0,0,0
LCTMCI.BSE_IDX,01/07/2025,09:17:44,9434.51,0,0,0,0,0,0
LCTMCI.BSE_IDX,01/07/2025,09:17:51,9436.05,0,0,0,0,0,0
LCTMCI.BSE_IDX,01/07/2025,09:17:59,9435.39,0,0,0,0,0,0
LCTMCI.BSE_IDX,01/07/2025,09:18:07,9436.92,0,0,0,0,0,0
LCTMCI.BSE_IDX,01/07/2025,09:18:15,9437.18,0,0,0,0,0,0
LCTMCI.BSE_IDX,01/07/2025,09:18:23,9436.79,0,0,0,0,0,0
LCTMCI.BSE_IDX,01/07/2025,09:18:31,9436.56,0,0,0,0,0,0
LCTMCI.BSE_IDX,01/07/2025,09:18:39,9437.4,0,0,0,0,0,0
LCTMCI.BSE_IDX,01/07/2025,09:18:47,9437.96,0,0,0,0,0,0
LCTMCI.BSE_IDX,01/07/2025,09:18:56,9437.84,0,0,0,0,0,0
LCTMCI.BSE_IDX,01/07/2025,09:19:03,9437.34,0,0,0,0,0,0
LCTMCI.BSE_IDX,01/07/2025,09:19:11,9436.23,0,0,0,0,0,0
LCTMCI.BSE_IDX,01/07/2025,09:19:19,9436.32,0,0,0,0,0,0
LCTMCI.BSE_IDX,01/07/2025,09:19:28,9435.62,0,0,0,0,0,0
LCTMCI.BSE_IDX,01/07/2025,09:19:35,9436.93,0,0,0,0,0,0
LCTMCI.BSE_IDX,01/07/2025,09:19:43,9436.47,0,0,0,0,0,0
LCTMCI.BSE_IDX,01/07/2025,09:19:52,9437.11,0,0,0,0,0,0
LCTMCI.BSE_IDX,01/07/2025,09:19:59,9436.51,0,0,0,0,0,0
LCTMCI.BSE_IDX,01/07/2025,09:20:07,9438.01,0,0,0,0,0,0
LCTMCI.BSE_IDX,01/07/2025,09:20:15,9439.24,0,0,0,0,0,0
LCTMCI.BSE_IDX,01/07/2025,09:20:24,9438.58,0,0,0,0,0,0
LCTMCI.BSE_IDX,01/07/2025,09:20:31,9439.78,0,0,0,0,0,0
LCTMCI.BSE_IDX,01/07/2025,09:20:39,9439.93,0,0,0,0,0,0
LCTMCI.BSE_IDX,01/07/2025,09:20:47,9439.69,0,0,0,0,0,0
LCTMCI.BSE_IDX,01/07/2025,09:20:55,9438.88,0,0,0,0,0,0
LCTMCI.BSE_IDX,01/07/2025,09:21:03,9438.81,0,0,0,0,0,0
LCTMCI.BSE_IDX,01/07/2025,09:21:11,9440.14,0,0,0,0,0,0
LCTMCI.BSE_IDX,01/07/2025,09:21:19,9442.62,0,0,0,0,0,0
LCTMCI.BSE_IDX,01/07/2025,09:21:27,9442.51,0,0,0,0,0,0
LCTMCI.BSE_IDX,01/07/2025,09:21:36,9442.92,0,0,0,0,0,0
LCTMCI.BSE_IDX,01/07/2025,09:21:43,9444.48,0,0,0,0,0,0
LCTMCI.BSE_IDX,01/07/2025,09:21:51,9445.25,0,0,0,0,0,0
LCTMCI.BSE_IDX,01/07/2025,09:21:59,9445.56,0,0,0,0,0,0
LCTMCI.BSE_IDX,01/07/2025,09:22:07,9445.06,0,0,0,0,0,0
LCTMCI.BSE_IDX,01/07/2025,09:22:15,9444.98,0,0,0,0,0,0
LCTMCI.BSE_IDX,01/07/2025,09:22:23,9447.12,0,0,0,0,0,0
LCTMCI.BSE_IDX,01/07/2025,09:22:31,9448.52,0,0,0,0,0,0
LCTMCI.BSE_IDX,01/07/2025,09:22:39,9448.48,0,0,0,0,0,0
LCTMCI.BSE_IDX,01/07/2025,09:22:47,9449.02,0,0,0,0,0,0
LCTMCI.BSE_IDX,01/07/2025,09:22:55,9449.09,0,0,0,0,0,0
LCTMCI.BSE_IDX,01/07/2025,09:23:03,9448.63,0,0,0,0,0,0
LCTMCI.BSE_IDX,01/07/2025,09:23:11,9447.76,0,0,0,0,0,0
LCTMCI.BSE_IDX,01/07/2025,09:23:19,9446.66,0,0,0,0,0,0
LCTMCI.BSE_IDX,01/07/2025,09:23:27,9445.54,0,0,0,0,0,0
LCTMCI.BSE_IDX,01/07/2025,09:23:35,9444.89,0,0,0,0,0,0
LCTMCI.BSE_IDX,01/07/2025,09:23:44,9444.36,0,0,0,0,0,0
LCTMCI.BSE_IDX,01/07/2025,09:23:51,9443.02,0,0,0,0,0,0
LCTMCI.BSE_IDX,01/07/2025,09:23:59,9442.85,0,0,0,0,0,0
LCTMCI.BSE_IDX,01/07/2025,09:24:08,9444.39,0,0,0,0,0,0
LCTMCI.BSE_IDX,01/07/2025,09:24:15,9444.38,0,0,0,0,0,0
LCTMCI.BSE_IDX,01/07/2025,09:24:23,9444.29,0,0,0,0,0,0
LCTMCI.BSE_IDX,01/07/2025,09:24:32,9443.79,0,0,0,0,0,0
LCTMCI.BSE_IDX,01/07/2025,09:24:39,9443.65,0,0,0,0,0,0
LCTMCI.BSE_IDX,01/07/2025,09:24:48,9444.49,0,0,0,0,0,0
LCTMCI.BSE_IDX,01/07/2025,09:24:57,9443.9,0,0,0,0,0,0
LCTMCI.BSE_IDX,01/07/2025,09:25:03,9444.18,0,0,0,0,0,0
LCTMCI.BSE_IDX,01/07/2025,09:25:12,9445.32,0,0,0,0,0,0
LCTMCI.BSE_IDX,01/07/2025,09:25:19,9446.16,0,0,0,0,0,0
LCTMCI.BSE_IDX,01/07/2025,09:25:29,9446.24,0,0,0,0,0,0
LCTMCI.BSE_IDX,01/07/2025,09:25:35,9448.47,0,0,0,0,0,0
LCTMCI.BSE_IDX,01/07/2025,09:25:43,9448.54,0,0,0,0,0,0
LCTMCI.BSE_IDX,01/07/2025,09:25:51,9448.88,0,0,0,0,0,0
LCTMCI.BSE_IDX,01/07/2025,09:25:59,9449.04,0,0,0,0,0,0
LCTMCI.BSE_IDX,01/07/2025,09:26:08,9447.97,0,0,0,0,0,0
LCTMCI.BSE_IDX,01/07/2025,09:26:15,9447.28,0,0,0,0,0,0
LCTMCI.BSE_IDX,01/07/2025,09:26:24,9448.65,0,0,0,0,0,0
LCTMCI.BSE_IDX,01/07/2025,09:26:31,9449.13,0,0,0,0,0,0
LCTMCI.BSE_IDX,01/07/2025,09:26:39,9449.2,0,0,0,0,0,0
LCTMCI.BSE_IDX,01/07/2025,09:26:48,9449.23,0,0,0,0,0,0
LCTMCI.BSE_IDX,01/07/2025,09:26:55,9450.25,0,0,0,0,0,0
LCTMCI.BSE_IDX,01/07/2025,09:27:04,9450.8,0,0,0,0,0,0
LCTMCI.BSE_IDX,01/07/2025,09:27:12,9450.17,0,0,0,0,0,0
LCTMCI.BSE_IDX,01/07/2025,09:27:19,9450.74,0,0,0,0,0,0
LCTMCI.BSE_IDX,01/07/2025,09:27:28,9449.92,0,0,0,0,0,0
LCTMCI.BSE_IDX,01/07/2025,09:27:36,9449.51,0,0,0,0,0,0
LCTMCI.BSE_IDX,01/07/2025,09:27:44,9449.59,0,0,0,0,0,0
LCTMCI.BSE_IDX,01/07/2025,09:27:51,9449.68,0,0,0,0,0,0
LCTMCI.BSE_IDX,01/07/2025,09:28:00,9451.07,0,0,0,0,0,0
LCTMCI.BSE_IDX,01/07/2025,09:28:08,9450.11,0,0,0,0,0,0
LCTMCI.BSE_IDX,01/07/2025,09:28:16,9450.5,0,0,0,0,0,0
LCTMCI.BSE_IDX,01/07/2025,09:28:24,9449.28,0,0,0,0,0,0
LCTMCI.BSE_IDX,01/07/2025,09:28:32,9448.42,0,0,0,0,0,0
LCTMCI.BSE_IDX,01/07/2025,09:28:40,9446.98,0,0,0,0,0,0
LCTMCI.BSE_IDX,01/07/2025,09:28:48,9446.67,0,0,0,0,0,0
LCTMCI.BSE_IDX,01/07/2025,09:28:56,9446.09,0,0,0,0,0,0
LCTMCI.BSE_IDX,01/07/2025,09:29:04,9446.77,0,0,0,0,0,0
LCTMCI.BSE_IDX,01/07/2025,09:29:12,9446.94,0,0,0,0,0,0
LCTMCI.BSE_IDX,01/07/2025,09:29:20,9445.98,0,0,0,0,0,0
LCTMCI.BSE_IDX,01/07/2025,09:29:28,9445.98,0,0,0,0,0,0
LCTMCI.BSE_IDX,01/07/2025,09:29:36,9446.26,0,0,0,0,0,0
LCTMCI.BSE_IDX,01/07/2025,09:29:44,9447.22,0,0,0,0,0,0
LCTMCI.BSE_IDX,01/07/2025,09:29:52,9447.41,0,0,0,0,0,0
LCTMCI.BSE_IDX,01/07/2025,09:30:00,9448.15,0,0,0,0,0,0
LCTMCI.BSE_IDX,01/07/2025,09:30:08,9449.25,0,0,0,0,0,0
LCTMCI.BSE_IDX,01/07/2025,09:30:16,9452.39,0,0,0,0,0,0
LCTMCI.BSE_IDX,01/07/2025,09:30:24,9452.67,0,0,0,0,0,0
LCTMCI.BSE_IDX,01/07/2025,09:30:32,9453.52,0,0,0,0,0,0
LCTMCI.BSE_IDX,01/07/2025,09:30:40,9454.17,0,0,0,0,0,0
LCTMCI.BSE_IDX,01/07/2025,09:30:48,9454.25,0,0,0,0,0,0
LCTMCI.BSE_IDX,01/07/2025,09:30:56,9453.28,0,0,0,0,0,0
LCTMCI.BSE_IDX,01/07/2025,09:31:04,9453.44,0,0,0,0,0,0
LCTMCI.BSE_IDX,01/07/2025,09:31:12,9451.65,0,0,0,0,0,0
LCTMCI.BSE_IDX,01/07/2025,09:31:20,9450.76,0,0,0,0,0,0
LCTMCI.BSE_IDX,01/07/2025,09:31:28,9450.37,0,0,0,0,0,0
LCTMCI.BSE_IDX,01/07/2025,09:31:36,9450.02,0,0,0,0,0,0
LCTMCI.BSE_IDX,01/07/2025,09:31:44,9449.38,0,0,0,0,0,0
LCTMCI.BSE_IDX,01/07/2025,09:31:52,9450.01,0,0,0,0,0,0
LCTMCI.BSE_IDX,01/07/2025,09:32:00,9450.76,0,0,0,0,0,0
LCTMCI.BSE_IDX,01/07/2025,09:32:08,9449.69,0,0,0,0,0,0
LCTMCI.BSE_IDX,01/07/2025,09:32:16,9449.12,0,0,0,0,0,0
LCTMCI.BSE_IDX,01/07/2025,09:32:24,9448.87,0,0,0,0,0,0
LCTMCI.BSE_IDX,01/07/2025,09:32:32,9449.52,0,0,0,0,0,0
LCTMCI.BSE_IDX,01/07/2025,09:32:40,9449.08,0,0,0,0,0,0
LCTMCI.BSE_IDX,01/07/2025,09:32:48,9449.77,0,0,0,0,0,0
LCTMCI.BSE_IDX,01/07/2025,09:32:56,9450.85,0,0,0,0,0,0
LCTMCI.BSE_IDX,01/07/2025,09:33:04,9451.84,0,0,0,0,0,0
LCTMCI.BSE_IDX,01/07/2025,09:33:12,9452.18,0,0,0,0,0,0
LCTMCI.BSE_IDX,01/07/2025,09:33:20,9452.64,0,0,0,0,0,0
LCTMCI.BSE_IDX,01/07/2025,09:33:28,9452.63,0,0,0,0,0,0
LCTMCI.BSE_IDX,01/07/2025,09:33:36,9452.39,0,0,0,0,0,0
LCTMCI.BSE_IDX,01/07/2025,09:33:44,9452.17,0,0,0,0,0,0
LCTMCI.BSE_IDX,01/07/2025,09:33:52,9452.14,0,0,0,0,0,0
LCTMCI.BSE_IDX,01/07/2025,09:34:00,9452.09,0,0,0,0,0,0
LCTMCI.BSE_IDX,01/07/2025,09:34:08,9451.52,0,0,0,0,0,0
LCTMCI.BSE_IDX,01/07/2025,09:34:16,9451.25,0,0,0,0,0,0
LCTMCI.BSE_IDX,01/07/2025,09:34:24,9451.58,0,0,0,0,0,0
LCTMCI.BSE_IDX,01/07/2025,09:34:32,9451.28,0,0,0,0,0,0
LCTMCI.BSE_IDX,01/07/2025,09:34:40,9451.6,0,0,0,0,0,0
LCTMCI.BSE_IDX,01/07/2025,09:34:48,9451.9,0,0,0,0,0,0
LCTMCI.BSE_IDX,01/07/2025,09:34:56,9451.82,0,0,0,0,0,0
LCTMCI.BSE_IDX,01/07/2025,09:35:05,9451.16,0,0,0,0,0,0
LCTMCI.BSE_IDX,01/07/2025,09:35:12,9451.08,0,0,0,0,0,0
LCTMCI.BSE_IDX,01/07/2025,09:35:20,9449.62,0,0,0,0,0,0
LCTMCI.BSE_IDX,01/07/2025,09:35:28,9449.3,0,0,0,0,0,0
LCTMCI.BSE_IDX,01/07/2025,09:35:36,9449.89,0,0,0,0,0,0
LCTMCI.BSE_IDX,01/07/2025,09:35:44,9449.93,0,0,0,0,0,0
LCTMCI.BSE_IDX,01/07/2025,09:35:52,9449.19,0,0,0,0,0,0
LCTMCI.BSE_IDX,01/07/2025,09:36:00,9449.49,0,0,0,0,0,0
LCTMCI.BSE_IDX,01/07/2025,09:36:08,9449.33,0,0,0,0,0,0
LCTMCI.BSE_IDX,01/07/2025,09:36:16,9449.01,0,0,0,0,0,0
LCTMCI.BSE_IDX,01/07/2025,09:36:24,9449.14,0,0,0,0,0,0
LCTMCI.BSE_IDX,01/07/2025,09:36:33,9448.75,0,0,0,0,0,0
LCTMCI.BSE_IDX,01/07/2025,09:36:40,9447.35,0,0,0,0,0,0
LCTMCI.BSE_IDX,01/07/2025,09:36:48,9449.11,0,0,0,0,0,0
LCTMCI.BSE_IDX,01/07/2025,09:36:56,9448.99,0,0,0,0,0,0
LCTMCI.BSE_IDX,01/07/2025,09:37:04,9449.57,0,0,0,0,0,0
LCTMCI.BSE_IDX,01/07/2025,09:37:12,9450.05,0,0,0,0,0,0
LCTMCI.BSE_IDX,01/07/2025,09:37:20,9449.76,0,0,0,0,0,0
LCTMCI.BSE_IDX,01/07/2025,09:37:28,9450.29,0,0,0,0,0,0
LCTMCI.BSE_IDX,01/07/2025,09:37:36,9449.86,0,0,0,0,0,0
LCTMCI.BSE_IDX,01/07/2025,09:37:44,9450.59,0,0,0,0,0,0
LCTMCI.BSE_IDX,01/07/2025,09:37:52,9450.43,0,0,0,0,0,0
LCTMCI.BSE_IDX,01/07/2025,09:38:00,9450.78,0,0,0,0,0,0
LCTMCI.BSE_IDX,01/07/2025,09:38:08,9450.16,0,0,0,0,0,0
LCTMCI.BSE_IDX,01/07/2025,09:38:16,9449.5,0,0,0,0,0,0
LCTMCI.BSE_IDX,01/07/2025,09:38:24,9449.7,0,0,0,0,0,0
LCTMCI.BSE_IDX,01/07/2025,09:38:32,9449.05,0,0,0,0,0,0
LCTMCI.BSE_IDX,01/07/2025,09:38:40,9448.34,0,0,0,0,0,0
LCTMCI.BSE_IDX,01/07/2025,09:38:48,9448.59,0,0,0,0,0,0
LCTMCI.BSE_IDX,01/07/2025,09:38:56,9448.68,0,0,0,0,0,0
LCTMCI.BSE_IDX,01/07/2025,09:39:04,9447.25,0,0,0,0,0,0
LCTMCI.BSE_IDX,01/07/2025,09:39:12,9448.33,0,0,0,0,0,0
LCTMCI.BSE_IDX,01/07/2025,09:39:20,9448.66,0,0,0,0,0,0
LCTMCI.BSE_IDX,01/07/2025,09:39:28,9448.57,0,0,0,0,0,0
LCTMCI.BSE_IDX,01/07/2025,09:39:36,9449.18,0,0,0,0,0,0
LCTMCI.BSE_IDX,01/07/2025,09:39:44,9449.94,0,0,0,0,0,0
LCTMCI.BSE_IDX,01/07/2025,09:39:52,9450.34,0,0,0,0,0,0
LCTMCI.BSE_IDX,01/07/2025,09:40:00,9450.73,0,0,0,0,0,0
LCTMCI.BSE_IDX,01/07/2025,09:40:08,9451.35,0,0,0,0,0,0
LCTMCI.BSE_IDX,01/07/2025,09:40:16,9451.59,0,0,0,0,0,0
LCTMCI.BSE_IDX,01/07/2025,09:40:24,9452.12,0,0,0,0,0,0
LCTMCI.BSE_IDX,01/07/2025,09:40:32,9450.44,0,0,0,0,0,0
LCTMCI.BSE_IDX,01/07/2025,09:40:40,9450.38,0,0,0,0,0,0
LCTMCI.BSE_IDX,01/07/2025,09:40:48,9450.25,0,0,0,0,0,0
LCTMCI.BSE_IDX,01/07/2025,09:40:56,9450.52,0,0,0,0,0,0
LCTMCI.BSE_IDX,01/07/2025,09:41:04,9450.12,0,0,0,0,0,0
LCTMCI.BSE_IDX,01/07/2025,09:41:12,9450.62,0,0,0,0,0,0
LCTMCI.BSE_IDX,01/07/2025,09:41:20,9451.06,0,0,0,0,0,0
LCTMCI.BSE_IDX,01/07/2025,09:41:28,9451.42,0,0,0,0,0,0
LCTMCI.BSE_IDX,01/07/2025,09:41:36,9451.76,0,0,0,0,0,0
LCTMCI.BSE_IDX,01/07/2025,09:41:44,9450.88,0,0,0,0,0,0
LCTMCI.BSE_IDX,01/07/2025,09:41:52,9450.88,0,0,0,0,0,0
LCTMCI.BSE_IDX,01/07/2025,09:42:00,9451.55,0,0,0,0,0,0
LCTMCI.BSE_IDX,01/07/2025,09:42:08,9452.39,0,0,0,0,0,0
LCTMCI.BSE_IDX,01/07/2025,09:42:16,9452.34,0,0,0,0,0,0
LCTMCI.BSE_IDX,01/07/2025,09:42:24,9451.71,0,0,0,0,0,0
LCTMCI.BSE_IDX,01/07/2025,09:42:32,9451.53,0,0,0,0,0,0
LCTMCI.BSE_IDX,01/07/2025,09:42:40,9451.68,0,0,0,0,0,0
LCTMCI.BSE_IDX,01/07/2025,09:42:48,9452.29,0,0,0,0,0,0
LCTMCI.BSE_IDX,01/07/2025,09:42:56,9453.57,0,0,0,0,0,0
LCTMCI.BSE_IDX,01/07/2025,09:43:04,9452.7,0,0,0,0,0,0
LCTMCI.BSE_IDX,01/07/2025,09:43:12,9452.2,0,0,0,0,0,0
LCTMCI.BSE_IDX,01/07/2025,09:43:20,9451.81,0,0,0,0,0,0
LCTMCI.BSE_IDX,01/07/2025,09:43:28,9452.38,0,0,0,0,0,0
LCTMCI.BSE_IDX,01/07/2025,09:43:36,9451.92,0,0,0,0,0,0
LCTMCI.BSE_IDX,01/07/2025,09:43:44,9451.63,0,0,0,0,0,0
LCTMCI.BSE_IDX,01/07/2025,09:43:53,9451.2,0,0,0,0,0,0
LCTMCI.BSE_IDX,01/07/2025,09:44:00,9451.17,0,0,0,0,0,0
LCTMCI.BSE_IDX,01/07/2025,09:44:08,9451.13,0,0,0,0,0,0
LCTMCI.BSE_IDX,01/07/2025,09:44:16,9450.95,0,0,0,0,0,0
LCTMCI.BSE_IDX,01/07/2025,09:44:24,9451.8,0,0,0,0,0,0
LCTMCI.BSE_IDX,01/07/2025,09:44:32,9451.66,0,0,0,0,0,0
LCTMCI.BSE_IDX,01/07/2025,09:44:40,9451.29,0,0,0,0,0,0
LCTMCI.BSE_IDX,01/07/2025,09:44:48,9451.16,0,0,0,0,0,0
LCTMCI.BSE_IDX,01/07/2025,09:44:56,9450.72,0,0,0,0,0,0
LCTMCI.BSE_IDX,01/07/2025,09:45:05,9449.76,0,0,0,0,0,0
LCTMCI.BSE_IDX,01/07/2025,09:45:12,9448.78,0,0,0,0,0,0
LCTMCI.BSE_IDX,01/07/2025,09:45:20,9448.21,0,0,0,0,0,0
LCTMCI.BSE_IDX,01/07/2025,09:45:28,9448.91,0,0,0,0,0,0
LCTMCI.BSE_IDX,01/07/2025,09:45:36,9447.91,0,0,0,0,0,0
LCTMCI.BSE_IDX,01/07/2025,09:45:44,9446.56,0,0,0,0,0,0
LCTMCI.BSE_IDX,01/07/2025,09:45:52,9446.92,0,0,0,0,0,0
LCTMCI.BSE_IDX,01/07/2025,09:46:01,9446.67,0,0,0,0,0,0
LCTMCI.BSE_IDX,01/07/2025,09:46:08,9445.27,0,0,0,0,0,0
LCTMCI.BSE_IDX,01/07/2025,09:46:16,9445.45,0,0,0,0,0,0
LCTMCI.BSE_IDX,01/07/2025,09:46:24,9445.61,0,0,0,0,0,0
LCTMCI.BSE_IDX,01/07/2025,09:46:32,9445.99,0,0,0,0,0,0
LCTMCI.BSE_IDX,01/07/2025,09:46:40,9446.42,0,0,0,0,0,0
LCTMCI.BSE_IDX,01/07/2025,09:46:48,9446.05,0,0,0,0,0,0
LCTMCI.BSE_IDX,01/07/2025,09:46:56,9446.29,0,0,0,0,0,0
LCTMCI.BSE_IDX,01/07/2025,09:47:04,9445.86,0,0,0,0,0,0
LCTMCI.BSE_IDX,01/07/2025,09:47:12,9446.31,0,0,0,0,0,0
LCTMCI.BSE_IDX,01/07/2025,09:47:20,9445.8,0,0,0,0,0,0
LCTMCI.BSE_IDX,01/07/2025,09:47:28,9445.4,0,0,0,0,0,0
LCTMCI.BSE_IDX,01/07/2025,09:47:36,9444.94,0,0,0,0,0,0
LCTMCI.BSE_IDX,01/07/2025,09:47:44,9445.14,0,0,0,0,0,0
LCTMCI.BSE_IDX,01/07/2025,09:47:52,9446.82,0,0,0,0,0,0
LCTMCI.BSE_IDX,01/07/2025,09:48:00,9447.53,0,0,0,0,0,0
LCTMCI.BSE_IDX,01/07/2025,09:48:08,9447.69,0,0,0,0,0,0
LCTMCI.BSE_IDX,01/07/2025,09:48:16,9448.75,0,0,0,0,0,0
LCTMCI.BSE_IDX,01/07/2025,09:48:24,9449.96,0,0,0,0,0,0
LCTMCI.BSE_IDX,01/07/2025,09:48:32,9451.03,0,0,0,0,0,0
LCTMCI.BSE_IDX,01/07/2025,09:48:40,9450.01,0,0,0,0,0,0
LCTMCI.BSE_IDX,01/07/2025,09:48:48,9449.47,0,0,0,0,0,0
LCTMCI.BSE_IDX,01/07/2025,09:48:56,9449.8,0,0,0,0,0,0
LCTMCI.BSE_IDX,01/07/2025,09:49:04,9450.57,0,0,0,0,0,0
LCTMCI.BSE_IDX,01/07/2025,09:49:12,9450.75,0,0,0,0,0,0
LCTMCI.BSE_IDX,01/07/2025,09:49:20,9450.69,0,0,0,0,0,0
LCTMCI.BSE_IDX,01/07/2025,09:49:28,9451.27,0,0,0,0,0,0
LCTMCI.BSE_IDX,01/07/2025,09:49:36,9451.57,0,0,0,0,0,0
LCTMCI.BSE_IDX,01/07/2025,09:49:44,9452.01,0,0,0,0,0,0
LCTMCI.BSE_IDX,01/07/2025,09:49:52,9452.47,0,0,0,0,0,0
LCTMCI.BSE_IDX,01/07/2025,09:50:00,9452.23,0,0,0,0,0,0
LCTMCI.BSE_IDX,01/07/2025,09:50:08,9452.63,0,0,0,0,0,0
LCTMCI.BSE_IDX,01/07/2025,09:50:16,9452.41,0,0,0,0,0,0
LCTMCI.BSE_IDX,01/07/2025,09:50:24,9452.55,0,0,0,0,0,0
LCTMCI.BSE_IDX,01/07/2025,09:50:32,9451.2,0,0,0,0,0,0
LCTMCI.BSE_IDX,01/07/2025,09:50:40,9449.62,0,0,0,0,0,0
LCTMCI.BSE_IDX,01/07/2025,09:50:48,9450.02,0,0,0,0,0,0
LCTMCI.BSE_IDX,01/07/2025,09:50:57,9449.71,0,0,0,0,0,0
LCTMCI.BSE_IDX,01/07/2025,09:51:04,9449.73,0,0,0,0,0,0
LCTMCI.BSE_IDX,01/07/2025,09:51:12,9450.95,0,0,0,0,0,0
LCTMCI.BSE_IDX,01/07/2025,09:51:20,9450.82,0,0,0,0,0,0
LCTMCI.BSE_IDX,01/07/2025,09:51:28,9449.56,0,0,0,0,0,0
LCTMCI.BSE_IDX,01/07/2025,09:51:37,9448,0,0,0,0,0,0
LCTMCI.BSE_IDX,01/07/2025,09:51:44,9448.93,0,0,0,0,0,0
LCTMCI.BSE_IDX,01/07/2025,09:51:52,9447.82,0,0,0,0,0,0
LCTMCI.BSE_IDX,01/07/2025,09:52:01,9446.94,0,0,0,0,0,0
LCTMCI.BSE_IDX,01/07/2025,09:52:08,9445.55,0,0,0,0,0,0
LCTMCI.BSE_IDX,01/07/2025,09:52:17,9443.63,0,0,0,0,0,0
LCTMCI.BSE_IDX,01/07/2025,09:52:24,9443.19,0,0,0,0,0,0
LCTMCI.BSE_IDX,01/07/2025,09:52:32,9444.63,0,0,0,0,0,0
LCTMCI.BSE_IDX,01/07/2025,09:52:40,9444.52,0,0,0,0,0,0
LCTMCI.BSE_IDX,01/07/2025,09:52:48,9445.2,0,0,0,0,0,0
LCTMCI.BSE_IDX,01/07/2025,09:52:57,9445.09,0,0,0,0,0,0
LCTMCI.BSE_IDX,01/07/2025,09:53:04,9445.08,0,0,0,0,0,0
LCTMCI.BSE_IDX,01/07/2025,09:53:13,9445.49,0,0,0,0,0,0
LCTMCI.BSE_IDX,01/07/2025,09:53:20,9446.05,0,0,0,0,0,0
LCTMCI.BSE_IDX,01/07/2025,09:53:28,9446.02,0,0,0,0,0,0
LCTMCI.BSE_IDX,01/07/2025,09:53:36,9445.84,0,0,0,0,0,0
LCTMCI.BSE_IDX,01/07/2025,09:53:44,9445.11,0,0,0,0,0,0
LCTMCI.BSE_IDX,01/07/2025,09:53:52,9444.65,0,0,0,0,0,0
LCTMCI.BSE_IDX,01/07/2025,09:54:00,9443.12,0,0,0,0,0,0
LCTMCI.BSE_IDX,01/07/2025,09:54:08,9441.95,0,0,0,0,0,0
LCTMCI.BSE_IDX,01/07/2025,09:54:16,9442.04,0,0,0,0,0,0
LCTMCI.BSE_IDX,01/07/2025,09:54:24,9441.04,0,0,0,0,0,0
LCTMCI.BSE_IDX,01/07/2025,09:54:32,9440.69,0,0,0,0,0,0
LCTMCI.BSE_IDX,01/07/2025,09:54:40,9440.35,0,0,0,0,0,0
LCTMCI.BSE_IDX,01/07/2025,09:54:48,9440.55,0,0,0,0,0,0
LCTMCI.BSE_IDX,01/07/2025,09:54:56,9440.28,0,0,0,0,0,0
LCTMCI.BSE_IDX,01/07/2025,09:55:04,9439.9,0,0,0,0,0,0
LCTMCI.BSE_IDX,01/07/2025,09:55:12,9440.09,0,0,0,0,0,0
LCTMCI.BSE_IDX,01/07/2025,09:55:20,9439.69,0,0,0,0,0,0
LCTMCI.BSE_IDX,01/07/2025,09:55:28,9439.76,0,0,0,0,0,0
LCTMCI.BSE_IDX,01/07/2025,09:55:36,9439.81,0,0,0,0,0,0
LCTMCI.BSE_IDX,01/07/2025,09:55:44,9439.18,0,0,0,0,0,0
LCTMCI.BSE_IDX,01/07/2025,09:55:52,9438.58,0,0,0,0,0,0
LCTMCI.BSE_IDX,01/07/2025,09:56:00,9438.79,0,0,0,0,0,0
LCTMCI.BSE_IDX,01/07/2025,09:56:08,9438.58,0,0,0,0,0,0
LCTMCI.BSE_IDX,01/07/2025,09:56:16,9438.8,0,0,0,0,0,0
LCTMCI.BSE_IDX,01/07/2025,09:56:25,9439.08,0,0,0,0,0,0
LCTMCI.BSE_IDX,01/07/2025,09:56:32,9438.35,0,0,0,0,0,0
LCTMCI.BSE_IDX,01/07/2025,09:56:41,9438.23,0,0,0,0,0,0
LCTMCI.BSE_IDX,01/07/2025,09:56:48,9438.74,0,0,0,0,0,0
LCTMCI.BSE_IDX,01/07/2025,09:56:57,9438.26,0,0,0,0,0,0
LCTMCI.BSE_IDX,01/07/2025,09:57:04,9438.29,0,0,0,0,0,0
LCTMCI.BSE_IDX,01/07/2025,09:57:12,9438.81,0,0,0,0,0,0
LCTMCI.BSE_IDX,01/07/2025,09:57:20,9439.52,0,0,0,0,0,0
LCTMCI.BSE_IDX,01/07/2025,09:57:28,9439.61,0,0,0,0,0,0
LCTMCI.BSE_IDX,01/07/2025,09:57:36,9439.03,0,0,0,0,0,0
LCTMCI.BSE_IDX,01/07/2025,09:57:44,9440.07,0,0,0,0,0,0
LCTMCI.BSE_IDX,01/07/2025,09:57:52,9439.71,0,0,0,0,0,0
LCTMCI.BSE_IDX,01/07/2025,09:58:00,9439.4,0,0,0,0,0,0
LCTMCI.BSE_IDX,01/07/2025,09:58:08,9439.7,0,0,0,0,0,0
LCTMCI.BSE_IDX,01/07/2025,09:58:16,9440.48,0,0,0,0,0,0
LCTMCI.BSE_IDX,01/07/2025,09:58:24,9439.61,0,0,0,0,0,0
LCTMCI.BSE_IDX,01/07/2025,09:58:32,9440.4,0,0,0,0,0,0
LCTMCI.BSE_IDX,01/07/2025,09:58:40,9441.17,0,0,0,0,0,0
LCTMCI.BSE_IDX,01/07/2025,09:58:48,9441.62,0,0,0,0,0,0
LCTMCI.BSE_IDX,01/07/2025,09:58:56,9442.39,0,0,0,0,0,0
LCTMCI.BSE_IDX,01/07/2025,09:59:05,9443.33,0,0,0,0,0,0
LCTMCI.BSE_IDX,01/07/2025,09:59:12,9442.98,0,0,0,0,0,0
LCTMCI.BSE_IDX,01/07/2025,09:59:20,9443.4,0,0,0,0,0,0
LCTMCI.BSE_IDX,01/07/2025,09:59:28,9443.74,0,0,0,0,0,0
LCTMCI.BSE_IDX,01/07/2025,09:59:36,9443.71,0,0,0,0,0,0
LCTMCI.BSE_IDX,01/07/2025,09:59:45,9443.71,0,0,0,0,0,0
LCTMCI.BSE_IDX,01/07/2025,09:59:52,9443.64,0,0,0,0,0,0
LCTMCI.BSE_IDX,01/07/2025,10:00:00,9443.45,0,0,0,0,0,0
LCTMCI.BSE_IDX,01/07/2025,10:00:08,9445.03,0,0,0,0,0,0
LCTMCI.BSE_IDX,01/07/2025,10:00:16,9445.44,0,0,0,0,0,0
LCTMCI.BSE_IDX,01/07/2025,10:00:24,9444.77,0,0,0,0,0,0
LCTMCI.BSE_IDX,01/07/2025,10:00:32,9444.46,0,0,0,0,0,0
LCTMCI.BSE_IDX,01/07/2025,10:00:40,9444.44,0,0,0,0,0,0
LCTMCI.BSE_IDX,01/07/2025,10:00:48,9444.39,0,0,0,0,0,0
LCTMCI.BSE_IDX,01/07/2025,10:00:56,9444.3,0,0,0,0,0,0
LCTMCI.BSE_IDX,01/07/2025,10:01:04,9443.18,0,0,0,0,0,0
LCTMCI.BSE_IDX,01/07/2025,10:01:12,9441.7,0,0,0,0,0,0
LCTMCI.BSE_IDX,01/07/2025,10:01:21,9441.64,0,0,0,0,0,0
LCTMCI.BSE_IDX,01/07/2025,10:01:28,9441.02,0,0,0,0,0,0
LCTMCI.BSE_IDX,01/07/2025,10:01:36,9440.67,0,0,0,0,0,0
LCTMCI.BSE_IDX,01/07/2025,10:01:44,9440.62,0,0,0,0,0,0
LCTMCI.BSE_IDX,01/07/2025,10:01:52,9439.74,0,0,0,0,0,0
LCTMCI.BSE_IDX,01/07/2025,10:02:00,9439.31,0,0,0,0,0,0
LCTMCI.BSE_IDX,01/07/2025,10:02:08,9439.09,0,0,0,0,0,0
LCTMCI.BSE_IDX,01/07/2025,10:02:17,9438.7,0,0,0,0,0,0
LCTMCI.BSE_IDX,01/07/2025,10:02:24,9438.98,0,0,0,0,0,0
LCTMCI.BSE_IDX,01/07/2025,10:02:32,9437.69,0,0,0,0,0,0
LCTMCI.BSE_IDX,01/07/2025,10:02:41,9437.87,0,0,0,0,0,0
LCTMCI.BSE_IDX,01/07/2025,10:02:49,9437.94,0,0,0,0,0,0
LCTMCI.BSE_IDX,01/07/2025,10:02:56,9437.21,0,0,0,0,0,0
LCTMCI.BSE_IDX,01/07/2025,10:03:04,9436.84,0,0,0,0,0,0
LCTMCI.BSE_IDX,01/07/2025,10:03:13,9436.09,0,0,0,0,0,0
LCTMCI.BSE_IDX,01/07/2025,10:03:20,9434.52,0,0,0,0,0,0
LCTMCI.BSE_IDX,01/07/2025,10:03:29,9434.44,0,0,0,0,0,0
LCTMCI.BSE_IDX,01/07/2025,10:03:37,9435.35,0,0,0,0,0,0
LCTMCI.BSE_IDX,01/07/2025,10:03:53,9436.16,0,0,0,0,0,0
LCTMCI.BSE_IDX,01/07/2025,10:04:01,9436.69,0,0,0,0,0,0
LCTMCI.BSE_IDX,01/07/2025,10:04:09,9436.55,0,0,0,0,0,0
LCTMCI.BSE_IDX,01/07/2025,10:04:17,9436.32,0,0,0,0,0,0
LCTMCI.BSE_IDX,01/07/2025,10:04:25,9436.12,0,0,0,0,0,0
LCTMCI.BSE_IDX,01/07/2025,10:04:33,9438.52,0,0,0,0,0,0
LCTMCI.BSE_IDX,01/07/2025,10:04:41,9439.64,0,0,0,0,0,0
LCTMCI.BSE_IDX,01/07/2025,10:04:50,9439.73,0,0,0,0,0,0
LCTMCI.BSE_IDX,01/07/2025,10:04:57,9439.54,0,0,0,0,0,0
LCTMCI.BSE_IDX,01/07/2025,10:05:05,9437.3,0,0,0,0,0,0
LCTMCI.BSE_IDX,01/07/2025,10:05:14,9436.83,0,0,0,0,0,0
LCTMCI.BSE_IDX,01/07/2025,10:05:21,9435.76,0,0,0,0,0,0
LCTMCI.BSE_IDX,01/07/2025,10:05:29,9433.09,0,0,0,0,0,0
LCTMCI.BSE_IDX,01/07/2025,10:05:37,9432.53,0,0,0,0,0,0
LCTMCI.BSE_IDX,01/07/2025,10:05:45,9434.83,0,0,0,0,0,0
LCTMCI.BSE_IDX,01/07/2025,10:05:53,9435.73,0,0,0,0,0,0
LCTMCI.BSE_IDX,01/07/2025,10:06:01,9435.84,0,0,0,0,0,0
LCTMCI.BSE_IDX,01/07/2025,10:06:09,9436.22,0,0,0,0,0,0
LCTMCI.BSE_IDX,01/07/2025,10:06:17,9437.01,0,0,0,0,0,0
LCTMCI.BSE_IDX,01/07/2025,10:06:25,9437.52,0,0,0,0,0,0
LCTMCI.BSE_IDX,01/07/2025,10:06:33,9437.92,0,0,0,0,0,0
LCTMCI.BSE_IDX,01/07/2025,10:06:41,9438,0,0,0,0,0,0
LCTMCI.BSE_IDX,01/07/2025,10:06:49,9437.57,0,0,0,0,0,0
LCTMCI.BSE_IDX,01/07/2025,10:06:57,9437.62,0,0,0,0,0,0
LCTMCI.BSE_IDX,01/07/2025,10:07:05,9438.28,0,0,0,0,0,0
LCTMCI.BSE_IDX,01/07/2025,10:07:13,9438.53,0,0,0,0,0,0
LCTMCI.BSE_IDX,01/07/2025,10:07:21,9438.67,0,0,0,0,0,0
LCTMCI.BSE_IDX,01/07/2025,10:07:29,9439.08,0,0,0,0,0,0
LCTMCI.BSE_IDX,01/07/2025,10:07:37,9439.7,0,0,0,0,0,0
LCTMCI.BSE_IDX,01/07/2025,10:07:45,9439.92,0,0,0,0,0,0
LCTMCI.BSE_IDX,01/07/2025,10:07:53,9439.96,0,0,0,0,0,0
LCTMCI.BSE_IDX,01/07/2025,10:08:01,9440.1,0,0,0,0,0,0
LCTMCI.BSE_IDX,01/07/2025,10:08:09,9440.14,0,0,0,0,0,0
LCTMCI.BSE_IDX,01/07/2025,10:08:17,9441.07,0,0,0,0,0,0
LCTMCI.BSE_IDX,01/07/2025,10:08:25,9441.18,0,0,0,0,0,0
LCTMCI.BSE_IDX,01/07/2025,10:08:33,9440.97,0,0,0,0,0,0
LCTMCI.BSE_IDX,01/07/2025,10:08:41,9440.26,0,0,0,0,0,0
LCTMCI.BSE_IDX,01/07/2025,10:08:49,9440.24,0,0,0,0,0,0
LCTMCI.BSE_IDX,01/07/2025,10:08:57,9439.48,0,0,0,0,0,0
LCTMCI.BSE_IDX,01/07/2025,10:09:05,9437.41,0,0,0,0,0,0
LCTMCI.BSE_IDX,01/07/2025,10:09:13,9437.02,0,0,0,0,0,0
LCTMCI.BSE_IDX,01/07/2025,10:09:21,9436.16,0,0,0,0,0,0
LCTMCI.BSE_IDX,01/07/2025,10:09:29,9435.9,0,0,0,0,0,0
LCTMCI.BSE_IDX,01/07/2025,10:09:37,9436.93,0,0,0,0,0,0
LCTMCI.BSE_IDX,01/07/2025,10:09:45,9436.96,0,0,0,0,0,0
LCTMCI.BSE_IDX,01/07/2025,10:09:53,9437.19,0,0,0,0,0,0
LCTMCI.BSE_IDX,01/07/2025,10:10:01,9438,0,0,0,0,0,0
LCTMCI.BSE_IDX,01/07/2025,10:10:09,9437.45,0,0,0,0,0,0
LCTMCI.BSE_IDX,01/07/2025,10:10:17,9437.49,0,0,0,0,0,0
LCTMCI.BSE_IDX,01/07/2025,10:10:25,9437.41,0,0,0,0,0,0
LCTMCI.BSE_IDX,01/07/2025,10:10:33,9437.73,0,0,0,0,0,0
LCTMCI.BSE_IDX,01/07/2025,10:10:41,9437.39,0,0,0,0,0,0
LCTMCI.BSE_IDX,01/07/2025,10:10:49,9437.57,0,0,0,0,0,0
LCTMCI.BSE_IDX,01/07/2025,10:10:57,9437.15,0,0,0,0,0,0
LCTMCI.BSE_IDX,01/07/2025,10:11:05,9437.03,0,0,0,0,0,0
LCTMCI.BSE_IDX,01/07/2025,10:11:13,9436.45,0,0,0,0,0,0
LCTMCI.BSE_IDX,01/07/2025,10:11:22,9436.59,0,0,0,0,0,0
LCTMCI.BSE_IDX,01/07/2025,10:11:29,9435.47,0,0,0,0,0,0
LCTMCI.BSE_IDX,01/07/2025,10:11:37,9435.38,0,0,0,0,0,0
LCTMCI.BSE_IDX,01/07/2025,10:11:45,9435.16,0,0,0,0,0,0
LCTMCI.BSE_IDX,01/07/2025,10:11:53,9435.84,0,0,0,0,0,0
LCTMCI.BSE_IDX,01/07/2025,10:12:01,9437.31,0,0,0,0,0,0
LCTMCI.BSE_IDX,01/07/2025,10:12:09,9437.55,0,0,0,0,0,0
LCTMCI.BSE_IDX,01/07/2025,10:12:17,9435.92,0,0,0,0,0,0
LCTMCI.BSE_IDX,01/07/2025,10:12:25,9435.45,0,0,0,0,0,0
LCTMCI.BSE_IDX,01/07/2025,10:12:33,9435.15,0,0,0,0,0,0
LCTMCI.BSE_IDX,01/07/2025,10:12:41,9434.77,0,0,0,0,0,0
LCTMCI.BSE_IDX,01/07/2025,10:12:49,9433.43,0,0,0,0,0,0
LCTMCI.BSE_IDX,01/07/2025,10:12:57,9430.82,0,0,0,0,0,0
LCTMCI.BSE_IDX,01/07/2025,10:13:05,9430.33,0,0,0,0,0,0
LCTMCI.BSE_IDX,01/07/2025,10:13:13,9430.5,0,0,0,0,0,0
LCTMCI.BSE_IDX,01/07/2025,10:13:21,9432.43,0,0,0,0,0,0
LCTMCI.BSE_IDX,01/07/2025,10:13:29,9432.56,0,0,0,0,0,0
LCTMCI.BSE_IDX,01/07/2025,10:13:37,9432.35,0,0,0,0,0,0
LCTMCI.BSE_IDX,01/07/2025,10:13:45,9432.11,0,0,0,0,0,0
LCTMCI.BSE_IDX,01/07/2025,10:13:53,9432.03,0,0,0,0,0,0
LCTMCI.BSE_IDX,01/07/2025,10:14:01,9430.77,0,0,0,0,0,0
LCTMCI.BSE_IDX,01/07/2025,10:14:09,9430.57,0,0,0,0,0,0
LCTMCI.BSE_IDX,01/07/2025,10:14:17,9431.03,0,0,0,0,0,0
LCTMCI.BSE_IDX,01/07/2025,10:14:25,9430.67,0,0,0,0,0,0
LCTMCI.BSE_IDX,01/07/2025,10:14:33,9431.23,0,0,0,0,0,0
LCTMCI.BSE_IDX,01/07/2025,10:14:41,9430,0,0,0,0,0,0
LCTMCI.BSE_IDX,01/07/2025,10:14:49,9430.08,0,0,0,0,0,0
LCTMCI.BSE_IDX,01/07/2025,10:14:57,9430.44,0,0,0,0,0,0
LCTMCI.BSE_IDX,01/07/2025,10:15:05,9429.74,0,0,0,0,0,0
LCTMCI.BSE_IDX,01/07/2025,10:15:13,9429.21,0,0,0,0,0,0
LCTMCI.BSE_IDX,01/07/2025,10:15:21,9429.39,0,0,0,0,0,0
LCTMCI.BSE_IDX,01/07/2025,10:15:29,9428.38,0,0,0,0,0,0
LCTMCI.BSE_IDX,01/07/2025,10:15:37,9429.3,0,0,0,0,0,0
LCTMCI.BSE_IDX,01/07/2025,10:15:45,9430.39,0,0,0,0,0,0
LCTMCI.BSE_IDX,01/07/2025,10:15:53,9430.75,0,0,0,0,0,0
LCTMCI.BSE_IDX,01/07/2025,10:16:01,9430.27,0,0,0,0,0,0
LCTMCI.BSE_IDX,01/07/2025,10:16:09,9431.23,0,0,0,0,0,0
LCTMCI.BSE_IDX,01/07/2025,10:16:17,9430.93,0,0,0,0,0,0
LCTMCI.BSE_IDX,01/07/2025,10:16:25,9431.39,0,0,0,0,0,0
LCTMCI.BSE_IDX,01/07/2025,10:16:33,9431.05,0,0,0,0,0,0
LCTMCI.BSE_IDX,01/07/2025,10:16:41,9430.92,0,0,0,0,0,0
LCTMCI.BSE_IDX,01/07/2025,10:16:49,9430.87,0,0,0,0,0,0
LCTMCI.BSE_IDX,01/07/2025,10:16:57,9430.85,0,0,0,0,0,0
LCTMCI.BSE_IDX,01/07/2025,10:17:05,9430.97,0,0,0,0,0,0
LCTMCI.BSE_IDX,01/07/2025,10:17:13,9430.57,0,0,0,0,0,0
LCTMCI.BSE_IDX,01/07/2025,10:17:21,9431.77,0,0,0,0,0,0
LCTMCI.BSE_IDX,01/07/2025,10:17:29,9431.49,0,0,0,0,0,0
LCTMCI.BSE_IDX,01/07/2025,10:17:37,9432.1,0,0,0,0,0,0
LCTMCI.BSE_IDX,01/07/2025,10:17:45,9432.63,0,0,0,0,0,0
LCTMCI.BSE_IDX,01/07/2025,10:17:53,9433.27,0,0,0,0,0,0
LCTMCI.BSE_IDX,01/07/2025,10:18:01,9433.3,0,0,0,0,0,0
LCTMCI.BSE_IDX,01/07/2025,10:18:09,9433.61,0,0,0,0,0,0
LCTMCI.BSE_IDX,01/07/2025,10:18:17,9434.41,0,0,0,0,0,0
LCTMCI.BSE_IDX,01/07/2025,10:18:25,9434.5,0,0,0,0,0,0
LCTMCI.BSE_IDX,01/07/2025,10:18:33,9434.32,0,0,0,0,0,0
LCTMCI.BSE_IDX,01/07/2025,10:18:41,9433.95,0,0,0,0,0,0
LCTMCI.BSE_IDX,01/07/2025,10:18:49,9433.29,0,0,0,0,0,0
LCTMCI.BSE_IDX,01/07/2025,10:18:57,9432.67,0,0,0,0,0,0
LCTMCI.BSE_IDX,01/07/2025,10:19:05,9431.69,0,0,0,0,0,0
LCTMCI.BSE_IDX,01/07/2025,10:19:13,9431.8,0,0,0,0,0,0
LCTMCI.BSE_IDX,01/07/2025,10:19:21,9432.21,0,0,0,0,0,0
LCTMCI.BSE_IDX,01/07/2025,10:19:29,9432.59,0,0,0,0,0,0
LCTMCI.BSE_IDX,01/07/2025,10:19:37,9431.41,0,0,0,0,0,0
LCTMCI.BSE_IDX,01/07/2025,10:19:45,9432.16,0,0,0,0,0,0
LCTMCI.BSE_IDX,01/07/2025,10:19:53,9431.32,0,0,0,0,0,0
LCTMCI.BSE_IDX,01/07/2025,10:20:01,9431.52,0,0,0,0,0,0
LCTMCI.BSE_IDX,01/07/2025,10:20:09,9432.1,0,0,0,0,0,0
LCTMCI.BSE_IDX,01/07/2025,10:20:17,9432.09,0,0,0,0,0,0
LCTMCI.BSE_IDX,01/07/2025,10:20:25,9431.78,0,0,0,0,0,0
LCTMCI.BSE_IDX,01/07/2025,10:20:33,9431.67,0,0,0,0,0,0
LCTMCI.BSE_IDX,01/07/2025,10:20:41,9432.09,0,0,0,0,0,0
LCTMCI.BSE_IDX,01/07/2025,10:20:49,9431.05,0,0,0,0,0,0
LCTMCI.BSE_IDX,01/07/2025,10:20:57,9430.65,0,0,0,0,0,0
LCTMCI.BSE_IDX,01/07/2025,10:21:05,9430.31,0,0,0,0,0,0
LCTMCI.BSE_IDX,01/07/2025,10:21:13,9429.63,0,0,0,0,0,0
LCTMCI.BSE_IDX,01/07/2025,10:21:21,9429.85,0,0,0,0,0,0
LCTMCI.BSE_IDX,01/07/2025,10:21:29,9429.54,0,0,0,0,0,0
LCTMCI.BSE_IDX,01/07/2025,10:21:37,9429.6,0,0,0,0,0,0
LCTMCI.BSE_IDX,01/07/2025,10:21:45,9428.57,0,0,0,0,0,0
LCTMCI.BSE_IDX,01/07/2025,10:21:53,9429.33,0,0,0,0,0,0
LCTMCI.BSE_IDX,01/07/2025,10:22:01,9429.32,0,0,0,0,0,0
LCTMCI.BSE_IDX,01/07/2025,10:22:09,9429.31,0,0,0,0,0,0
LCTMCI.BSE_IDX,01/07/2025,10:22:17,9428.52,0,0,0,0,0,0
LCTMCI.BSE_IDX,01/07/2025,10:22:25,9428.65,0,0,0,0,0,0
LCTMCI.BSE_IDX,01/07/2025,10:22:33,9428.01,0,0,0,0,0,0
LCTMCI.BSE_IDX,01/07/2025,10:22:41,9428.27,0,0,0,0,0,0
LCTMCI.BSE_IDX,01/07/2025,10:22:49,9428.03,0,0,0,0,0,0
LCTMCI.BSE_IDX,01/07/2025,10:22:57,9428.77,0,0,0,0,0,0
LCTMCI.BSE_IDX,01/07/2025,10:23:05,9428.46,0,0,0,0,0,0
LCTMCI.BSE_IDX,01/07/2025,10:23:13,9428.77,0,0,0,0,0,0
LCTMCI.BSE_IDX,01/07/2025,10:23:21,9428.42,0,0,0,0,0,0
LCTMCI.BSE_IDX,01/07/2025,10:23:29,9429.03,0,0,0,0,0,0
LCTMCI.BSE_IDX,01/07/2025,10:23:37,9429.34,0,0,0,0,0,0
LCTMCI.BSE_IDX,01/07/2025,10:23:45,9429.41,0,0,0,0,0,0
LCTMCI.BSE_IDX,01/07/2025,10:23:53,9429.14,0,0,0,0,0,0
LCTMCI.BSE_IDX,01/07/2025,10:24:01,9429.46,0,0,0,0,0,0
LCTMCI.BSE_IDX,01/07/2025,10:24:09,9428.97,0,0,0,0,0,0
LCTMCI.BSE_IDX,01/07/2025,10:24:17,9428.26,0,0,0,0,0,0
LCTMCI.BSE_IDX,01/07/2025,10:24:25,9428.31,0,0,0,0,0,0
LCTMCI.BSE_IDX,01/07/2025,10:24:33,9427.46,0,0,0,0,0,0
LCTMCI.BSE_IDX,01/07/2025,10:24:41,9427.35,0,0,0,0,0,0
LCTMCI.BSE_IDX,01/07/2025,10:24:49,9427.69,0,0,0,0,0,0
LCTMCI.BSE_IDX,01/07/2025,10:24:57,9427.77,0,0,0,0,0,0
LCTMCI.BSE_IDX,01/07/2025,10:25:05,9427.49,0,0,0,0,0,0
LCTMCI.BSE_IDX,01/07/2025,10:25:13,9427.73,0,0,0,0,0,0
LCTMCI.BSE_IDX,01/07/2025,10:25:21,9427.48,0,0,0,0,0,0
LCTMCI.BSE_IDX,01/07/2025,10:25:29,9427.08,0,0,0,0,0,0
LCTMCI.BSE_IDX,01/07/2025,10:25:37,9427.46,0,0,0,0,0,0
LCTMCI.BSE_IDX,01/07/2025,10:25:45,9427.62,0,0,0,0,0,0
LCTMCI.BSE_IDX,01/07/2025,10:25:53,9428.06,0,0,0,0,0,0
LCTMCI.BSE_IDX,01/07/2025,10:26:01,9428.69,0,0,0,0,0,0
LCTMCI.BSE_IDX,01/07/2025,10:26:09,9428.83,0,0,0,0,0,0
LCTMCI.BSE_IDX,01/07/2025,10:26:17,9428.81,0,0,0,0,0,0
LCTMCI.BSE_IDX,01/07/2025,10:26:25,9429.05,0,0,0,0,0,0
LCTMCI.BSE_IDX,01/07/2025,10:26:33,9428.9,0,0,0,0,0,0
LCTMCI.BSE_IDX,01/07/2025,10:26:41,9429.54,0,0,0,0,0,0
LCTMCI.BSE_IDX,01/07/2025,10:26:49,9429.05,0,0,0,0,0,0
LCTMCI.BSE_IDX,01/07/2025,10:26:57,9429.12,0,0,0,0,0,0
LCTMCI.BSE_IDX,01/07/2025,10:27:05,9429.64,0,0,0,0,0,0
LCTMCI.BSE_IDX,01/07/2025,10:27:13,9429.87,0,0,0,0,0,0
LCTMCI.BSE_IDX,01/07/2025,10:27:21,9429.43,0,0,0,0,0,0
LCTMCI.BSE_IDX,01/07/2025,10:27:29,9430.29,0,0,0,0,0,0
LCTMCI.BSE_IDX,01/07/2025,10:27:37,9430.24,0,0,0,0,0,0
LCTMCI.BSE_IDX,01/07/2025,10:27:45,9430.49,0,0,0,0,0,0
LCTMCI.BSE_IDX,01/07/2025,10:27:53,9431,0,0,0,0,0,0
LCTMCI.BSE_IDX,01/07/2025,10:28:01,9431.99,0,0,0,0,0,0
LCTMCI.BSE_IDX,01/07/2025,10:28:09,9432.63,0,0,0,0,0,0
LCTMCI.BSE_IDX,01/07/2025,10:28:17,9431.86,0,0,0,0,0,0
LCTMCI.BSE_IDX,01/07/2025,10:28:25,9431.64,0,0,0,0,0,0
LCTMCI.BSE_IDX,01/07/2025,10:28:33,9432.37,0,0,0,0,0,0
LCTMCI.BSE_IDX,01/07/2025,10:28:41,9432.21,0,0,0,0,0,0
LCTMCI.BSE_IDX,01/07/2025,10:28:49,9433.26,0,0,0,0,0,0
LCTMCI.BSE_IDX,01/07/2025,10:28:57,9433.16,0,0,0,0,0,0
LCTMCI.BSE_IDX,01/07/2025,10:29:05,9433.7,0,0,0,0,0,0
LCTMCI.BSE_IDX,01/07/2025,10:29:13,9433.85,0,0,0,0,0,0
LCTMCI.BSE_IDX,01/07/2025,10:29:21,9434.22,0,0,0,0,0,0
LCTMCI.BSE_IDX,01/07/2025,10:29:29,9433.75,0,0,0,0,0,0
LCTMCI.BSE_IDX,01/07/2025,10:29:37,9433.36,0,0,0,0,0,0
LCTMCI.BSE_IDX,01/07/2025,10:29:46,9433.34,0,0,0,0,0,0
LCTMCI.BSE_IDX,01/07/2025,10:29:54,9433.81,0,0,0,0,0,0
LCTMCI.BSE_IDX,01/07/2025,10:30:01,9433.84,0,0,0,0,0,0
LCTMCI.BSE_IDX,01/07/2025,10:30:09,9433.82,0,0,0,0,0,0
LCTMCI.BSE_IDX,01/07/2025,10:30:17,9434.72,0,0,0,0,0,0
LCTMCI.BSE_IDX,01/07/2025,10:30:25,9435.87,0,0,0,0,0,0
LCTMCI.BSE_IDX,01/07/2025,10:30:33,9435.56,0,0,0,0,0,0
LCTMCI.BSE_IDX,01/07/2025,10:30:41,9435.59,0,0,0,0,0,0
LCTMCI.BSE_IDX,01/07/2025,10:30:49,9435.12,0,0,0,0,0,0
LCTMCI.BSE_IDX,01/07/2025,10:30:57,9433.92,0,0,0,0,0,0
LCTMCI.BSE_IDX,01/07/2025,10:31:05,9434.54,0,0,0,0,0,0
LCTMCI.BSE_IDX,01/07/2025,10:31:13,9434.28,0,0,0,0,0,0
LCTMCI.BSE_IDX,01/07/2025,10:31:21,9433.92,0,0,0,0,0,0
LCTMCI.BSE_IDX,01/07/2025,10:31:29,9433.88,0,0,0,0,0,0
LCTMCI.BSE_IDX,01/07/2025,10:31:37,9433.36,0,0,0,0,0,0
LCTMCI.BSE_IDX,01/07/2025,10:31:45,9432.66,0,0,0,0,0,0
LCTMCI.BSE_IDX,01/07/2025,10:31:53,9433.36,0,0,0,0,0,0
LCTMCI.BSE_IDX,01/07/2025,10:32:01,9433.94,0,0,0,0,0,0
LCTMCI.BSE_IDX,01/07/2025,10:32:09,9432.88,0,0,0,0,0,0
LCTMCI.BSE_IDX,01/07/2025,10:32:17,9433.1,0,0,0,0,0,0
LCTMCI.BSE_IDX,01/07/2025,10:32:25,9433.59,0,0,0,0,0,0
LCTMCI.BSE_IDX,01/07/2025,10:32:33,9433.86,0,0,0,0,0,0
LCTMCI.BSE_IDX,01/07/2025,10:32:41,9433.97,0,0,0,0,0,0
LCTMCI.BSE_IDX,01/07/2025,10:32:49,9434.48,0,0,0,0,0,0
LCTMCI.BSE_IDX,01/07/2025,10:32:57,9435.26,0,0,0,0,0,0
LCTMCI.BSE_IDX,01/07/2025,10:33:05,9435.6,0,0,0,0,0,0
LCTMCI.BSE_IDX,01/07/2025,10:33:13,9435.94,0,0,0,0,0,0
LCTMCI.BSE_IDX,01/07/2025,10:33:21,9435.95,0,0,0,0,0,0
LCTMCI.BSE_IDX,01/07/2025,10:33:29,9436.03,0,0,0,0,0,0
LCTMCI.BSE_IDX,01/07/2025,10:33:37,9436.4,0,0,0,0,0,0
LCTMCI.BSE_IDX,01/07/2025,10:33:45,9436.65,0,0,0,0,0,0
LCTMCI.BSE_IDX,01/07/2025,10:33:53,9436.35,0,0,0,0,0,0
LCTMCI.BSE_IDX,01/07/2025,10:34:01,9435.62,0,0,0,0,0,0
LCTMCI.BSE_IDX,01/07/2025,10:34:09,9435.48,0,0,0,0,0,0
LCTMCI.BSE_IDX,01/07/2025,10:34:17,9434.95,0,0,0,0,0,0
LCTMCI.BSE_IDX,01/07/2025,10:34:25,9435.18,0,0,0,0,0,0
LCTMCI.BSE_IDX,01/07/2025,10:34:33,9435.52,0,0,0,0,0,0
LCTMCI.BSE_IDX,01/07/2025,10:34:41,9435.04,0,0,0,0,0,0
LCTMCI.BSE_IDX,01/07/2025,10:34:49,9435.18,0,0,0,0,0,0
LCTMCI.BSE_IDX,01/07/2025,10:34:58,9434.86,0,0,0,0,0,0
LCTMCI.BSE_IDX,01/07/2025,10:35:06,9435.26,0,0,0,0,0,0
LCTMCI.BSE_IDX,01/07/2025,10:35:14,9435.17,0,0,0,0,0,0
LCTMCI.BSE_IDX,01/07/2025,10:35:21,9435.16,0,0,0,0,0,0
LCTMCI.BSE_IDX,01/07/2025,10:35:29,9434.49,0,0,0,0,0,0
LCTMCI.BSE_IDX,01/07/2025,10:35:37,9433.86,0,0,0,0,0,0
LCTMCI.BSE_IDX,01/07/2025,10:35:45,9433.66,0,0,0,0,0,0
LCTMCI.BSE_IDX,01/07/2025,10:35:54,9433.98,0,0,0,0,0,0
LCTMCI.BSE_IDX,01/07/2025,10:36:02,9434.28,0,0,0,0,0,0
LCTMCI.BSE_IDX,01/07/2025,10:36:10,9433.69,0,0,0,0,0,0
LCTMCI.BSE_IDX,01/07/2025,10:36:17,9433.68,0,0,0,0,0,0
LCTMCI.BSE_IDX,01/07/2025,10:36:25,9433.29,0,0,0,0,0,0
LCTMCI.BSE_IDX,01/07/2025,10:36:34,9434.38,0,0,0,0,0,0
LCTMCI.BSE_IDX,01/07/2025,10:36:42,9434.41,0,0,0,0,0,0
LCTMCI.BSE_IDX,01/07/2025,10:36:49,9434.36,0,0,0,0,0,0
LCTMCI.BSE_IDX,01/07/2025,10:36:58,9433.99,0,0,0,0,0,0
LCTMCI.BSE_IDX,01/07/2025,10:37:05,9434.04,0,0,0,0,0,0
LCTMCI.BSE_IDX,01/07/2025,10:37:14,9433.46,0,0,0,0,0,0
LCTMCI.BSE_IDX,01/07/2025,10:37:21,9433.26,0,0,0,0,0,0
LCTMCI.BSE_IDX,01/07/2025,10:37:30,9433.23,0,0,0,0,0,0
LCTMCI.BSE_IDX,01/07/2025,10:37:38,9432.79,0,0,0,0,0,0
LCTMCI.BSE_IDX,01/07/2025,10:37:46,9432.46,0,0,0,0,0,0
LCTMCI.BSE_IDX,01/07/2025,10:37:54,9431.7,0,0,0,0,0,0
LCTMCI.BSE_IDX,01/07/2025,10:38:02,9431.5,0,0,0,0,0,0
LCTMCI.BSE_IDX,01/07/2025,10:38:10,9431.74,0,0,0,0,0,0
LCTMCI.BSE_IDX,01/07/2025,10:38:18,9431.98,0,0,0,0,0,0
LCTMCI.BSE_IDX,01/07/2025,10:38:26,9432.29,0,0,0,0,0,0
LCTMCI.BSE_IDX,01/07/2025,10:38:34,9431.7,0,0,0,0,0,0
LCTMCI.BSE_IDX,01/07/2025,10:38:42,9432.34,0,0,0,0,0,0
LCTMCI.BSE_IDX,01/07/2025,10:38:50,9432.8,0,0,0,0,0,0
LCTMCI.BSE_IDX,01/07/2025,10:38:58,9433.14,0,0,0,0,0,0
LCTMCI.BSE_IDX,01/07/2025,10:39:06,9434.51,0,0,0,0,0,0
LCTMCI.BSE_IDX,01/07/2025,10:39:14,9435.05,0,0,0,0,0,0
LCTMCI.BSE_IDX,01/07/2025,10:39:22,9435.5,0,0,0,0,0,0
LCTMCI.BSE_IDX,01/07/2025,10:39:30,9435.69,0,0,0,0,0,0
LCTMCI.BSE_IDX,01/07/2025,10:39:38,9435.71,0,0,0,0,0,0
LCTMCI.BSE_IDX,01/07/2025,10:39:46,9435.76,0,0,0,0,0,0
LCTMCI.BSE_IDX,01/07/2025,10:39:54,9436.33,0,0,0,0,0,0
LCTMCI.BSE_IDX,01/07/2025,10:40:02,9436.79,0,0,0,0,0,0
LCTMCI.BSE_IDX,01/07/2025,10:40:10,9435.85,0,0,0,0,0,0
LCTMCI.BSE_IDX,01/07/2025,10:40:18,9436.16,0,0,0,0,0,0
LCTMCI.BSE_IDX,01/07/2025,10:40:26,9435.51,0,0,0,0,0,0
LCTMCI.BSE_IDX,01/07/2025,10:40:34,9435.79,0,0,0,0,0,0
LCTMCI.BSE_IDX,01/07/2025,10:40:42,9435.34,0,0,0,0,0,0
LCTMCI.BSE_IDX,01/07/2025,10:40:50,9435.56,0,0,0,0,0,0
LCTMCI.BSE_IDX,01/07/2025,10:40:58,9435.65,0,0,0,0,0,0
LCTMCI.BSE_IDX,01/07/2025,10:41:06,9435.55,0,0,0,0,0,0
LCTMCI.BSE_IDX,01/07/2025,10:41:14,9434.85,0,0,0,0,0,0
LCTMCI.BSE_IDX,01/07/2025,10:41:22,9435.59,0,0,0,0,0,0
LCTMCI.BSE_IDX,01/07/2025,10:41:30,9435.33,0,0,0,0,0,0
LCTMCI.BSE_IDX,01/07/2025,10:41:38,9436.78,0,0,0,0,0,0
LCTMCI.BSE_IDX,01/07/2025,10:41:46,9436.09,0,0,0,0,0,0
LCTMCI.BSE_IDX,01/07/2025,10:41:54,9436,0,0,0,0,0,0
LCTMCI.BSE_IDX,01/07/2025,10:42:02,9436.08,0,0,0,0,0,0
LCTMCI.BSE_IDX,01/07/2025,10:42:10,9436.3,0,0,0,0,0,0
LCTMCI.BSE_IDX,01/07/2025,10:42:18,9436.74,0,0,0,0,0,0
LCTMCI.BSE_IDX,01/07/2025,10:42:26,9436.74,0,0,0,0,0,0
LCTMCI.BSE_IDX,01/07/2025,10:42:34,9436.3,0,0,0,0,0,0
LCTMCI.BSE_IDX,01/07/2025,10:42:42,9435.84,0,0,0,0,0,0
LCTMCI.BSE_IDX,01/07/2025,10:42:50,9435.82,0,0,0,0,0,0
LCTMCI.BSE_IDX,01/07/2025,10:42:58,9435.1,0,0,0,0,0,0
LCTMCI.BSE_IDX,01/07/2025,10:43:06,9435.56,0,0,0,0,0,0
LCTMCI.BSE_IDX,01/07/2025,10:43:14,9435.94,0,0,0,0,0,0
LCTMCI.BSE_IDX,01/07/2025,10:43:22,9435.63,0,0,0,0,0,0
LCTMCI.BSE_IDX,01/07/2025,10:43:30,9435.74,0,0,0,0,0,0
LCTMCI.BSE_IDX,01/07/2025,10:43:38,9434.94,0,0,0,0,0,0
LCTMCI.BSE_IDX,01/07/2025,10:43:46,9435.43,0,0,0,0,0,0
LCTMCI.BSE_IDX,01/07/2025,10:43:54,9434.81,0,0,0,0,0,0
LCTMCI.BSE_IDX,01/07/2025,10:44:02,9434.28,0,0,0,0,0,0
LCTMCI.BSE_IDX,01/07/2025,10:44:10,9433.47,0,0,0,0,0,0
LCTMCI.BSE_IDX,01/07/2025,10:44:18,9433.28,0,0,0,0,0,0
LCTMCI.BSE_IDX,01/07/2025,10:44:26,9433.31,0,0,0,0,0,0
LCTMCI.BSE_IDX,01/07/2025,10:44:34,9433.21,0,0,0,0,0,0
LCTMCI.BSE_IDX,01/07/2025,10:44:42,9433.28,0,0,0,0,0,0
LCTMCI.BSE_IDX,01/07/2025,10:44:50,9433.59,0,0,0,0,0,0
LCTMCI.BSE_IDX,01/07/2025,10:44:58,9432.53,0,0,0,0,0,0
LCTMCI.BSE_IDX,01/07/2025,10:45:07,9432.26,0,0,0,0,0,0
LCTMCI.BSE_IDX,01/07/2025,10:45:14,9432.58,0,0,0,0,0,0
LCTMCI.BSE_IDX,01/07/2025,10:45:22,9432.1,0,0,0,0,0,0
LCTMCI.BSE_IDX,01/07/2025,10:45:30,9432.45,0,0,0,0,0,0
LCTMCI.BSE_IDX,01/07/2025,10:45:38,9432.05,0,0,0,0,0,0
LCTMCI.BSE_IDX,01/07/2025,10:45:46,9432.87,0,0,0,0,0,0
LCTMCI.BSE_IDX,01/07/2025,10:45:54,9432.07,0,0,0,0,0,0
LCTMCI.BSE_IDX,01/07/2025,10:46:02,9431.9,0,0,0,0,0,0
LCTMCI.BSE_IDX,01/07/2025,10:46:10,9431.58,0,0,0,0,0,0
LCTMCI.BSE_IDX,01/07/2025,10:46:18,9431.87,0,0,0,0,0,0
LCTMCI.BSE_IDX,01/07/2025,10:46:26,9432.16,0,0,0,0,0,0
LCTMCI.BSE_IDX,01/07/2025,10:46:34,9431.65,0,0,0,0,0,0
LCTMCI.BSE_IDX,01/07/2025,10:46:42,9431.65,0,0,0,0,0,0
LCTMCI.BSE_IDX,01/07/2025,10:46:50,9432.14,0,0,0,0,0,0
LCTMCI.BSE_IDX,01/07/2025,10:46:58,9431.67,0,0,0,0,0,0
LCTMCI.BSE_IDX,01/07/2025,10:47:06,9431.93,0,0,0,0,0,0
LCTMCI.BSE_IDX,01/07/2025,10:47:14,9431.44,0,0,0,0,0,0
LCTMCI.BSE_IDX,01/07/2025,10:47:22,9431.23,0,0,0,0,0,0
LCTMCI.BSE_IDX,01/07/2025,10:47:30,9431.18,0,0,0,0,0,0
LCTMCI.BSE_IDX,01/07/2025,10:47:38,9431.59,0,0,0,0,0,0
LCTMCI.BSE_IDX,01/07/2025,10:47:46,9431.81,0,0,0,0,0,0
LCTMCI.BSE_IDX,01/07/2025,10:47:54,9432.46,0,0,0,0,0,0
LCTMCI.BSE_IDX,01/07/2025,10:48:02,9432.49,0,0,0,0,0,0
LCTMCI.BSE_IDX,01/07/2025,10:48:10,9432.35,0,0,0,0,0,0
LCTMCI.BSE_IDX,01/07/2025,10:48:18,9432.5,0,0,0,0,0,0
LCTMCI.BSE_IDX,01/07/2025,10:48:26,9433.06,0,0,0,0,0,0
LCTMCI.BSE_IDX,01/07/2025,10:48:34,9432.9,0,0,0,0,0,0
LCTMCI.BSE_IDX,01/07/2025,10:48:42,9432.98,0,0,0,0,0,0
LCTMCI.BSE_IDX,01/07/2025,10:48:50,9434.03,0,0,0,0,0,0
LCTMCI.BSE_IDX,01/07/2025,10:48:58,9433.61,0,0,0,0,0,0
LCTMCI.BSE_IDX,01/07/2025,10:49:06,9433.54,0,0,0,0,0,0
LCTMCI.BSE_IDX,01/07/2025,10:49:14,9432.64,0,0,0,0,0,0
LCTMCI.BSE_IDX,01/07/2025,10:49:22,9431.89,0,0,0,0,0,0
LCTMCI.BSE_IDX,01/07/2025,10:49:30,9431.73,0,0,0,0,0,0
LCTMCI.BSE_IDX,01/07/2025,10:49:38,9431.3,0,0,0,0,0,0
LCTMCI.BSE_IDX,01/07/2025,10:49:46,9431.48,0,0,0,0,0,0
LCTMCI.BSE_IDX,01/07/2025,10:49:54,9430.92,0,0,0,0,0,0
LCTMCI.BSE_IDX,01/07/2025,10:50:02,9430.73,0,0,0,0,0,0
LCTMCI.BSE_IDX,01/07/2025,10:50:10,9430.32,0,0,0,0,0,0
LCTMCI.BSE_IDX,01/07/2025,10:50:18,9430.36,0,0,0,0,0,0
LCTMCI.BSE_IDX,01/07/2025,10:50:26,9430.22,0,0,0,0,0,0
LCTMCI.BSE_IDX,01/07/2025,10:50:34,9431.11,0,0,0,0,0,0
LCTMCI.BSE_IDX,01/07/2025,10:50:42,9431.03,0,0,0,0,0,0
LCTMCI.BSE_IDX,01/07/2025,10:50:50,9430.71,0,0,0,0,0,0
LCTMCI.BSE_IDX,01/07/2025,10:50:58,9430.74,0,0,0,0,0,0
LCTMCI.BSE_IDX,01/07/2025,10:51:06,9430.46,0,0,0,0,0,0
LCTMCI.BSE_IDX,01/07/2025,10:51:14,9430.38,0,0,0,0,0,0
LCTMCI.BSE_IDX,01/07/2025,10:51:22,9429.98,0,0,0,0,0,0
LCTMCI.BSE_IDX,01/07/2025,10:51:30,9429.86,0,0,0,0,0,0
LCTMCI.BSE_IDX,01/07/2025,10:51:38,9430.04,0,0,0,0,0,0
LCTMCI.BSE_IDX,01/07/2025,10:51:46,9429.88,0,0,0,0,0,0
LCTMCI.BSE_IDX,01/07/2025,10:51:54,9429.01,0,0,0,0,0,0
LCTMCI.BSE_IDX,01/07/2025,10:52:02,9428.81,0,0,0,0,0,0
LCTMCI.BSE_IDX,01/07/2025,10:52:10,9428.93,0,0,0,0,0,0
LCTMCI.BSE_IDX,01/07/2025,10:52:18,9427.95,0,0,0,0,0,0
LCTMCI.BSE_IDX,01/07/2025,10:52:26,9427.45,0,0,0,0,0,0
LCTMCI.BSE_IDX,01/07/2025,10:52:34,9427.18,0,0,0,0,0,0
LCTMCI.BSE_IDX,01/07/2025,10:52:43,9426.17,0,0,0,0,0,0
LCTMCI.BSE_IDX,01/07/2025,10:52:50,9425.95,0,0,0,0,0,0
LCTMCI.BSE_IDX,01/07/2025,10:52:58,9425.44,0,0,0,0,0,0
LCTMCI.BSE_IDX,01/07/2025,10:53:06,9425.32,0,0,0,0,0,0
LCTMCI.BSE_IDX,01/07/2025,10:53:14,9425.17,0,0,0,0,0,0
LCTMCI.BSE_IDX,01/07/2025,10:53:22,9425.2,0,0,0,0,0,0
LCTMCI.BSE_IDX,01/07/2025,10:53:30,9425.9,0,0,0,0,0,0
LCTMCI.BSE_IDX,01/07/2025,10:53:38,9426.28,0,0,0,0,0,0
LCTMCI.BSE_IDX,01/07/2025,10:53:46,9426.67,0,0,0,0,0,0
LCTMCI.BSE_IDX,01/07/2025,10:53:54,9426.54,0,0,0,0,0,0
LCTMCI.BSE_IDX,01/07/2025,10:54:02,9426.87,0,0,0,0,0,0
LCTMCI.BSE_IDX,01/07/2025,10:54:10,9426.84,0,0,0,0,0,0
LCTMCI.BSE_IDX,01/07/2025,10:54:18,9426.98,0,0,0,0,0,0
LCTMCI.BSE_IDX,01/07/2025,10:54:26,9426.82,0,0,0,0,0,0
LCTMCI.BSE_IDX,01/07/2025,10:54:34,9427.5,0,0,0,0,0,0
LCTMCI.BSE_IDX,01/07/2025,10:54:42,9428.27,0,0,0,0,0,0
LCTMCI.BSE_IDX,01/07/2025,10:54:51,9428.6,0,0,0,0,0,0
LCTMCI.BSE_IDX,01/07/2025,10:54:58,9428.3,0,0,0,0,0,0
LCTMCI.BSE_IDX,01/07/2025,10:55:06,9428.42,0,0,0,0,0,0
LCTMCI.BSE_IDX,01/07/2025,10:55:14,9427.99,0,0,0,0,0,0
LCTMCI.BSE_IDX,01/07/2025,10:55:22,9428.01,0,0,0,0,0,0
LCTMCI.BSE_IDX,01/07/2025,10:55:30,9427.85,0,0,0,0,0,0
LCTMCI.BSE_IDX,01/07/2025,10:55:38,9427.7,0,0,0,0,0,0
LCTMCI.BSE_IDX,01/07/2025,10:55:46,9427.31,0,0,0,0,0,0
LCTMCI.BSE_IDX,01/07/2025,10:55:54,9427.36,0,0,0,0,0,0
LCTMCI.BSE_IDX,01/07/2025,10:56:02,9426.71,0,0,0,0,0,0
LCTMCI.BSE_IDX,01/07/2025,10:56:10,9426.6,0,0,0,0,0,0
LCTMCI.BSE_IDX,01/07/2025,10:56:18,9426.11,0,0,0,0,0,0
LCTMCI.BSE_IDX,01/07/2025,10:56:26,9425.42,0,0,0,0,0,0
LCTMCI.BSE_IDX,01/07/2025,10:56:34,9425.8,0,0,0,0,0,0
LCTMCI.BSE_IDX,01/07/2025,10:56:42,9425.53,0,0,0,0,0,0
LCTMCI.BSE_IDX,01/07/2025,10:56:50,9425.57,0,0,0,0,0,0
LCTMCI.BSE_IDX,01/07/2025,10:56:58,9424.71,0,0,0,0,0,0
LCTMCI.BSE_IDX,01/07/2025,10:57:06,9424.59,0,0,0,0,0,0
LCTMCI.BSE_IDX,01/07/2025,10:57:14,9424.35,0,0,0,0,0,0
LCTMCI.BSE_IDX,01/07/2025,10:57:22,9424.46,0,0,0,0,0,0
LCTMCI.BSE_IDX,01/07/2025,10:57:30,9424.11,0,0,0,0,0,0
LCTMCI.BSE_IDX,01/07/2025,10:57:39,9424.8,0,0,0,0,0,0
LCTMCI.BSE_IDX,01/07/2025,10:57:46,9425.02,0,0,0,0,0,0
LCTMCI.BSE_IDX,01/07/2025,10:57:54,9424.78,0,0,0,0,0,0
LCTMCI.BSE_IDX,01/07/2025,10:58:02,9424.72,0,0,0,0,0,0
LCTMCI.BSE_IDX,01/07/2025,10:58:10,9424.85,0,0,0,0,0,0
LCTMCI.BSE_IDX,01/07/2025,10:58:18,9423.97,0,0,0,0,0,0
LCTMCI.BSE_IDX,01/07/2025,10:58:26,9423.88,0,0,0,0,0,0
LCTMCI.BSE_IDX,01/07/2025,10:58:34,9424.35,0,0,0,0,0,0
LCTMCI.BSE_IDX,01/07/2025,10:58:42,9424.22,0,0,0,0,0,0
LCTMCI.BSE_IDX,01/07/2025,10:58:50,9425.07,0,0,0,0,0,0
LCTMCI.BSE_IDX,01/07/2025,10:58:58,9424.14,0,0,0,0,0,0
LCTMCI.BSE_IDX,01/07/2025,10:59:06,9424.03,0,0,0,0,0,0
LCTMCI.BSE_IDX,01/07/2025,10:59:14,9424.01,0,0,0,0,0,0
LCTMCI.BSE_IDX,01/07/2025,10:59:22,9423.88,0,0,0,0,0,0
LCTMCI.BSE_IDX,01/07/2025,10:59:30,9423.78,0,0,0,0,0,0
LCTMCI.BSE_IDX,01/07/2025,10:59:38,9423.18,0,0,0,0,0,0
LCTMCI.BSE_IDX,01/07/2025,10:59:47,9423.4,0,0,0,0,0,0
LCTMCI.BSE_IDX,01/07/2025,10:59:55,9423.42,0,0,0,0,0,0
LCTMCI.BSE_IDX,01/07/2025,11:00:03,9423.33,0,0,0,0,0,0
LCTMCI.BSE_IDX,01/07/2025,11:00:11,9422.84,0,0,0,0,0,0
LCTMCI.BSE_IDX,01/07/2025,11:00:18,9423.43,0,0,0,0,0,0
LCTMCI.BSE_IDX,01/07/2025,11:00:26,9423.71,0,0,0,0,0,0
LCTMCI.BSE_IDX,01/07/2025,11:00:34,9423.96,0,0,0,0,0,0
LCTMCI.BSE_IDX,01/07/2025,11:00:42,9423.67,0,0,0,0,0,0
LCTMCI.BSE_IDX,01/07/2025,11:00:50,9424.23,0,0,0,0,0,0
LCTMCI.BSE_IDX,01/07/2025,11:00:58,9424.37,0,0,0,0,0,0
LCTMCI.BSE_IDX,01/07/2025,11:01:06,9424.4,0,0,0,0,0,0
LCTMCI.BSE_IDX,01/07/2025,11:01:15,9424.68,0,0,0,0,0,0
LCTMCI.BSE_IDX,01/07/2025,11:01:22,9423.38,0,0,0,0,0,0
LCTMCI.BSE_IDX,01/07/2025,11:01:30,9423.37,0,0,0,0,0,0
LCTMCI.BSE_IDX,01/07/2025,11:01:38,9422.92,0,0,0,0,0,0
LCTMCI.BSE_IDX,01/07/2025,11:01:46,9421.91,0,0,0,0,0,0
LCTMCI.BSE_IDX,01/07/2025,11:01:54,9421.63,0,0,0,0,0,0
LCTMCI.BSE_IDX,01/07/2025,11:02:02,9422.35,0,0,0,0,0,0
LCTMCI.BSE_IDX,01/07/2025,11:02:10,9421.35,0,0,0,0,0,0
LCTMCI.BSE_IDX,01/07/2025,11:02:18,9421.64,0,0,0,0,0,0
LCTMCI.BSE_IDX,01/07/2025,11:02:27,9421.96,0,0,0,0,0,0
LCTMCI.BSE_IDX,01/07/2025,11:02:34,9422.24,0,0,0,0,0,0
LCTMCI.BSE_IDX,01/07/2025,11:02:42,9421.31,0,0,0,0,0,0
LCTMCI.BSE_IDX,01/07/2025,11:02:51,9421.56,0,0,0,0,0,0
LCTMCI.BSE_IDX,01/07/2025,11:02:58,9421.08,0,0,0,0,0,0
LCTMCI.BSE_IDX,01/07/2025,11:03:06,9420.85,0,0,0,0,0,0
LCTMCI.BSE_IDX,01/07/2025,11:03:14,9420.84,0,0,0,0,0,0
LCTMCI.BSE_IDX,01/07/2025,11:03:22,9420.85,0,0,0,0,0,0
LCTMCI.BSE_IDX,01/07/2025,11:03:31,9420.54,0,0,0,0,0,0
LCTMCI.BSE_IDX,01/07/2025,11:03:38,9420.77,0,0,0,0,0,0
LCTMCI.BSE_IDX,01/07/2025,11:03:46,9420.96,0,0,0,0,0,0
LCTMCI.BSE_IDX,01/07/2025,11:03:54,9420.62,0,0,0,0,0,0
LCTMCI.BSE_IDX,01/07/2025,11:04:02,9420.98,0,0,0,0,0,0
LCTMCI.BSE_IDX,01/07/2025,11:04:10,9420.61,0,0,0,0,0,0
LCTMCI.BSE_IDX,01/07/2025,11:04:18,9420.8,0,0,0,0,0,0
LCTMCI.BSE_IDX,01/07/2025,11:04:27,9420.79,0,0,0,0,0,0
LCTMCI.BSE_IDX,01/07/2025,11:04:34,9421.05,0,0,0,0,0,0
LCTMCI.BSE_IDX,01/07/2025,11:04:42,9420.71,0,0,0,0,0,0
LCTMCI.BSE_IDX,01/07/2025,11:04:51,9421.53,0,0,0,0,0,0
LCTMCI.BSE_IDX,01/07/2025,11:04:58,9421.57,0,0,0,0,0,0
LCTMCI.BSE_IDX,01/07/2025,11:05:06,9422.16,0,0,0,0,0,0
LCTMCI.BSE_IDX,01/07/2025,11:05:14,9422.4,0,0,0,0,0,0
LCTMCI.BSE_IDX,01/07/2025,11:05:22,9422.15,0,0,0,0,0,0
LCTMCI.BSE_IDX,01/07/2025,11:05:30,9422.56,0,0,0,0,0,0
LCTMCI.BSE_IDX,01/07/2025,11:05:38,9422.41,0,0,0,0,0,0
LCTMCI.BSE_IDX,01/07/2025,11:05:46,9422.65,0,0,0,0,0,0
LCTMCI.BSE_IDX,01/07/2025,11:05:54,9422.72,0,0,0,0,0,0
LCTMCI.BSE_IDX,01/07/2025,11:06:02,9422.68,0,0,0,0,0,0
LCTMCI.BSE_IDX,01/07/2025,11:06:11,9423.43,0,0,0,0,0,0
LCTMCI.BSE_IDX,01/07/2025,11:06:19,9424.41,0,0,0,0,0,0
LCTMCI.BSE_IDX,01/07/2025,11:06:26,9424.2,0,0,0,0,0,0
LCTMCI.BSE_IDX,01/07/2025,11:06:34,9423.38,0,0,0,0,0,0
LCTMCI.BSE_IDX,01/07/2025,11:06:42,9423.56,0,0,0,0,0,0
LCTMCI.BSE_IDX,01/07/2025,11:06:50,9424.08,0,0,0,0,0,0
LCTMCI.BSE_IDX,01/07/2025,11:06:58,9424.12,0,0,0,0,0,0
LCTMCI.BSE_IDX,01/07/2025,11:07:06,9423.99,0,0,0,0,0,0
LCTMCI.BSE_IDX,01/07/2025,11:07:15,9424.03,0,0,0,0,0,0
LCTMCI.BSE_IDX,01/07/2025,11:07:22,9424.02,0,0,0,0,0,0
LCTMCI.BSE_IDX,01/07/2025,11:07:30,9424.03,0,0,0,0,0,0
LCTMCI.BSE_IDX,01/07/2025,11:07:38,9424.08,0,0,0,0,0,0
LCTMCI.BSE_IDX,01/07/2025,11:07:46,9424.7,0,0,0,0,0,0
LCTMCI.BSE_IDX,01/07/2025,11:07:54,9425.27,0,0,0,0,0,0
LCTMCI.BSE_IDX,01/07/2025,11:08:02,9425.49,0,0,0,0,0,0
LCTMCI.BSE_IDX,01/07/2025,11:08:11,9425.11,0,0,0,0,0,0
LCTMCI.BSE_IDX,01/07/2025,11:08:18,9425.16,0,0,0,0,0,0
LCTMCI.BSE_IDX,01/07/2025,11:08:27,9425.39,0,0,0,0,0,0
LCTMCI.BSE_IDX,01/07/2025,11:08:35,9424.22,0,0,0,0,0,0
LCTMCI.BSE_IDX,01/07/2025,11:08:43,9424.37,0,0,0,0,0,0
LCTMCI.BSE_IDX,01/07/2025,11:08:51,9424.93,0,0,0,0,0,0
LCTMCI.BSE_IDX,01/07/2025,11:08:58,9425.38,0,0,0,0,0,0
LCTMCI.BSE_IDX,01/07/2025,11:09:07,9425.32,0,0,0,0,0,0
LCTMCI.BSE_IDX,01/07/2025,11:09:15,9423.96,0,0,0,0,0,0
LCTMCI.BSE_IDX,01/07/2025,11:09:23,9423.35,0,0,0,0,0,0
LCTMCI.BSE_IDX,01/07/2025,11:09:31,9423.95,0,0,0,0,0,0
LCTMCI.BSE_IDX,01/07/2025,11:09:39,9423.8,0,0,0,0,0,0
LCTMCI.BSE_IDX,01/07/2025,11:09:46,9424.45,0,0,0,0,0,0
LCTMCI.BSE_IDX,01/07/2025,11:09:55,9424.03,0,0,0,0,0,0
LCTMCI.BSE_IDX,01/07/2025,11:10:03,9424.36,0,0,0,0,0,0
LCTMCI.BSE_IDX,01/07/2025,11:10:11,9424.56,0,0,0,0,0,0
LCTMCI.BSE_IDX,01/07/2025,11:10:19,9424.15,0,0,0,0,0,0
LCTMCI.BSE_IDX,01/07/2025,11:10:27,9424.28,0,0,0,0,0,0
LCTMCI.BSE_IDX,01/07/2025,11:10:35,9424.86,0,0,0,0,0,0
LCTMCI.BSE_IDX,01/07/2025,11:10:43,9424.92,0,0,0,0,0,0
LCTMCI.BSE_IDX,01/07/2025,11:10:51,9424.81,0,0,0,0,0,0
LCTMCI.BSE_IDX,01/07/2025,11:10:59,9424.85,0,0,0,0,0,0
LCTMCI.BSE_IDX,01/07/2025,11:11:07,9425.42,0,0,0,0,0,0
LCTMCI.BSE_IDX,01/07/2025,11:11:15,9425.06,0,0,0,0,0,0
LCTMCI.BSE_IDX,01/07/2025,11:11:23,9425.02,0,0,0,0,0,0
LCTMCI.BSE_IDX,01/07/2025,11:11:31,9424.73,0,0,0,0,0,0
LCTMCI.BSE_IDX,01/07/2025,11:11:39,9424.57,0,0,0,0,0,0
LCTMCI.BSE_IDX,01/07/2025,11:11:47,9424.3,0,0,0,0,0,0
LCTMCI.BSE_IDX,01/07/2025,11:11:55,9424.49,0,0,0,0,0,0
LCTMCI.BSE_IDX,01/07/2025,11:12:03,9424.48,0,0,0,0,0,0
LCTMCI.BSE_IDX,01/07/2025,11:12:11,9424.75,0,0,0,0,0,0
LCTMCI.BSE_IDX,01/07/2025,11:12:19,9424.55,0,0,0,0,0,0
LCTMCI.BSE_IDX,01/07/2025,11:12:27,9424.39,0,0,0,0,0,0
LCTMCI.BSE_IDX,01/07/2025,11:12:35,9424.71,0,0,0,0,0,0
LCTMCI.BSE_IDX,01/07/2025,11:12:43,9424,0,0,0,0,0,0
LCTMCI.BSE_IDX,01/07/2025,11:12:51,9424.18,0,0,0,0,0,0
LCTMCI.BSE_IDX,01/07/2025,11:12:59,9424.28,0,0,0,0,0,0
LCTMCI.BSE_IDX,01/07/2025,11:13:07,9424.54,0,0,0,0,0,0
LCTMCI.BSE_IDX,01/07/2025,11:13:16,9424.3,0,0,0,0,0,0
LCTMCI.BSE_IDX,01/07/2025,11:13:23,9423.87,0,0,0,0,0,0
LCTMCI.BSE_IDX,01/07/2025,11:13:31,9423.65,0,0,0,0,0,0
LCTMCI.BSE_IDX,01/07/2025,11:13:39,9423.69,0,0,0,0,0,0
LCTMCI.BSE_IDX,01/07/2025,11:13:47,9424.24,0,0,0,0,0,0
LCTMCI.BSE_IDX,01/07/2025,11:13:55,9424.45,0,0,0,0,0,0
LCTMCI.BSE_IDX,01/07/2025,11:14:03,9424.96,0,0,0,0,0,0
LCTMCI.BSE_IDX,01/07/2025,11:14:11,9424.31,0,0,0,0,0,0
LCTMCI.BSE_IDX,01/07/2025,11:14:19,9424.84,0,0,0,0,0,0
LCTMCI.BSE_IDX,01/07/2025,11:14:27,9425.56,0,0,0,0,0,0
LCTMCI.BSE_IDX,01/07/2025,11:14:35,9425.63,0,0,0,0,0,0
LCTMCI.BSE_IDX,01/07/2025,11:14:43,9425.84,0,0,0,0,0,0
LCTMCI.BSE_IDX,01/07/2025,11:14:51,9426.03,0,0,0,0,0,0
LCTMCI.BSE_IDX,01/07/2025,11:14:59,9426.13,0,0,0,0,0,0
LCTMCI.BSE_IDX,01/07/2025,11:15:07,9426.34,0,0,0,0,0,0
LCTMCI.BSE_IDX,01/07/2025,11:15:15,9426.36,0,0,0,0,0,0
LCTMCI.BSE_IDX,01/07/2025,11:15:23,9426.98,0,0,0,0,0,0
LCTMCI.BSE_IDX,01/07/2025,11:15:31,9426.13,0,0,0,0,0,0
LCTMCI.BSE_IDX,01/07/2025,11:15:39,9426.74,0,0,0,0,0,0
LCTMCI.BSE_IDX,01/07/2025,11:15:47,9426.87,0,0,0,0,0,0
LCTMCI.BSE_IDX,01/07/2025,11:15:56,9427.51,0,0,0,0,0,0
LCTMCI.BSE_IDX,01/07/2025,11:16:03,9426.75,0,0,0,0,0,0
LCTMCI.BSE_IDX,01/07/2025,11:16:11,9426.58,0,0,0,0,0,0
LCTMCI.BSE_IDX,01/07/2025,11:16:19,9426.6,0,0,0,0,0,0
LCTMCI.BSE_IDX,01/07/2025,11:16:27,9425.46,0,0,0,0,0,0
LCTMCI.BSE_IDX,01/07/2025,11:16:35,9425.28,0,0,0,0,0,0
LCTMCI.BSE_IDX,01/07/2025,11:16:43,9424.73,0,0,0,0,0,0
LCTMCI.BSE_IDX,01/07/2025,11:16:51,9424.88,0,0,0,0,0,0
LCTMCI.BSE_IDX,01/07/2025,11:16:59,9424.69,0,0,0,0,0,0
LCTMCI.BSE_IDX,01/07/2025,11:17:07,9424.75,0,0,0,0,0,0
LCTMCI.BSE_IDX,01/07/2025,11:17:15,9425.22,0,0,0,0,0,0
LCTMCI.BSE_IDX,01/07/2025,11:17:23,9426.27,0,0,0,0,0,0
LCTMCI.BSE_IDX,01/07/2025,11:17:31,9427.51,0,0,0,0,0,0
LCTMCI.BSE_IDX,01/07/2025,11:17:39,9428.18,0,0,0,0,0,0
LCTMCI.BSE_IDX,01/07/2025,11:17:47,9429.28,0,0,0,0,0,0
LCTMCI.BSE_IDX,01/07/2025,11:17:57,9429.33,0,0,0,0,0,0
LCTMCI.BSE_IDX,01/07/2025,11:18:03,9429.23,0,0,0,0,0,0
LCTMCI.BSE_IDX,01/07/2025,11:18:11,9429.05,0,0,0,0,0,0
LCTMCI.BSE_IDX,01/07/2025,11:18:19,9428.99,0,0,0,0,0,0
LCTMCI.BSE_IDX,01/07/2025,11:18:27,9429.23,0,0,0,0,0,0
LCTMCI.BSE_IDX,01/07/2025,11:18:35,9430.06,0,0,0,0,0,0
LCTMCI.BSE_IDX,01/07/2025,11:18:44,9429.83,0,0,0,0,0,0
LCTMCI.BSE_IDX,01/07/2025,11:18:51,9430.55,0,0,0,0,0,0
LCTMCI.BSE_IDX,01/07/2025,11:18:59,9429.63,0,0,0,0,0,0
LCTMCI.BSE_IDX,01/07/2025,11:19:08,9429.35,0,0,0,0,0,0
LCTMCI.BSE_IDX,01/07/2025,11:19:15,9429.73,0,0,0,0,0,0
LCTMCI.BSE_IDX,01/07/2025,11:19:23,9429.52,0,0,0,0,0,0
LCTMCI.BSE_IDX,01/07/2025,11:19:31,9429.1,0,0,0,0,0,0
LCTMCI.BSE_IDX,01/07/2025,11:19:39,9428.73,0,0,0,0,0,0
LCTMCI.BSE_IDX,01/07/2025,11:19:47,9428.47,0,0,0,0,0,0
LCTMCI.BSE_IDX,01/07/2025,11:19:55,9426.91,0,0,0,0,0,0
LCTMCI.BSE_IDX,01/07/2025,11:20:03,9426.8,0,0,0,0,0,0
LCTMCI.BSE_IDX,01/07/2025,11:20:11,9427.62,0,0,0,0,0,0
LCTMCI.BSE_IDX,01/07/2025,11:20:19,9427.69,0,0,0,0,0,0
LCTMCI.BSE_IDX,01/07/2025,11:20:27,9427.93,0,0,0,0,0,0
LCTMCI.BSE_IDX,01/07/2025,11:20:35,9428.22,0,0,0,0,0,0
LCTMCI.BSE_IDX,01/07/2025,11:20:43,9428.3,0,0,0,0,0,0
LCTMCI.BSE_IDX,01/07/2025,11:20:51,9428.32,0,0,0,0,0,0
LCTMCI.BSE_IDX,01/07/2025,11:20:59,9428.56,0,0,0,0,0,0
LCTMCI.BSE_IDX,01/07/2025,11:21:07,9428.21,0,0,0,0,0,0
LCTMCI.BSE_IDX,01/07/2025,11:21:15,9428.46,0,0,0,0,0,0
LCTMCI.BSE_IDX,01/07/2025,11:21:24,9428.57,0,0,0,0,0,0
LCTMCI.BSE_IDX,01/07/2025,11:21:31,9428.58,0,0,0,0,0,0
LCTMCI.BSE_IDX,01/07/2025,11:21:39,9427.8,0,0,0,0,0,0
LCTMCI.BSE_IDX,01/07/2025,11:21:47,9427.6,0,0,0,0,0,0
LCTMCI.BSE_IDX,01/07/2025,11:21:56,9427.95,0,0,0,0,0,0
LCTMCI.BSE_IDX,01/07/2025,11:22:03,9428.08,0,0,0,0,0,0
LCTMCI.BSE_IDX,01/07/2025,11:22:11,9427.79,0,0,0,0,0,0
LCTMCI.BSE_IDX,01/07/2025,11:22:19,9427.9,0,0,0,0,0,0
LCTMCI.BSE_IDX,01/07/2025,11:22:28,9427.82,0,0,0,0,0,0
LCTMCI.BSE_IDX,01/07/2025,11:22:35,9428.07,0,0,0,0,0,0
LCTMCI.BSE_IDX,01/07/2025,11:22:43,9427.83,0,0,0,0,0,0
LCTMCI.BSE_IDX,01/07/2025,11:22:51,9427.73,0,0,0,0,0,0
LCTMCI.BSE_IDX,01/07/2025,11:22:59,9427.89,0,0,0,0,0,0
LCTMCI.BSE_IDX,01/07/2025,11:23:07,9427.81,0,0,0,0,0,0
LCTMCI.BSE_IDX,01/07/2025,11:23:15,9428.52,0,0,0,0,0,0
LCTMCI.BSE_IDX,01/07/2025,11:23:23,9428.29,0,0,0,0,0,0
LCTMCI.BSE_IDX,01/07/2025,11:23:31,9428.07,0,0,0,0,0,0
LCTMCI.BSE_IDX,01/07/2025,11:23:39,9428.01,0,0,0,0,0,0
LCTMCI.BSE_IDX,01/07/2025,11:23:47,9428.31,0,0,0,0,0,0
LCTMCI.BSE_IDX,01/07/2025,11:23:55,9428.01,0,0,0,0,0,0
LCTMCI.BSE_IDX,01/07/2025,11:24:04,9427.38,0,0,0,0,0,0
LCTMCI.BSE_IDX,01/07/2025,11:24:11,9427.78,0,0,0,0,0,0
LCTMCI.BSE_IDX,01/07/2025,11:24:19,9427.45,0,0,0,0,0,0
LCTMCI.BSE_IDX,01/07/2025,11:24:27,9427.26,0,0,0,0,0,0
LCTMCI.BSE_IDX,01/07/2025,11:24:35,9426.66,0,0,0,0,0,0
LCTMCI.BSE_IDX,01/07/2025,11:24:43,9426.72,0,0,0,0,0,0
LCTMCI.BSE_IDX,01/07/2025,11:24:52,9426.43,0,0,0,0,0,0
LCTMCI.BSE_IDX,01/07/2025,11:25:00,9426.73,0,0,0,0,0,0
LCTMCI.BSE_IDX,01/07/2025,11:25:07,9427.14,0,0,0,0,0,0
LCTMCI.BSE_IDX,01/07/2025,11:25:15,9426.86,0,0,0,0,0,0
LCTMCI.BSE_IDX,01/07/2025,11:25:23,9426.44,0,0,0,0,0,0
LCTMCI.BSE_IDX,01/07/2025,11:25:31,9426.64,0,0,0,0,0,0
LCTMCI.BSE_IDX,01/07/2025,11:25:41,9426.27,0,0,0,0,0,0
LCTMCI.BSE_IDX,01/07/2025,11:25:47,9425.7,0,0,0,0,0,0
LCTMCI.BSE_IDX,01/07/2025,11:25:55,9425.6,0,0,0,0,0,0
LCTMCI.BSE_IDX,01/07/2025,11:26:03,9425.94,0,0,0,0,0,0
LCTMCI.BSE_IDX,01/07/2025,11:26:11,9425.38,0,0,0,0,0,0
LCTMCI.BSE_IDX,01/07/2025,11:26:19,9425.73,0,0,0,0,0,0
LCTMCI.BSE_IDX,01/07/2025,11:26:27,9425.65,0,0,0,0,0,0
LCTMCI.BSE_IDX,01/07/2025,11:26:35,9425.92,0,0,0,0,0,0
LCTMCI.BSE_IDX,01/07/2025,11:26:43,9425.96,0,0,0,0,0,0
LCTMCI.BSE_IDX,01/07/2025,11:26:51,9425.6,0,0,0,0,0,0
LCTMCI.BSE_IDX,01/07/2025,11:26:59,9425.99,0,0,0,0,0,0
LCTMCI.BSE_IDX,01/07/2025,11:27:07,9425.84,0,0,0,0,0,0
LCTMCI.BSE_IDX,01/07/2025,11:27:15,9426.17,0,0,0,0,0,0
LCTMCI.BSE_IDX,01/07/2025,11:27:23,9425.62,0,0,0,0,0,0
LCTMCI.BSE_IDX,01/07/2025,11:27:31,9426.07,0,0,0,0,0,0
LCTMCI.BSE_IDX,01/07/2025,11:27:39,9426.27,0,0,0,0,0,0
LCTMCI.BSE_IDX,01/07/2025,11:27:47,9426.09,0,0,0,0,0,0
LCTMCI.BSE_IDX,01/07/2025,11:27:55,9426.23,0,0,0,0,0,0
LCTMCI.BSE_IDX,01/07/2025,11:28:03,9426.19,0,0,0,0,0,0
LCTMCI.BSE_IDX,01/07/2025,11:28:11,9425.68,0,0,0,0,0,0
LCTMCI.BSE_IDX,01/07/2025,11:28:19,9425.05,0,0,0,0,0,0
LCTMCI.BSE_IDX,01/07/2025,11:28:27,9425.38,0,0,0,0,0,0
LCTMCI.BSE_IDX,01/07/2025,11:28:36,9426.32,0,0,0,0,0,0
LCTMCI.BSE_IDX,01/07/2025,11:28:43,9426.19,0,0,0,0,0,0
LCTMCI.BSE_IDX,01/07/2025,11:28:51,9426.35,0,0,0,0,0,0
LCTMCI.BSE_IDX,01/07/2025,11:28:59,9426.34,0,0,0,0,0,0
LCTMCI.BSE_IDX,01/07/2025,11:29:07,9426.3,0,0,0,0,0,0
LCTMCI.BSE_IDX,01/07/2025,11:29:16,9426.26,0,0,0,0,0,0
LCTMCI.BSE_IDX,01/07/2025,11:29:24,9425.9,0,0,0,0,0,0
LCTMCI.BSE_IDX,01/07/2025,11:29:31,9426.17,0,0,0,0,0,0
LCTMCI.BSE_IDX,01/07/2025,11:29:39,9426.58,0,0,0,0,0,0
LCTMCI.BSE_IDX,01/07/2025,11:29:47,9427.11,0,0,0,0,0,0
LCTMCI.BSE_IDX,01/07/2025,11:29:55,9427.2,0,0,0,0,0,0
LCTMCI.BSE_IDX,01/07/2025,11:30:03,9427.78,0,0,0,0,0,0
LCTMCI.BSE_IDX,01/07/2025,11:30:11,9427.43,0,0,0,0,0,0
LCTMCI.BSE_IDX,01/07/2025,11:30:19,9427.65,0,0,0,0,0,0
LCTMCI.BSE_IDX,01/07/2025,11:30:27,9427.75,0,0,0,0,0,0
LCTMCI.BSE_IDX,01/07/2025,11:30:35,9427.7,0,0,0,0,0,0
LCTMCI.BSE_IDX,01/07/2025,11:30:43,9428.29,0,0,0,0,0,0
LCTMCI.BSE_IDX,01/07/2025,11:30:51,9428.4,0,0,0,0,0,0
LCTMCI.BSE_IDX,01/07/2025,11:30:59,9428.27,0,0,0,0,0,0
LCTMCI.BSE_IDX,01/07/2025,11:31:07,9427.31,0,0,0,0,0,0
LCTMCI.BSE_IDX,01/07/2025,11:31:15,9426.69,0,0,0,0,0,0
LCTMCI.BSE_IDX,01/07/2025,11:31:23,9426.31,0,0,0,0,0,0
LCTMCI.BSE_IDX,01/07/2025,11:31:31,9426.1,0,0,0,0,0,0
LCTMCI.BSE_IDX,01/07/2025,11:31:39,9426.09,0,0,0,0,0,0
LCTMCI.BSE_IDX,01/07/2025,11:31:47,9426.31,0,0,0,0,0,0
LCTMCI.BSE_IDX,01/07/2025,11:31:55,9426.43,0,0,0,0,0,0
LCTMCI.BSE_IDX,01/07/2025,11:32:04,9426.15,0,0,0,0,0,0
LCTMCI.BSE_IDX,01/07/2025,11:32:11,9425.95,0,0,0,0,0,0
LCTMCI.BSE_IDX,01/07/2025,11:32:19,9426.57,0,0,0,0,0,0
LCTMCI.BSE_IDX,01/07/2025,11:32:27,9426.31,0,0,0,0,0,0
LCTMCI.BSE_IDX,01/07/2025,11:32:35,9426.48,0,0,0,0,0,0
LCTMCI.BSE_IDX,01/07/2025,11:32:43,9426.34,0,0,0,0,0,0
LCTMCI.BSE_IDX,01/07/2025,11:32:51,9425.63,0,0,0,0,0,0
LCTMCI.BSE_IDX,01/07/2025,11:32:59,9425.49,0,0,0,0,0,0
LCTMCI.BSE_IDX,01/07/2025,11:33:07,9425.04,0,0,0,0,0,0
LCTMCI.BSE_IDX,01/07/2025,11:33:15,9424.13,0,0,0,0,0,0
LCTMCI.BSE_IDX,01/07/2025,11:33:23,9424.58,0,0,0,0,0,0
LCTMCI.BSE_IDX,01/07/2025,11:33:31,9424.22,0,0,0,0,0,0
LCTMCI.BSE_IDX,01/07/2025,11:33:39,9424.74,0,0,0,0,0,0
LCTMCI.BSE_IDX,01/07/2025,11:33:47,9424.19,0,0,0,0,0,0
LCTMCI.BSE_IDX,01/07/2025,11:33:55,9424.23,0,0,0,0,0,0
LCTMCI.BSE_IDX,01/07/2025,11:34:03,9424.25,0,0,0,0,0,0
LCTMCI.BSE_IDX,01/07/2025,11:34:12,9423.66,0,0,0,0,0,0
LCTMCI.BSE_IDX,01/07/2025,11:34:19,9423.76,0,0,0,0,0,0
LCTMCI.BSE_IDX,01/07/2025,11:34:27,9423.36,0,0,0,0,0,0
LCTMCI.BSE_IDX,01/07/2025,11:34:35,9423.25,0,0,0,0,0,0
LCTMCI.BSE_IDX,01/07/2025,11:34:43,9423.67,0,0,0,0,0,0
LCTMCI.BSE_IDX,01/07/2025,11:34:51,9423.99,0,0,0,0,0,0
LCTMCI.BSE_IDX,01/07/2025,11:34:59,9423.74,0,0,0,0,0,0
LCTMCI.BSE_IDX,01/07/2025,11:35:07,9423.88,0,0,0,0,0,0
LCTMCI.BSE_IDX,01/07/2025,11:35:16,9424.02,0,0,0,0,0,0
LCTMCI.BSE_IDX,01/07/2025,11:35:23,9424.85,0,0,0,0,0,0
LCTMCI.BSE_IDX,01/07/2025,11:35:32,9424.49,0,0,0,0,0,0
LCTMCI.BSE_IDX,01/07/2025,11:35:39,9424.56,0,0,0,0,0,0
LCTMCI.BSE_IDX,01/07/2025,11:35:47,9424.77,0,0,0,0,0,0
LCTMCI.BSE_IDX,01/07/2025,11:35:55,9424.57,0,0,0,0,0,0
LCTMCI.BSE_IDX,01/07/2025,11:36:04,9424.49,0,0,0,0,0,0
LCTMCI.BSE_IDX,01/07/2025,11:36:11,9424.87,0,0,0,0,0,0
LCTMCI.BSE_IDX,01/07/2025,11:36:19,9424.42,0,0,0,0,0,0
LCTMCI.BSE_IDX,01/07/2025,11:36:28,9424.8,0,0,0,0,0,0
LCTMCI.BSE_IDX,01/07/2025,11:36:35,9424.21,0,0,0,0,0,0
LCTMCI.BSE_IDX,01/07/2025,11:36:43,9424.31,0,0,0,0,0,0
LCTMCI.BSE_IDX,01/07/2025,11:36:54,9424.8,0,0,0,0,0,0
LCTMCI.BSE_IDX,01/07/2025,11:36:59,9425.02,0,0,0,0,0,0
LCTMCI.BSE_IDX,01/07/2025,11:37:07,9425.05,0,0,0,0,0,0
LCTMCI.BSE_IDX,01/07/2025,11:37:15,9425.17,0,0,0,0,0,0
LCTMCI.BSE_IDX,01/07/2025,11:37:23,9424.93,0,0,0,0,0,0
LCTMCI.BSE_IDX,01/07/2025,11:37:31,9425.19,0,0,0,0,0,0
LCTMCI.BSE_IDX,01/07/2025,11:37:41,9424.64,0,0,0,0,0,0
LCTMCI.BSE_IDX,01/07/2025,11:37:47,9424.87,0,0,0,0,0,0
LCTMCI.BSE_IDX,01/07/2025,11:37:55,9425.52,0,0,0,0,0,0
LCTMCI.BSE_IDX,01/07/2025,11:38:03,9425.5,0,0,0,0,0,0
LCTMCI.BSE_IDX,01/07/2025,11:38:11,9425.13,0,0,0,0,0,0
LCTMCI.BSE_IDX,01/07/2025,11:38:20,9424.7,0,0,0,0,0,0
LCTMCI.BSE_IDX,01/07/2025,11:38:27,9425,0,0,0,0,0,0
LCTMCI.BSE_IDX,01/07/2025,11:38:35,9425.36,0,0,0,0,0,0
LCTMCI.BSE_IDX,01/07/2025,11:38:43,9425.04,0,0,0,0,0,0
LCTMCI.BSE_IDX,01/07/2025,11:38:51,9425.15,0,0,0,0,0,0
LCTMCI.BSE_IDX,01/07/2025,11:38:59,9424.82,0,0,0,0,0,0
LCTMCI.BSE_IDX,01/07/2025,11:39:07,9424.97,0,0,0,0,0,0
LCTMCI.BSE_IDX,01/07/2025,11:39:16,9425.18,0,0,0,0,0,0
LCTMCI.BSE_IDX,01/07/2025,11:39:23,9425.58,0,0,0,0,0,0
LCTMCI.BSE_IDX,01/07/2025,11:39:31,9425.82,0,0,0,0,0,0
LCTMCI.BSE_IDX,01/07/2025,11:39:39,9425.18,0,0,0,0,0,0
LCTMCI.BSE_IDX,01/07/2025,11:39:47,9425.26,0,0,0,0,0,0
LCTMCI.BSE_IDX,01/07/2025,11:39:55,9425.16,0,0,0,0,0,0
LCTMCI.BSE_IDX,01/07/2025,11:40:03,9425.85,0,0,0,0,0,0
LCTMCI.BSE_IDX,01/07/2025,11:40:11,9426.15,0,0,0,0,0,0
LCTMCI.BSE_IDX,01/07/2025,11:40:19,9425.83,0,0,0,0,0,0
LCTMCI.BSE_IDX,01/07/2025,11:40:27,9425.84,0,0,0,0,0,0
LCTMCI.BSE_IDX,01/07/2025,11:40:35,9425.6,0,0,0,0,0,0
LCTMCI.BSE_IDX,01/07/2025,11:40:43,9425.79,0,0,0,0,0,0
LCTMCI.BSE_IDX,01/07/2025,11:40:51,9425.52,0,0,0,0,0,0
LCTMCI.BSE_IDX,01/07/2025,11:41:00,9426.24,0,0,0,0,0,0
LCTMCI.BSE_IDX,01/07/2025,11:41:07,9425.95,0,0,0,0,0,0
LCTMCI.BSE_IDX,01/07/2025,11:41:15,9425.81,0,0,0,0,0,0
LCTMCI.BSE_IDX,01/07/2025,11:41:24,9426.13,0,0,0,0,0,0
LCTMCI.BSE_IDX,01/07/2025,11:41:32,9426.17,0,0,0,0,0,0
LCTMCI.BSE_IDX,01/07/2025,11:41:39,9426.57,0,0,0,0,0,0
LCTMCI.BSE_IDX,01/07/2025,11:41:48,9425.96,0,0,0,0,0,0
LCTMCI.BSE_IDX,01/07/2025,11:41:56,9425.51,0,0,0,0,0,0
LCTMCI.BSE_IDX,01/07/2025,11:42:04,9426.39,0,0,0,0,0,0
LCTMCI.BSE_IDX,01/07/2025,11:42:12,9426.34,0,0,0,0,0,0
LCTMCI.BSE_IDX,01/07/2025,11:42:20,9426.14,0,0,0,0,0,0
LCTMCI.BSE_IDX,01/07/2025,11:42:28,9426.11,0,0,0,0,0,0
LCTMCI.BSE_IDX,01/07/2025,11:42:36,9426.71,0,0,0,0,0,0
LCTMCI.BSE_IDX,01/07/2025,11:42:44,9426.98,0,0,0,0,0,0
LCTMCI.BSE_IDX,01/07/2025,11:42:52,9427.39,0,0,0,0,0,0
LCTMCI.BSE_IDX,01/07/2025,11:43:00,9427.1,0,0,0,0,0,0
LCTMCI.BSE_IDX,01/07/2025,11:43:08,9426.84,0,0,0,0,0,0
LCTMCI.BSE_IDX,01/07/2025,11:43:16,9427.41,0,0,0,0,0,0
LCTMCI.BSE_IDX,01/07/2025,11:43:24,9427.7,0,0,0,0,0,0
LCTMCI.BSE_IDX,01/07/2025,11:43:32,9427.3,0,0,0,0,0,0
LCTMCI.BSE_IDX,01/07/2025,11:43:40,9426.85,0,0,0,0,0,0
LCTMCI.BSE_IDX,01/07/2025,11:43:48,9427.01,0,0,0,0,0,0
LCTMCI.BSE_IDX,01/07/2025,11:43:56,9426.5,0,0,0,0,0,0
LCTMCI.BSE_IDX,01/07/2025,11:44:04,9426.86,0,0,0,0,0,0
LCTMCI.BSE_IDX,01/07/2025,11:44:12,9427.14,0,0,0,0,0,0
LCTMCI.BSE_IDX,01/07/2025,11:44:20,9426.96,0,0,0,0,0,0
LCTMCI.BSE_IDX,01/07/2025,11:44:28,9426.02,0,0,0,0,0,0
LCTMCI.BSE_IDX,01/07/2025,11:44:36,9423.98,0,0,0,0,0,0
LCTMCI.BSE_IDX,01/07/2025,11:44:44,9423.59,0,0,0,0,0,0
LCTMCI.BSE_IDX,01/07/2025,11:44:52,9423.04,0,0,0,0,0,0
LCTMCI.BSE_IDX,01/07/2025,11:45:00,9422.43,0,0,0,0,0,0
LCTMCI.BSE_IDX,01/07/2025,11:45:08,9424.04,0,0,0,0,0,0
LCTMCI.BSE_IDX,01/07/2025,11:45:16,9424.27,0,0,0,0,0,0
LCTMCI.BSE_IDX,01/07/2025,11:45:24,9424.96,0,0,0,0,0,0
LCTMCI.BSE_IDX,01/07/2025,11:45:32,9425.01,0,0,0,0,0,0
LCTMCI.BSE_IDX,01/07/2025,11:45:40,9426.17,0,0,0,0,0,0
LCTMCI.BSE_IDX,01/07/2025,11:45:48,9426.22,0,0,0,0,0,0
LCTMCI.BSE_IDX,01/07/2025,11:45:56,9426.96,0,0,0,0,0,0
LCTMCI.BSE_IDX,01/07/2025,11:46:04,9428.91,0,0,0,0,0,0
LCTMCI.BSE_IDX,01/07/2025,11:46:12,9430.05,0,0,0,0,0,0
LCTMCI.BSE_IDX,01/07/2025,11:46:20,9429.11,0,0,0,0,0,0
LCTMCI.BSE_IDX,01/07/2025,11:46:28,9428.67,0,0,0,0,0,0
LCTMCI.BSE_IDX,01/07/2025,11:46:36,9428.58,0,0,0,0,0,0
LCTMCI.BSE_IDX,01/07/2025,11:46:44,9428.13,0,0,0,0,0,0
LCTMCI.BSE_IDX,01/07/2025,11:46:52,9428.39,0,0,0,0,0,0
LCTMCI.BSE_IDX,01/07/2025,11:47:00,9427.85,0,0,0,0,0,0
LCTMCI.BSE_IDX,01/07/2025,11:47:08,9427.87,0,0,0,0,0,0
LCTMCI.BSE_IDX,01/07/2025,11:47:16,9426.67,0,0,0,0,0,0
LCTMCI.BSE_IDX,01/07/2025,11:47:24,9426.27,0,0,0,0,0,0
LCTMCI.BSE_IDX,01/07/2025,11:47:32,9426.37,0,0,0,0,0,0
LCTMCI.BSE_IDX,01/07/2025,11:47:40,9426.49,0,0,0,0,0,0
LCTMCI.BSE_IDX,01/07/2025,11:47:48,9426.48,0,0,0,0,0,0
LCTMCI.BSE_IDX,01/07/2025,11:47:56,9425.32,0,0,0,0,0,0
LCTMCI.BSE_IDX,01/07/2025,11:48:04,9425.33,0,0,0,0,0,0
LCTMCI.BSE_IDX,01/07/2025,11:48:12,9425.48,0,0,0,0,0,0
LCTMCI.BSE_IDX,01/07/2025,11:48:20,9426.15,0,0,0,0,0,0
LCTMCI.BSE_IDX,01/07/2025,11:48:28,9426.34,0,0,0,0,0,0
LCTMCI.BSE_IDX,01/07/2025,11:48:36,9426.14,0,0,0,0,0,0
LCTMCI.BSE_IDX,01/07/2025,11:48:44,9426.63,0,0,0,0,0,0
LCTMCI.BSE_IDX,01/07/2025,11:48:52,9426.58,0,0,0,0,0,0
LCTMCI.BSE_IDX,01/07/2025,11:49:01,9426.38,0,0,0,0,0,0
LCTMCI.BSE_IDX,01/07/2025,11:49:09,9426.25,0,0,0,0,0,0
LCTMCI.BSE_IDX,01/07/2025,11:49:16,9426.41,0,0,0,0,0,0
LCTMCI.BSE_IDX,01/07/2025,11:49:24,9426.27,0,0,0,0,0,0
LCTMCI.BSE_IDX,01/07/2025,11:49:32,9426.23,0,0,0,0,0,0
LCTMCI.BSE_IDX,01/07/2025,11:49:40,9426.27,0,0,0,0,0,0
LCTMCI.BSE_IDX,01/07/2025,11:49:49,9425.59,0,0,0,0,0,0
LCTMCI.BSE_IDX,01/07/2025,11:49:56,9425.6,0,0,0,0,0,0
LCTMCI.BSE_IDX,01/07/2025,11:50:04,9425.78,0,0,0,0,0,0
LCTMCI.BSE_IDX,01/07/2025,11:50:12,9425.27,0,0,0,0,0,0
LCTMCI.BSE_IDX,01/07/2025,11:50:20,9425.02,0,0,0,0,0,0
LCTMCI.BSE_IDX,01/07/2025,11:50:28,9425.44,0,0,0,0,0,0
LCTMCI.BSE_IDX,01/07/2025,11:50:36,9425.37,0,0,0,0,0,0
LCTMCI.BSE_IDX,01/07/2025,11:50:44,9425.3,0,0,0,0,0,0
LCTMCI.BSE_IDX,01/07/2025,11:50:52,9425.27,0,0,0,0,0,0
LCTMCI.BSE_IDX,01/07/2025,11:51:00,9425.29,0,0,0,0,0,0
LCTMCI.BSE_IDX,01/07/2025,11:51:08,9425.85,0,0,0,0,0,0
LCTMCI.BSE_IDX,01/07/2025,11:51:16,9425.96,0,0,0,0,0,0
LCTMCI.BSE_IDX,01/07/2025,11:51:24,9425.05,0,0,0,0,0,0
LCTMCI.BSE_IDX,01/07/2025,11:51:32,9425.19,0,0,0,0,0,0
LCTMCI.BSE_IDX,01/07/2025,11:51:40,9425.37,0,0,0,0,0,0
LCTMCI.BSE_IDX,01/07/2025,11:51:48,9425.73,0,0,0,0,0,0
LCTMCI.BSE_IDX,01/07/2025,11:51:56,9425.72,0,0,0,0,0,0
LCTMCI.BSE_IDX,01/07/2025,11:52:04,9425.54,0,0,0,0,0,0
LCTMCI.BSE_IDX,01/07/2025,11:52:12,9424.8,0,0,0,0,0,0
LCTMCI.BSE_IDX,01/07/2025,11:52:20,9424.77,0,0,0,0,0,0
LCTMCI.BSE_IDX,01/07/2025,11:52:28,9425.18,0,0,0,0,0,0
LCTMCI.BSE_IDX,01/07/2025,11:52:36,9424.7,0,0,0,0,0,0
LCTMCI.BSE_IDX,01/07/2025,11:52:44,9424.54,0,0,0,0,0,0
LCTMCI.BSE_IDX,01/07/2025,11:52:52,9424.39,0,0,0,0,0,0
LCTMCI.BSE_IDX,01/07/2025,11:53:00,9423.69,0,0,0,0,0,0
LCTMCI.BSE_IDX,01/07/2025,11:53:08,9423.44,0,0,0,0,0,0
LCTMCI.BSE_IDX,01/07/2025,11:53:16,9422.93,0,0,0,0,0,0
LCTMCI.BSE_IDX,01/07/2025,11:53:24,9422.53,0,0,0,0,0,0
LCTMCI.BSE_IDX,01/07/2025,11:53:32,9422.49,0,0,0,0,0,0
LCTMCI.BSE_IDX,01/07/2025,11:53:40,9422.97,0,0,0,0,0,0
LCTMCI.BSE_IDX,01/07/2025,11:53:48,9422.57,0,0,0,0,0,0
LCTMCI.BSE_IDX,01/07/2025,11:53:56,9422.15,0,0,0,0,0,0
LCTMCI.BSE_IDX,01/07/2025,11:54:04,9421.58,0,0,0,0,0,0
LCTMCI.BSE_IDX,01/07/2025,11:54:12,9420.44,0,0,0,0,0,0
LCTMCI.BSE_IDX,01/07/2025,11:54:20,9420.38,0,0,0,0,0,0
LCTMCI.BSE_IDX,01/07/2025,11:54:28,9420.76,0,0,0,0,0,0
LCTMCI.BSE_IDX,01/07/2025,11:54:36,9420.6,0,0,0,0,0,0
LCTMCI.BSE_IDX,01/07/2025,11:54:44,9420.56,0,0,0,0,0,0
LCTMCI.BSE_IDX,01/07/2025,11:54:52,9420.38,0,0,0,0,0,0
LCTMCI.BSE_IDX,01/07/2025,11:55:00,9420.27,0,0,0,0,0,0
LCTMCI.BSE_IDX,01/07/2025,11:55:08,9420.61,0,0,0,0,0,0
LCTMCI.BSE_IDX,01/07/2025,11:55:17,9420.41,0,0,0,0,0,0
LCTMCI.BSE_IDX,01/07/2025,11:55:24,9420.42,0,0,0,0,0,0
LCTMCI.BSE_IDX,01/07/2025,11:55:32,9420.23,0,0,0,0,0,0
LCTMCI.BSE_IDX,01/07/2025,11:55:40,9420.22,0,0,0,0,0,0
LCTMCI.BSE_IDX,01/07/2025,11:55:48,9419.72,0,0,0,0,0,0
LCTMCI.BSE_IDX,01/07/2025,11:55:56,9420.04,0,0,0,0,0,0
LCTMCI.BSE_IDX,01/07/2025,11:56:05,9420.13,0,0,0,0,0,0
LCTMCI.BSE_IDX,01/07/2025,11:56:12,9419.84,0,0,0,0,0,0
LCTMCI.BSE_IDX,01/07/2025,11:56:20,9417.84,0,0,0,0,0,0
LCTMCI.BSE_IDX,01/07/2025,11:56:28,9417.09,0,0,0,0,0,0
LCTMCI.BSE_IDX,01/07/2025,11:56:36,9417.24,0,0,0,0,0,0
LCTMCI.BSE_IDX,01/07/2025,11:56:44,9418.73,0,0,0,0,0,0
LCTMCI.BSE_IDX,01/07/2025,11:56:52,9417.59,0,0,0,0,0,0
LCTMCI.BSE_IDX,01/07/2025,11:57:00,9417.55,0,0,0,0,0,0
LCTMCI.BSE_IDX,01/07/2025,11:57:08,9417.16,0,0,0,0,0,0
LCTMCI.BSE_IDX,01/07/2025,11:57:16,9417.51,0,0,0,0,0,0
LCTMCI.BSE_IDX,01/07/2025,11:57:24,9417.75,0,0,0,0,0,0
LCTMCI.BSE_IDX,01/07/2025,11:57:32,9417.72,0,0,0,0,0,0
LCTMCI.BSE_IDX,01/07/2025,11:57:40,9417.59,0,0,0,0,0,0
LCTMCI.BSE_IDX,01/07/2025,11:57:48,9417.8,0,0,0,0,0,0
LCTMCI.BSE_IDX,01/07/2025,11:57:56,9417.88,0,0,0,0,0,0
LCTMCI.BSE_IDX,01/07/2025,11:58:04,9417.83,0,0,0,0,0,0
LCTMCI.BSE_IDX,01/07/2025,11:58:12,9417.94,0,0,0,0,0,0
LCTMCI.BSE_IDX,01/07/2025,11:58:20,9417.86,0,0,0,0,0,0
LCTMCI.BSE_IDX,01/07/2025,11:58:28,9417.65,0,0,0,0,0,0
LCTMCI.BSE_IDX,01/07/2025,11:58:36,9418.28,0,0,0,0,0,0
LCTMCI.BSE_IDX,01/07/2025,11:58:44,9418.92,0,0,0,0,0,0
LCTMCI.BSE_IDX,01/07/2025,11:58:52,9419.12,0,0,0,0,0,0
LCTMCI.BSE_IDX,01/07/2025,11:59:00,9418.67,0,0,0,0,0,0
LCTMCI.BSE_IDX,01/07/2025,11:59:08,9419.25,0,0,0,0,0,0
LCTMCI.BSE_IDX,01/07/2025,11:59:16,9419.29,0,0,0,0,0,0
LCTMCI.BSE_IDX,01/07/2025,11:59:24,9419.91,0,0,0,0,0,0
LCTMCI.BSE_IDX,01/07/2025,11:59:32,9420.69,0,0,0,0,0,0
LCTMCI.BSE_IDX,01/07/2025,11:59:40,9420.95,0,0,0,0,0,0
LCTMCI.BSE_IDX,01/07/2025,11:59:48,9421.3,0,0,0,0,0,0
LCTMCI.BSE_IDX,01/07/2025,11:59:56,9421.45,0,0,0,0,0,0
LCTMCI.BSE_IDX,01/07/2025,12:00:05,9421.76,0,0,0,0,0,0
LCTMCI.BSE_IDX,01/07/2025,12:00:12,9421.49,0,0,0,0,0,0
LCTMCI.BSE_IDX,01/07/2025,12:00:20,9420.8,0,0,0,0,0,0
LCTMCI.BSE_IDX,01/07/2025,12:00:28,9420.45,0,0,0,0,0,0
LCTMCI.BSE_IDX,01/07/2025,12:00:37,9420.51,0,0,0,0,0,0
LCTMCI.BSE_IDX,01/07/2025,12:00:44,9420.18,0,0,0,0,0,0
LCTMCI.BSE_IDX,01/07/2025,12:00:52,9420.3,0,0,0,0,0,0
LCTMCI.BSE_IDX,01/07/2025,12:01:00,9420.46,0,0,0,0,0,0
LCTMCI.BSE_IDX,01/07/2025,12:01:08,9420.54,0,0,0,0,0,0
LCTMCI.BSE_IDX,01/07/2025,12:01:16,9420.83,0,0,0,0,0,0
LCTMCI.BSE_IDX,01/07/2025,12:01:24,9421.04,0,0,0,0,0,0
LCTMCI.BSE_IDX,01/07/2025,12:01:32,9421.12,0,0,0,0,0,0
LCTMCI.BSE_IDX,01/07/2025,12:01:40,9421.25,0,0,0,0,0,0
LCTMCI.BSE_IDX,01/07/2025,12:01:48,9421.06,0,0,0,0,0,0
LCTMCI.BSE_IDX,01/07/2025,12:01:57,9420.85,0,0,0,0,0,0
LCTMCI.BSE_IDX,01/07/2025,12:02:04,9421.1,0,0,0,0,0,0
LCTMCI.BSE_IDX,01/07/2025,12:02:12,9421.36,0,0,0,0,0,0
LCTMCI.BSE_IDX,01/07/2025,12:02:20,9421.16,0,0,0,0,0,0
LCTMCI.BSE_IDX,01/07/2025,12:02:28,9420.57,0,0,0,0,0,0
LCTMCI.BSE_IDX,01/07/2025,12:02:36,9420.89,0,0,0,0,0,0
LCTMCI.BSE_IDX,01/07/2025,12:02:44,9421,0,0,0,0,0,0
LCTMCI.BSE_IDX,01/07/2025,12:02:52,9421.59,0,0,0,0,0,0
LCTMCI.BSE_IDX,01/07/2025,12:03:00,9421.46,0,0,0,0,0,0
LCTMCI.BSE_IDX,01/07/2025,12:03:08,9421.26,0,0,0,0,0,0
LCTMCI.BSE_IDX,01/07/2025,12:03:17,9421.46,0,0,0,0,0,0
LCTMCI.BSE_IDX,01/07/2025,12:03:24,9421.51,0,0,0,0,0,0
LCTMCI.BSE_IDX,01/07/2025,12:03:32,9421.95,0,0,0,0,0,0
LCTMCI.BSE_IDX,01/07/2025,12:03:40,9422.06,0,0,0,0,0,0
LCTMCI.BSE_IDX,01/07/2025,12:03:48,9421.64,0,0,0,0,0,0
LCTMCI.BSE_IDX,01/07/2025,12:03:56,9421.47,0,0,0,0,0,0
LCTMCI.BSE_IDX,01/07/2025,12:04:04,9421.67,0,0,0,0,0,0
LCTMCI.BSE_IDX,01/07/2025,12:04:12,9421.75,0,0,0,0,0,0
LCTMCI.BSE_IDX,01/07/2025,12:04:20,9421.54,0,0,0,0,0,0
LCTMCI.BSE_IDX,01/07/2025,12:04:28,9422.15,0,0,0,0,0,0
LCTMCI.BSE_IDX,01/07/2025,12:04:36,9422.47,0,0,0,0,0,0
LCTMCI.BSE_IDX,01/07/2025,12:04:44,9422.4,0,0,0,0,0,0
LCTMCI.BSE_IDX,01/07/2025,12:04:52,9422.18,0,0,0,0,0,0
LCTMCI.BSE_IDX,01/07/2025,12:05:01,9421.9,0,0,0,0,0,0
LCTMCI.BSE_IDX,01/07/2025,12:05:08,9421.99,0,0,0,0,0,0
LCTMCI.BSE_IDX,01/07/2025,12:05:16,9422.28,0,0,0,0,0,0
LCTMCI.BSE_IDX,01/07/2025,12:05:24,9421.81,0,0,0,0,0,0
LCTMCI.BSE_IDX,01/07/2025,12:05:32,9421.27,0,0,0,0,0,0
LCTMCI.BSE_IDX,01/07/2025,12:05:40,9421.69,0,0,0,0,0,0
LCTMCI.BSE_IDX,01/07/2025,12:05:48,9420.83,0,0,0,0,0,0
LCTMCI.BSE_IDX,01/07/2025,12:05:56,9421.5,0,0,0,0,0,0
LCTMCI.BSE_IDX,01/07/2025,12:06:04,9421.81,0,0,0,0,0,0
LCTMCI.BSE_IDX,01/07/2025,12:06:12,9422.02,0,0,0,0,0,0
LCTMCI.BSE_IDX,01/07/2025,12:06:20,9422.11,0,0,0,0,0,0
LCTMCI.BSE_IDX,01/07/2025,12:06:28,9421.68,0,0,0,0,0,0
LCTMCI.BSE_IDX,01/07/2025,12:06:36,9421.28,0,0,0,0,0,0
LCTMCI.BSE_IDX,01/07/2025,12:06:44,9421.68,0,0,0,0,0,0
LCTMCI.BSE_IDX,01/07/2025,12:06:53,9421.51,0,0,0,0,0,0
LCTMCI.BSE_IDX,01/07/2025,12:07:00,9421.06,0,0,0,0,0,0
LCTMCI.BSE_IDX,01/07/2025,12:07:08,9421.15,0,0,0,0,0,0
LCTMCI.BSE_IDX,01/07/2025,12:07:16,9421.31,0,0,0,0,0,0
LCTMCI.BSE_IDX,01/07/2025,12:07:24,9421,0,0,0,0,0,0
LCTMCI.BSE_IDX,01/07/2025,12:07:32,9420.57,0,0,0,0,0,0
LCTMCI.BSE_IDX,01/07/2025,12:07:40,9420.55,0,0,0,0,0,0
LCTMCI.BSE_IDX,01/07/2025,12:07:48,9420.94,0,0,0,0,0,0
LCTMCI.BSE_IDX,01/07/2025,12:07:56,9420.41,0,0,0,0,0,0
LCTMCI.BSE_IDX,01/07/2025,12:08:04,9420.64,0,0,0,0,0,0
LCTMCI.BSE_IDX,01/07/2025,12:08:12,9420.81,0,0,0,0,0,0
LCTMCI.BSE_IDX,01/07/2025,12:08:20,9420.29,0,0,0,0,0,0
LCTMCI.BSE_IDX,01/07/2025,12:08:28,9420.16,0,0,0,0,0,0
LCTMCI.BSE_IDX,01/07/2025,12:08:36,9419.96,0,0,0,0,0,0
LCTMCI.BSE_IDX,01/07/2025,12:08:44,9420.34,0,0,0,0,0,0
LCTMCI.BSE_IDX,01/07/2025,12:08:52,9420.98,0,0,0,0,0,0
LCTMCI.BSE_IDX,01/07/2025,12:09:00,9421.03,0,0,0,0,0,0
LCTMCI.BSE_IDX,01/07/2025,12:09:08,9420.86,0,0,0,0,0,0
LCTMCI.BSE_IDX,01/07/2025,12:09:16,9421.31,0,0,0,0,0,0
LCTMCI.BSE_IDX,01/07/2025,12:09:25,9421.05,0,0,0,0,0,0
LCTMCI.BSE_IDX,01/07/2025,12:09:32,9421.32,0,0,0,0,0,0
LCTMCI.BSE_IDX,01/07/2025,12:09:40,9421.93,0,0,0,0,0,0
LCTMCI.BSE_IDX,01/07/2025,12:09:48,9421.77,0,0,0,0,0,0
LCTMCI.BSE_IDX,01/07/2025,12:09:57,9421.99,0,0,0,0,0,0
LCTMCI.BSE_IDX,01/07/2025,12:10:05,9421.51,0,0,0,0,0,0
LCTMCI.BSE_IDX,01/07/2025,12:10:13,9421.14,0,0,0,0,0,0
LCTMCI.BSE_IDX,01/07/2025,12:10:22,9421.9,0,0,0,0,0,0
LCTMCI.BSE_IDX,01/07/2025,12:10:28,9421.88,0,0,0,0,0,0
LCTMCI.BSE_IDX,01/07/2025,12:10:36,9421.46,0,0,0,0,0,0
LCTMCI.BSE_IDX,01/07/2025,12:10:45,9421.27,0,0,0,0,0,0
LCTMCI.BSE_IDX,01/07/2025,12:10:52,9421.55,0,0,0,0,0,0
LCTMCI.BSE_IDX,01/07/2025,12:11:00,9421.53,0,0,0,0,0,0
LCTMCI.BSE_IDX,01/07/2025,12:11:08,9421.85,0,0,0,0,0,0
LCTMCI.BSE_IDX,01/07/2025,12:11:17,9421.92,0,0,0,0,0,0
LCTMCI.BSE_IDX,01/07/2025,12:11:24,9422.19,0,0,0,0,0,0
LCTMCI.BSE_IDX,01/07/2025,12:11:32,9421.98,0,0,0,0,0,0
LCTMCI.BSE_IDX,01/07/2025,12:11:40,9422.19,0,0,0,0,0,0
LCTMCI.BSE_IDX,01/07/2025,12:11:49,9423.22,0,0,0,0,0,0
LCTMCI.BSE_IDX,01/07/2025,12:11:57,9423.78,0,0,0,0,0,0
LCTMCI.BSE_IDX,01/07/2025,12:12:05,9424.06,0,0,0,0,0,0
LCTMCI.BSE_IDX,01/07/2025,12:12:13,9424.49,0,0,0,0,0,0
LCTMCI.BSE_IDX,01/07/2025,12:12:21,9424.8,0,0,0,0,0,0
LCTMCI.BSE_IDX,01/07/2025,12:12:29,9424.47,0,0,0,0,0,0
LCTMCI.BSE_IDX,01/07/2025,12:12:37,9424.79,0,0,0,0,0,0
LCTMCI.BSE_IDX,01/07/2025,12:12:45,9424.71,0,0,0,0,0,0
LCTMCI.BSE_IDX,01/07/2025,12:12:53,9423.96,0,0,0,0,0,0
LCTMCI.BSE_IDX,01/07/2025,12:13:01,9424.27,0,0,0,0,0,0
LCTMCI.BSE_IDX,01/07/2025,12:13:09,9424.5,0,0,0,0,0,0
LCTMCI.BSE_IDX,01/07/2025,12:13:17,9424.61,0,0,0,0,0,0
LCTMCI.BSE_IDX,01/07/2025,12:13:25,9424.71,0,0,0,0,0,0
LCTMCI.BSE_IDX,01/07/2025,12:13:33,9424.94,0,0,0,0,0,0
LCTMCI.BSE_IDX,01/07/2025,12:13:41,9425.41,0,0,0,0,0,0
LCTMCI.BSE_IDX,01/07/2025,12:13:49,9424.93,0,0,0,0,0,0
LCTMCI.BSE_IDX,01/07/2025,12:13:57,9424.86,0,0,0,0,0,0
LCTMCI.BSE_IDX,01/07/2025,12:14:05,9424.99,0,0,0,0,0,0
LCTMCI.BSE_IDX,01/07/2025,12:14:13,9425.05,0,0,0,0,0,0
LCTMCI.BSE_IDX,01/07/2025,12:14:21,9425.39,0,0,0,0,0,0
LCTMCI.BSE_IDX,01/07/2025,12:14:29,9425.31,0,0,0,0,0,0
LCTMCI.BSE_IDX,01/07/2025,12:14:37,9425.32,0,0,0,0,0,0
LCTMCI.BSE_IDX,01/07/2025,12:14:46,9425.49,0,0,0,0,0,0
LCTMCI.BSE_IDX,01/07/2025,12:14:54,9425.05,0,0,0,0,0,0
LCTMCI.BSE_IDX,01/07/2025,12:15:01,9425.02,0,0,0,0,0,0
LCTMCI.BSE_IDX,01/07/2025,12:15:09,9425.18,0,0,0,0,0,0
LCTMCI.BSE_IDX,01/07/2025,12:15:17,9425.71,0,0,0,0,0,0
LCTMCI.BSE_IDX,01/07/2025,12:15:25,9425.82,0,0,0,0,0,0
LCTMCI.BSE_IDX,01/07/2025,12:15:33,9425.7,0,0,0,0,0,0
LCTMCI.BSE_IDX,01/07/2025,12:15:41,9425.49,0,0,0,0,0,0
LCTMCI.BSE_IDX,01/07/2025,12:15:49,9425.07,0,0,0,0,0,0
LCTMCI.BSE_IDX,01/07/2025,12:15:57,9425.42,0,0,0,0,0,0
LCTMCI.BSE_IDX,01/07/2025,12:16:05,9425.28,0,0,0,0,0,0
LCTMCI.BSE_IDX,01/07/2025,12:16:13,9425.55,0,0,0,0,0,0
LCTMCI.BSE_IDX,01/07/2025,12:16:21,9425.96,0,0,0,0,0,0
LCTMCI.BSE_IDX,01/07/2025,12:16:29,9426.52,0,0,0,0,0,0
LCTMCI.BSE_IDX,01/07/2025,12:16:37,9426.98,0,0,0,0,0,0
LCTMCI.BSE_IDX,01/07/2025,12:16:45,9426.68,0,0,0,0,0,0
LCTMCI.BSE_IDX,01/07/2025,12:16:53,9425.71,0,0,0,0,0,0
LCTMCI.BSE_IDX,01/07/2025,12:17:01,9425.57,0,0,0,0,0,0
LCTMCI.BSE_IDX,01/07/2025,12:17:09,9426,0,0,0,0,0,0
LCTMCI.BSE_IDX,01/07/2025,12:17:17,9426.64,0,0,0,0,0,0
LCTMCI.BSE_IDX,01/07/2025,12:17:25,9425.84,0,0,0,0,0,0
LCTMCI.BSE_IDX,01/07/2025,12:17:33,9426.45,0,0,0,0,0,0
LCTMCI.BSE_IDX,01/07/2025,12:17:41,9426.28,0,0,0,0,0,0
LCTMCI.BSE_IDX,01/07/2025,12:17:49,9426.55,0,0,0,0,0,0
LCTMCI.BSE_IDX,01/07/2025,12:17:57,9426.65,0,0,0,0,0,0
LCTMCI.BSE_IDX,01/07/2025,12:18:05,9427.11,0,0,0,0,0,0
LCTMCI.BSE_IDX,01/07/2025,12:18:13,9427.2,0,0,0,0,0,0
LCTMCI.BSE_IDX,01/07/2025,12:18:21,9426.93,0,0,0,0,0,0
LCTMCI.BSE_IDX,01/07/2025,12:18:29,9427.29,0,0,0,0,0,0
LCTMCI.BSE_IDX,01/07/2025,12:18:37,9427.32,0,0,0,0,0,0
LCTMCI.BSE_IDX,01/07/2025,12:18:45,9427.58,0,0,0,0,0,0
LCTMCI.BSE_IDX,01/07/2025,12:18:53,9427.69,0,0,0,0,0,0
LCTMCI.BSE_IDX,01/07/2025,12:19:01,9428.22,0,0,0,0,0,0
LCTMCI.BSE_IDX,01/07/2025,12:19:09,9428.73,0,0,0,0,0,0
LCTMCI.BSE_IDX,01/07/2025,12:19:17,9428.55,0,0,0,0,0,0
LCTMCI.BSE_IDX,01/07/2025,12:19:25,9428.87,0,0,0,0,0,0
LCTMCI.BSE_IDX,01/07/2025,12:19:33,9429.23,0,0,0,0,0,0
LCTMCI.BSE_IDX,01/07/2025,12:19:41,9429.8,0,0,0,0,0,0
LCTMCI.BSE_IDX,01/07/2025,12:19:49,9430.09,0,0,0,0,0,0
LCTMCI.BSE_IDX,01/07/2025,12:19:57,9430.2,0,0,0,0,0,0
LCTMCI.BSE_IDX,01/07/2025,12:20:05,9430.77,0,0,0,0,0,0
LCTMCI.BSE_IDX,01/07/2025,12:20:13,9430.14,0,0,0,0,0,0
LCTMCI.BSE_IDX,01/07/2025,12:20:21,9431.44,0,0,0,0,0,0
LCTMCI.BSE_IDX,01/07/2025,12:20:29,9432.89,0,0,0,0,0,0
LCTMCI.BSE_IDX,01/07/2025,12:20:37,9433.27,0,0,0,0,0,0
LCTMCI.BSE_IDX,01/07/2025,12:20:45,9432.36,0,0,0,0,0,0
LCTMCI.BSE_IDX,01/07/2025,12:21:01,9432.93,0,0,0,0,0,0
LCTMCI.BSE_IDX,01/07/2025,12:21:09,9432.92,0,0,0,0,0,0
LCTMCI.BSE_IDX,01/07/2025,12:21:17,9431.9,0,0,0,0,0,0
LCTMCI.BSE_IDX,01/07/2025,12:21:25,9432.09,0,0,0,0,0,0
LCTMCI.BSE_IDX,01/07/2025,12:21:33,9432.22,0,0,0,0,0,0
LCTMCI.BSE_IDX,01/07/2025,12:21:41,9433.05,0,0,0,0,0,0
LCTMCI.BSE_IDX,01/07/2025,12:21:49,9433.48,0,0,0,0,0,0
LCTMCI.BSE_IDX,01/07/2025,12:21:57,9433.57,0,0,0,0,0,0
LCTMCI.BSE_IDX,01/07/2025,12:22:05,9434.24,0,0,0,0,0,0
LCTMCI.BSE_IDX,01/07/2025,12:22:13,9433.89,0,0,0,0,0,0
LCTMCI.BSE_IDX,01/07/2025,12:22:21,9433.79,0,0,0,0,0,0
LCTMCI.BSE_IDX,01/07/2025,12:22:29,9433.47,0,0,0,0,0,0
LCTMCI.BSE_IDX,01/07/2025,12:22:37,9432.78,0,0,0,0,0,0
LCTMCI.BSE_IDX,01/07/2025,12:22:45,9432.36,0,0,0,0,0,0
LCTMCI.BSE_IDX,01/07/2025,12:22:53,9432.29,0,0,0,0,0,0
LCTMCI.BSE_IDX,01/07/2025,12:23:02,9432.69,0,0,0,0,0,0
LCTMCI.BSE_IDX,01/07/2025,12:23:09,9432.79,0,0,0,0,0,0
LCTMCI.BSE_IDX,01/07/2025,12:23:17,9432.67,0,0,0,0,0,0
LCTMCI.BSE_IDX,01/07/2025,12:23:25,9432.42,0,0,0,0,0,0
LCTMCI.BSE_IDX,01/07/2025,12:23:33,9432.06,0,0,0,0,0,0
LCTMCI.BSE_IDX,01/07/2025,12:23:41,9432.51,0,0,0,0,0,0
LCTMCI.BSE_IDX,01/07/2025,12:23:49,9432.8,0,0,0,0,0,0
LCTMCI.BSE_IDX,01/07/2025,12:23:57,9432.91,0,0,0,0,0,0
LCTMCI.BSE_IDX,01/07/2025,12:24:05,9433.04,0,0,0,0,0,0
LCTMCI.BSE_IDX,01/07/2025,12:24:13,9433.6,0,0,0,0,0,0
LCTMCI.BSE_IDX,01/07/2025,12:24:21,9434.06,0,0,0,0,0,0
LCTMCI.BSE_IDX,01/07/2025,12:24:29,9433.78,0,0,0,0,0,0
LCTMCI.BSE_IDX,01/07/2025,12:24:37,9433.8,0,0,0,0,0,0
LCTMCI.BSE_IDX,01/07/2025,12:24:45,9434.1,0,0,0,0,0,0
LCTMCI.BSE_IDX,01/07/2025,12:24:53,9433.68,0,0,0,0,0,0
LCTMCI.BSE_IDX,01/07/2025,12:25:01,9433.84,0,0,0,0,0,0
LCTMCI.BSE_IDX,01/07/2025,12:25:09,9433.87,0,0,0,0,0,0
LCTMCI.BSE_IDX,01/07/2025,12:25:17,9433.73,0,0,0,0,0,0
LCTMCI.BSE_IDX,01/07/2025,12:25:25,9434.02,0,0,0,0,0,0
LCTMCI.BSE_IDX,01/07/2025,12:25:33,9434.52,0,0,0,0,0,0
LCTMCI.BSE_IDX,01/07/2025,12:25:41,9434.66,0,0,0,0,0,0
LCTMCI.BSE_IDX,01/07/2025,12:25:49,9434.45,0,0,0,0,0,0
LCTMCI.BSE_IDX,01/07/2025,12:25:57,9434.94,0,0,0,0,0,0
LCTMCI.BSE_IDX,01/07/2025,12:26:05,9434.94,0,0,0,0,0,0
LCTMCI.BSE_IDX,01/07/2025,12:26:13,9434.86,0,0,0,0,0,0
LCTMCI.BSE_IDX,01/07/2025,12:26:21,9434.56,0,0,0,0,0,0
LCTMCI.BSE_IDX,01/07/2025,12:26:31,9434.75,0,0,0,0,0,0
LCTMCI.BSE_IDX,01/07/2025,12:26:37,9435.54,0,0,0,0,0,0
LCTMCI.BSE_IDX,01/07/2025,12:26:45,9435.74,0,0,0,0,0,0
LCTMCI.BSE_IDX,01/07/2025,12:26:53,9435.53,0,0,0,0,0,0
LCTMCI.BSE_IDX,01/07/2025,12:27:01,9434.7,0,0,0,0,0,0
LCTMCI.BSE_IDX,01/07/2025,12:27:09,9434.51,0,0,0,0,0,0
LCTMCI.BSE_IDX,01/07/2025,12:27:17,9434.75,0,0,0,0,0,0
LCTMCI.BSE_IDX,01/07/2025,12:27:25,9435.03,0,0,0,0,0,0
LCTMCI.BSE_IDX,01/07/2025,12:27:33,9434.63,0,0,0,0,0,0
LCTMCI.BSE_IDX,01/07/2025,12:27:41,9435.07,0,0,0,0,0,0
LCTMCI.BSE_IDX,01/07/2025,12:27:49,9434.68,0,0,0,0,0,0
LCTMCI.BSE_IDX,01/07/2025,12:27:57,9434.66,0,0,0,0,0,0
LCTMCI.BSE_IDX,01/07/2025,12:28:05,9434.49,0,0,0,0,0,0
LCTMCI.BSE_IDX,01/07/2025,12:28:13,9434.74,0,0,0,0,0,0
LCTMCI.BSE_IDX,01/07/2025,12:28:21,9434.38,0,0,0,0,0,0
LCTMCI.BSE_IDX,01/07/2025,12:28:29,9433.83,0,0,0,0,0,0
LCTMCI.BSE_IDX,01/07/2025,12:28:37,9434.34,0,0,0,0,0,0
LCTMCI.BSE_IDX,01/07/2025,12:28:45,9433.39,0,0,0,0,0,0
LCTMCI.BSE_IDX,01/07/2025,12:28:53,9432.38,0,0,0,0,0,0
LCTMCI.BSE_IDX,01/07/2025,12:29:01,9432.03,0,0,0,0,0,0
LCTMCI.BSE_IDX,01/07/2025,12:29:10,9431.59,0,0,0,0,0,0
LCTMCI.BSE_IDX,01/07/2025,12:29:18,9431.76,0,0,0,0,0,0
LCTMCI.BSE_IDX,01/07/2025,12:29:25,9432.48,0,0,0,0,0,0
LCTMCI.BSE_IDX,01/07/2025,12:29:33,9431.96,0,0,0,0,0,0
LCTMCI.BSE_IDX,01/07/2025,12:29:41,9431.61,0,0,0,0,0,0
LCTMCI.BSE_IDX,01/07/2025,12:29:49,9431.51,0,0,0,0,0,0
LCTMCI.BSE_IDX,01/07/2025,12:29:57,9432.04,0,0,0,0,0,0
LCTMCI.BSE_IDX,01/07/2025,12:30:05,9433.93,0,0,0,0,0,0
LCTMCI.BSE_IDX,01/07/2025,12:30:13,9434.09,0,0,0,0,0,0
LCTMCI.BSE_IDX,01/07/2025,12:30:22,9433.87,0,0,0,0,0,0
LCTMCI.BSE_IDX,01/07/2025,12:30:29,9433.06,0,0,0,0,0,0
LCTMCI.BSE_IDX,01/07/2025,12:30:37,9432.7,0,0,0,0,0,0
LCTMCI.BSE_IDX,01/07/2025,12:30:45,9433.04,0,0,0,0,0,0
LCTMCI.BSE_IDX,01/07/2025,12:30:53,9433.33,0,0,0,0,0,0
LCTMCI.BSE_IDX,01/07/2025,12:31:01,9433.7,0,0,0,0,0,0
LCTMCI.BSE_IDX,01/07/2025,12:31:09,9432.24,0,0,0,0,0,0
LCTMCI.BSE_IDX,01/07/2025,12:31:17,9431,0,0,0,0,0,0
LCTMCI.BSE_IDX,01/07/2025,12:31:25,9430.67,0,0,0,0,0,0
LCTMCI.BSE_IDX,01/07/2025,12:31:34,9430.45,0,0,0,0,0,0
LCTMCI.BSE_IDX,01/07/2025,12:31:41,9429.84,0,0,0,0,0,0
LCTMCI.BSE_IDX,01/07/2025,12:31:49,9429.67,0,0,0,0,0,0
LCTMCI.BSE_IDX,01/07/2025,12:31:57,9429.57,0,0,0,0,0,0
LCTMCI.BSE_IDX,01/07/2025,12:32:05,9429.75,0,0,0,0,0,0
LCTMCI.BSE_IDX,01/07/2025,12:32:13,9430.08,0,0,0,0,0,0
LCTMCI.BSE_IDX,01/07/2025,12:32:21,9430.07,0,0,0,0,0,0
LCTMCI.BSE_IDX,01/07/2025,12:32:29,9430.23,0,0,0,0,0,0
LCTMCI.BSE_IDX,01/07/2025,12:32:37,9429.98,0,0,0,0,0,0
LCTMCI.BSE_IDX,01/07/2025,12:32:45,9429.84,0,0,0,0,0,0
LCTMCI.BSE_IDX,01/07/2025,12:32:53,9429.49,0,0,0,0,0,0
LCTMCI.BSE_IDX,01/07/2025,12:33:01,9429.7,0,0,0,0,0,0
LCTMCI.BSE_IDX,01/07/2025,12:33:09,9429.52,0,0,0,0,0,0
LCTMCI.BSE_IDX,01/07/2025,12:33:17,9429.12,0,0,0,0,0,0
LCTMCI.BSE_IDX,01/07/2025,12:33:26,9429.2,0,0,0,0,0,0
LCTMCI.BSE_IDX,01/07/2025,12:33:33,9429.31,0,0,0,0,0,0
LCTMCI.BSE_IDX,01/07/2025,12:33:41,9429.65,0,0,0,0,0,0
LCTMCI.BSE_IDX,01/07/2025,12:33:49,9429.52,0,0,0,0,0,0
LCTMCI.BSE_IDX,01/07/2025,12:33:57,9429.41,0,0,0,0,0,0
LCTMCI.BSE_IDX,01/07/2025,12:34:05,9429.9,0,0,0,0,0,0
LCTMCI.BSE_IDX,01/07/2025,12:34:13,9430.34,0,0,0,0,0,0
LCTMCI.BSE_IDX,01/07/2025,12:34:21,9430.44,0,0,0,0,0,0
LCTMCI.BSE_IDX,01/07/2025,12:34:29,9431.11,0,0,0,0,0,0
LCTMCI.BSE_IDX,01/07/2025,12:34:37,9431.16,0,0,0,0,0,0
LCTMCI.BSE_IDX,01/07/2025,12:34:45,9431.36,0,0,0,0,0,0
LCTMCI.BSE_IDX,01/07/2025,12:34:53,9431.86,0,0,0,0,0,0
LCTMCI.BSE_IDX,01/07/2025,12:35:01,9432.3,0,0,0,0,0,0
LCTMCI.BSE_IDX,01/07/2025,12:35:09,9432.42,0,0,0,0,0,0
LCTMCI.BSE_IDX,01/07/2025,12:35:17,9432.88,0,0,0,0,0,0
LCTMCI.BSE_IDX,01/07/2025,12:35:25,9433.39,0,0,0,0,0,0
LCTMCI.BSE_IDX,01/07/2025,12:35:33,9433.57,0,0,0,0,0,0
LCTMCI.BSE_IDX,01/07/2025,12:35:41,9433.28,0,0,0,0,0,0
LCTMCI.BSE_IDX,01/07/2025,12:35:49,9434.16,0,0,0,0,0,0
LCTMCI.BSE_IDX,01/07/2025,12:35:57,9433.47,0,0,0,0,0,0
LCTMCI.BSE_IDX,01/07/2025,12:36:05,9434.45,0,0,0,0,0,0
LCTMCI.BSE_IDX,01/07/2025,12:36:13,9434.62,0,0,0,0,0,0
LCTMCI.BSE_IDX,01/07/2025,12:36:21,9433.85,0,0,0,0,0,0
LCTMCI.BSE_IDX,01/07/2025,12:36:29,9434.08,0,0,0,0,0,0
LCTMCI.BSE_IDX,01/07/2025,12:36:37,9434.1,0,0,0,0,0,0
LCTMCI.BSE_IDX,01/07/2025,12:36:45,9434.64,0,0,0,0,0,0
LCTMCI.BSE_IDX,01/07/2025,12:36:53,9434.66,0,0,0,0,0,0
LCTMCI.BSE_IDX,01/07/2025,12:37:01,9434.98,0,0,0,0,0,0
LCTMCI.BSE_IDX,01/07/2025,12:37:09,9435.16,0,0,0,0,0,0
LCTMCI.BSE_IDX,01/07/2025,12:37:17,9434.85,0,0,0,0,0,0
LCTMCI.BSE_IDX,01/07/2025,12:37:25,9434.09,0,0,0,0,0,0
LCTMCI.BSE_IDX,01/07/2025,12:37:33,9434.03,0,0,0,0,0,0
LCTMCI.BSE_IDX,01/07/2025,12:37:41,9433.36,0,0,0,0,0,0
LCTMCI.BSE_IDX,01/07/2025,12:37:49,9433.25,0,0,0,0,0,0
LCTMCI.BSE_IDX,01/07/2025,12:37:57,9432.75,0,0,0,0,0,0
LCTMCI.BSE_IDX,01/07/2025,12:38:05,9433.02,0,0,0,0,0,0
LCTMCI.BSE_IDX,01/07/2025,12:38:13,9433.09,0,0,0,0,0,0
LCTMCI.BSE_IDX,01/07/2025,12:38:22,9433.72,0,0,0,0,0,0
LCTMCI.BSE_IDX,01/07/2025,12:38:29,9433.54,0,0,0,0,0,0
LCTMCI.BSE_IDX,01/07/2025,12:38:39,9433.63,0,0,0,0,0,0
LCTMCI.BSE_IDX,01/07/2025,12:38:45,9433.7,0,0,0,0,0,0
LCTMCI.BSE_IDX,01/07/2025,12:38:53,9434.08,0,0,0,0,0,0
LCTMCI.BSE_IDX,01/07/2025,12:39:01,9434.07,0,0,0,0,0,0
LCTMCI.BSE_IDX,01/07/2025,12:39:10,9433.48,0,0,0,0,0,0
LCTMCI.BSE_IDX,01/07/2025,12:39:17,9434.02,0,0,0,0,0,0
LCTMCI.BSE_IDX,01/07/2025,12:39:25,9433.85,0,0,0,0,0,0
LCTMCI.BSE_IDX,01/07/2025,12:39:34,9433.77,0,0,0,0,0,0
LCTMCI.BSE_IDX,01/07/2025,12:39:42,9434.17,0,0,0,0,0,0
LCTMCI.BSE_IDX,01/07/2025,12:39:49,9434.05,0,0,0,0,0,0
LCTMCI.BSE_IDX,01/07/2025,12:39:57,9434.09,0,0,0,0,0,0
LCTMCI.BSE_IDX,01/07/2025,12:40:05,9434.48,0,0,0,0,0,0
LCTMCI.BSE_IDX,01/07/2025,12:40:14,9434.04,0,0,0,0,0,0
LCTMCI.BSE_IDX,01/07/2025,12:40:21,9434.12,0,0,0,0,0,0
LCTMCI.BSE_IDX,01/07/2025,12:40:29,9433.87,0,0,0,0,0,0
LCTMCI.BSE_IDX,01/07/2025,12:40:37,9434.09,0,0,0,0,0,0
LCTMCI.BSE_IDX,01/07/2025,12:40:45,9433.91,0,0,0,0,0,0
LCTMCI.BSE_IDX,01/07/2025,12:40:54,9433.98,0,0,0,0,0,0
LCTMCI.BSE_IDX,01/07/2025,12:41:01,9433.79,0,0,0,0,0,0
LCTMCI.BSE_IDX,01/07/2025,12:41:09,9433.39,0,0,0,0,0,0
LCTMCI.BSE_IDX,01/07/2025,12:41:17,9433.51,0,0,0,0,0,0
LCTMCI.BSE_IDX,01/07/2025,12:41:25,9433.38,0,0,0,0,0,0
LCTMCI.BSE_IDX,01/07/2025,12:41:33,9433.39,0,0,0,0,0,0
LCTMCI.BSE_IDX,01/07/2025,12:41:41,9433.56,0,0,0,0,0,0
LCTMCI.BSE_IDX,01/07/2025,12:41:49,9434.21,0,0,0,0,0,0
LCTMCI.BSE_IDX,01/07/2025,12:41:57,9434.1,0,0,0,0,0,0
LCTMCI.BSE_IDX,01/07/2025,12:42:05,9433.77,0,0,0,0,0,0
LCTMCI.BSE_IDX,01/07/2025,12:42:13,9434.01,0,0,0,0,0,0
LCTMCI.BSE_IDX,01/07/2025,12:42:21,9433.93,0,0,0,0,0,0
LCTMCI.BSE_IDX,01/07/2025,12:42:29,9434.61,0,0,0,0,0,0
LCTMCI.BSE_IDX,01/07/2025,12:42:37,9434.23,0,0,0,0,0,0
LCTMCI.BSE_IDX,01/07/2025,12:42:45,9434.18,0,0,0,0,0,0
LCTMCI.BSE_IDX,01/07/2025,12:42:53,9434.18,0,0,0,0,0,0
LCTMCI.BSE_IDX,01/07/2025,12:43:01,9434.39,0,0,0,0,0,0
LCTMCI.BSE_IDX,01/07/2025,12:43:10,9434.33,0,0,0,0,0,0
LCTMCI.BSE_IDX,01/07/2025,12:43:17,9434.44,0,0,0,0,0,0
LCTMCI.BSE_IDX,01/07/2025,12:43:26,9434.62,0,0,0,0,0,0
LCTMCI.BSE_IDX,01/07/2025,12:43:33,9434.52,0,0,0,0,0,0
LCTMCI.BSE_IDX,01/07/2025,12:43:41,9433.46,0,0,0,0,0,0
LCTMCI.BSE_IDX,01/07/2025,12:43:49,9433.41,0,0,0,0,0,0
LCTMCI.BSE_IDX,01/07/2025,12:43:58,9433.33,0,0,0,0,0,0
LCTMCI.BSE_IDX,01/07/2025,12:44:05,9433.6,0,0,0,0,0,0
LCTMCI.BSE_IDX,01/07/2025,12:44:14,9433.35,0,0,0,0,0,0
LCTMCI.BSE_IDX,01/07/2025,12:44:21,9432.53,0,0,0,0,0,0
LCTMCI.BSE_IDX,01/07/2025,12:44:29,9432.37,0,0,0,0,0,0
LCTMCI.BSE_IDX,01/07/2025,12:44:38,9432.13,0,0,0,0,0,0
LCTMCI.BSE_IDX,01/07/2025,12:44:45,9432.4,0,0,0,0,0,0
LCTMCI.BSE_IDX,01/07/2025,12:44:53,9431.99,0,0,0,0,0,0
LCTMCI.BSE_IDX,01/07/2025,12:45:01,9432.14,0,0,0,0,0,0
LCTMCI.BSE_IDX,01/07/2025,12:45:11,9432.15,0,0,0,0,0,0
LCTMCI.BSE_IDX,01/07/2025,12:45:17,9431.74,0,0,0,0,0,0
LCTMCI.BSE_IDX,01/07/2025,12:45:25,9431.7,0,0,0,0,0,0
LCTMCI.BSE_IDX,01/07/2025,12:45:34,9431.8,0,0,0,0,0,0
LCTMCI.BSE_IDX,01/07/2025,12:45:42,9431.45,0,0,0,0,0,0
LCTMCI.BSE_IDX,01/07/2025,12:45:50,9431.85,0,0,0,0,0,0
LCTMCI.BSE_IDX,01/07/2025,12:45:58,9431.64,0,0,0,0,0,0
LCTMCI.BSE_IDX,01/07/2025,12:46:06,9431.83,0,0,0,0,0,0
LCTMCI.BSE_IDX,01/07/2025,12:46:14,9431.54,0,0,0,0,0,0
LCTMCI.BSE_IDX,01/07/2025,12:46:22,9431.56,0,0,0,0,0,0
LCTMCI.BSE_IDX,01/07/2025,12:46:30,9431.13,0,0,0,0,0,0
LCTMCI.BSE_IDX,01/07/2025,12:46:38,9431.06,0,0,0,0,0,0
LCTMCI.BSE_IDX,01/07/2025,12:46:46,9431.43,0,0,0,0,0,0
LCTMCI.BSE_IDX,01/07/2025,12:46:54,9430.78,0,0,0,0,0,0
LCTMCI.BSE_IDX,01/07/2025,12:47:02,9430.83,0,0,0,0,0,0
LCTMCI.BSE_IDX,01/07/2025,12:47:10,9430.74,0,0,0,0,0,0
LCTMCI.BSE_IDX,01/07/2025,12:47:18,9430.81,0,0,0,0,0,0
LCTMCI.BSE_IDX,01/07/2025,12:47:26,9430.92,0,0,0,0,0,0
LCTMCI.BSE_IDX,01/07/2025,12:47:34,9431.32,0,0,0,0,0,0
LCTMCI.BSE_IDX,01/07/2025,12:47:42,9430.65,0,0,0,0,0,0
LCTMCI.BSE_IDX,01/07/2025,12:47:50,9431.23,0,0,0,0,0,0
LCTMCI.BSE_IDX,01/07/2025,12:47:58,9431.29,0,0,0,0,0,0
LCTMCI.BSE_IDX,01/07/2025,12:48:06,9431.56,0,0,0,0,0,0
LCTMCI.BSE_IDX,01/07/2025,12:48:14,9431.88,0,0,0,0,0,0
LCTMCI.BSE_IDX,01/07/2025,12:48:22,9431.76,0,0,0,0,0,0
LCTMCI.BSE_IDX,01/07/2025,12:48:30,9432.38,0,0,0,0,0,0
LCTMCI.BSE_IDX,01/07/2025,12:48:38,9432.34,0,0,0,0,0,0
LCTMCI.BSE_IDX,01/07/2025,12:48:46,9432.19,0,0,0,0,0,0
LCTMCI.BSE_IDX,01/07/2025,12:48:54,9432.44,0,0,0,0,0,0
LCTMCI.BSE_IDX,01/07/2025,12:49:02,9432.33,0,0,0,0,0,0
LCTMCI.BSE_IDX,01/07/2025,12:49:10,9432.43,0,0,0,0,0,0
LCTMCI.BSE_IDX,01/07/2025,12:49:18,9432.33,0,0,0,0,0,0
LCTMCI.BSE_IDX,01/07/2025,12:49:26,9432.39,0,0,0,0,0,0
LCTMCI.BSE_IDX,01/07/2025,12:49:34,9432.26,0,0,0,0,0,0
LCTMCI.BSE_IDX,01/07/2025,12:49:42,9432.5,0,0,0,0,0,0
LCTMCI.BSE_IDX,01/07/2025,12:49:50,9432.92,0,0,0,0,0,0
LCTMCI.BSE_IDX,01/07/2025,12:49:58,9433.12,0,0,0,0,0,0
LCTMCI.BSE_IDX,01/07/2025,12:50:06,9433.21,0,0,0,0,0,0
LCTMCI.BSE_IDX,01/07/2025,12:50:14,9433.03,0,0,0,0,0,0
LCTMCI.BSE_IDX,01/07/2025,12:50:22,9433.52,0,0,0,0,0,0
LCTMCI.BSE_IDX,01/07/2025,12:50:30,9433.66,0,0,0,0,0,0
LCTMCI.BSE_IDX,01/07/2025,12:50:38,9433.52,0,0,0,0,0,0
LCTMCI.BSE_IDX,01/07/2025,12:50:47,9433.8,0,0,0,0,0,0
LCTMCI.BSE_IDX,01/07/2025,12:50:54,9433.76,0,0,0,0,0,0
LCTMCI.BSE_IDX,01/07/2025,12:51:02,9433.78,0,0,0,0,0,0
LCTMCI.BSE_IDX,01/07/2025,12:51:10,9434.17,0,0,0,0,0,0
LCTMCI.BSE_IDX,01/07/2025,12:51:19,9434.69,0,0,0,0,0,0
LCTMCI.BSE_IDX,01/07/2025,12:51:26,9434.36,0,0,0,0,0,0
LCTMCI.BSE_IDX,01/07/2025,12:51:34,9434.49,0,0,0,0,0,0
LCTMCI.BSE_IDX,01/07/2025,12:51:42,9434.29,0,0,0,0,0,0
LCTMCI.BSE_IDX,01/07/2025,12:51:50,9434.14,0,0,0,0,0,0
LCTMCI.BSE_IDX,01/07/2025,12:51:58,9434.24,0,0,0,0,0,0
LCTMCI.BSE_IDX,01/07/2025,12:52:06,9434,0,0,0,0,0,0
LCTMCI.BSE_IDX,01/07/2025,12:52:14,9433.89,0,0,0,0,0,0
LCTMCI.BSE_IDX,01/07/2025,12:52:22,9434.15,0,0,0,0,0,0
LCTMCI.BSE_IDX,01/07/2025,12:52:30,9434.21,0,0,0,0,0,0
LCTMCI.BSE_IDX,01/07/2025,12:52:38,9434,0,0,0,0,0,0
LCTMCI.BSE_IDX,01/07/2025,12:52:46,9433.89,0,0,0,0,0,0
LCTMCI.BSE_IDX,01/07/2025,12:52:54,9433.97,0,0,0,0,0,0
LCTMCI.BSE_IDX,01/07/2025,12:53:02,9434.18,0,0,0,0,0,0
LCTMCI.BSE_IDX,01/07/2025,12:53:10,9434.1,0,0,0,0,0,0
LCTMCI.BSE_IDX,01/07/2025,12:53:18,9433.88,0,0,0,0,0,0
LCTMCI.BSE_IDX,01/07/2025,12:53:26,9433.41,0,0,0,0,0,0
LCTMCI.BSE_IDX,01/07/2025,12:53:34,9433.16,0,0,0,0,0,0
LCTMCI.BSE_IDX,01/07/2025,12:53:42,9432.56,0,0,0,0,0,0
LCTMCI.BSE_IDX,01/07/2025,12:53:50,9432.52,0,0,0,0,0,0
LCTMCI.BSE_IDX,01/07/2025,12:53:58,9432.63,0,0,0,0,0,0
LCTMCI.BSE_IDX,01/07/2025,12:54:06,9432.72,0,0,0,0,0,0
LCTMCI.BSE_IDX,01/07/2025,12:54:14,9432.3,0,0,0,0,0,0
LCTMCI.BSE_IDX,01/07/2025,12:54:22,9432.06,0,0,0,0,0,0
LCTMCI.BSE_IDX,01/07/2025,12:54:30,9432.06,0,0,0,0,0,0
LCTMCI.BSE_IDX,01/07/2025,12:54:38,9432.03,0,0,0,0,0,0
LCTMCI.BSE_IDX,01/07/2025,12:54:46,9431.75,0,0,0,0,0,0
LCTMCI.BSE_IDX,01/07/2025,12:54:54,9431.47,0,0,0,0,0,0
LCTMCI.BSE_IDX,01/07/2025,12:55:02,9431.33,0,0,0,0,0,0
LCTMCI.BSE_IDX,01/07/2025,12:55:10,9430.73,0,0,0,0,0,0
LCTMCI.BSE_IDX,01/07/2025,12:55:18,9431,0,0,0,0,0,0
LCTMCI.BSE_IDX,01/07/2025,12:55:26,9431.14,0,0,0,0,0,0
LCTMCI.BSE_IDX,01/07/2025,12:55:34,9431.82,0,0,0,0,0,0
LCTMCI.BSE_IDX,01/07/2025,12:55:42,9432.04,0,0,0,0,0,0
LCTMCI.BSE_IDX,01/07/2025,12:55:50,9432.21,0,0,0,0,0,0
LCTMCI.BSE_IDX,01/07/2025,12:55:58,9432.54,0,0,0,0,0,0
LCTMCI.BSE_IDX,01/07/2025,12:56:06,9432.05,0,0,0,0,0,0
LCTMCI.BSE_IDX,01/07/2025,12:56:15,9432.54,0,0,0,0,0,0
LCTMCI.BSE_IDX,01/07/2025,12:56:22,9433.21,0,0,0,0,0,0
LCTMCI.BSE_IDX,01/07/2025,12:56:30,9432.62,0,0,0,0,0,0
LCTMCI.BSE_IDX,01/07/2025,12:56:38,9432.04,0,0,0,0,0,0
LCTMCI.BSE_IDX,01/07/2025,12:56:46,9431.32,0,0,0,0,0,0
LCTMCI.BSE_IDX,01/07/2025,12:56:54,9431.67,0,0,0,0,0,0
LCTMCI.BSE_IDX,01/07/2025,12:57:02,9430.93,0,0,0,0,0,0
LCTMCI.BSE_IDX,01/07/2025,12:57:10,9430.77,0,0,0,0,0,0
LCTMCI.BSE_IDX,01/07/2025,12:57:18,9430.94,0,0,0,0,0,0
LCTMCI.BSE_IDX,01/07/2025,12:57:26,9430.37,0,0,0,0,0,0
LCTMCI.BSE_IDX,01/07/2025,12:57:34,9430.84,0,0,0,0,0,0
LCTMCI.BSE_IDX,01/07/2025,12:57:42,9430.88,0,0,0,0,0,0
LCTMCI.BSE_IDX,01/07/2025,12:57:51,9430.65,0,0,0,0,0,0
LCTMCI.BSE_IDX,01/07/2025,12:57:58,9430.29,0,0,0,0,0,0
LCTMCI.BSE_IDX,01/07/2025,12:58:06,9430.74,0,0,0,0,0,0
LCTMCI.BSE_IDX,01/07/2025,12:58:14,9430.64,0,0,0,0,0,0
LCTMCI.BSE_IDX,01/07/2025,12:58:22,9430.59,0,0,0,0,0,0
LCTMCI.BSE_IDX,01/07/2025,12:58:30,9430.68,0,0,0,0,0,0
LCTMCI.BSE_IDX,01/07/2025,12:58:38,9430.44,0,0,0,0,0,0
LCTMCI.BSE_IDX,01/07/2025,12:58:46,9430.67,0,0,0,0,0,0
