Ticker,Date,Time,LTP,BuyPrice,BuyQty,SellPrice,SellQty,LTQ,OpenInterest
LMI250.BSE_IDX,01/07/2025,09:00:07,11042.2,0,0,0,0,0,0
LMI250.BSE_IDX,01/07/2025,09:00:15,11040.15,0,0,0,0,0,0
LMI250.BSE_IDX,01/07/2025,09:00:23,11036.2,0,0,0,0,0,0
LMI250.BSE_IDX,01/07/2025,09:00:31,11039.11,0,0,0,0,0,0
LMI250.BSE_IDX,01/07/2025,09:00:39,11031.74,0,0,0,0,0,0
LMI250.BSE_IDX,01/07/2025,09:00:47,11020.69,0,0,0,0,0,0
LMI250.BSE_IDX,01/07/2025,09:00:55,11021.37,0,0,0,0,0,0
LMI250.BSE_IDX,01/07/2025,09:01:03,11021.47,0,0,0,0,0,0
LMI250.BSE_IDX,01/07/2025,09:01:11,11022.21,0,0,0,0,0,0
LMI250.BSE_IDX,01/07/2025,09:01:19,11026.15,0,0,0,0,0,0
LMI250.BSE_IDX,01/07/2025,09:01:27,11024.02,0,0,0,0,0,0
LMI250.BSE_IDX,01/07/2025,09:01:35,11019.37,0,0,0,0,0,0
LMI250.BSE_IDX,01/07/2025,09:01:43,11015.96,0,0,0,0,0,0
LMI250.BSE_IDX,01/07/2025,09:01:51,11009.47,0,0,0,0,0,0
LMI250.BSE_IDX,01/07/2025,09:01:59,11012.16,0,0,0,0,0,0
LMI250.BSE_IDX,01/07/2025,09:02:07,11013.51,0,0,0,0,0,0
LMI250.BSE_IDX,01/07/2025,09:02:15,11014.25,0,0,0,0,0,0
LMI250.BSE_IDX,01/07/2025,09:02:23,11012.74,0,0,0,0,0,0
LMI250.BSE_IDX,01/07/2025,09:02:31,11015.69,0,0,0,0,0,0
LMI250.BSE_IDX,01/07/2025,09:02:39,11015.76,0,0,0,0,0,0
LMI250.BSE_IDX,01/07/2025,09:02:47,11013,0,0,0,0,0,0
LMI250.BSE_IDX,01/07/2025,09:02:55,11013.41,0,0,0,0,0,0
LMI250.BSE_IDX,01/07/2025,09:03:03,11019.36,0,0,0,0,0,0
LMI250.BSE_IDX,01/07/2025,09:03:11,11018.12,0,0,0,0,0,0
LMI250.BSE_IDX,01/07/2025,09:03:19,11017.45,0,0,0,0,0,0
LMI250.BSE_IDX,01/07/2025,09:03:27,11014.99,0,0,0,0,0,0
LMI250.BSE_IDX,01/07/2025,09:03:35,11015.7,0,0,0,0,0,0
LMI250.BSE_IDX,01/07/2025,09:03:43,11014.62,0,0,0,0,0,0
LMI250.BSE_IDX,01/07/2025,09:03:51,11010.88,0,0,0,0,0,0
LMI250.BSE_IDX,01/07/2025,09:03:59,11006.06,0,0,0,0,0,0
LMI250.BSE_IDX,01/07/2025,09:04:07,11004.96,0,0,0,0,0,0
LMI250.BSE_IDX,01/07/2025,09:04:15,11003.72,0,0,0,0,0,0
LMI250.BSE_IDX,01/07/2025,09:04:23,11004.02,0,0,0,0,0,0
LMI250.BSE_IDX,01/07/2025,09:04:31,11004.28,0,0,0,0,0,0
LMI250.BSE_IDX,01/07/2025,09:04:39,11003.92,0,0,0,0,0,0
LMI250.BSE_IDX,01/07/2025,09:04:47,11001.65,0,0,0,0,0,0
LMI250.BSE_IDX,01/07/2025,09:04:55,10998.78,0,0,0,0,0,0
LMI250.BSE_IDX,01/07/2025,09:05:03,10999.04,0,0,0,0,0,0
LMI250.BSE_IDX,01/07/2025,09:05:11,10997.97,0,0,0,0,0,0
LMI250.BSE_IDX,01/07/2025,09:05:19,11002.65,0,0,0,0,0,0
LMI250.BSE_IDX,01/07/2025,09:05:27,11002.17,0,0,0,0,0,0
LMI250.BSE_IDX,01/07/2025,09:05:35,11003.25,0,0,0,0,0,0
LMI250.BSE_IDX,01/07/2025,09:05:43,11002.1,0,0,0,0,0,0
LMI250.BSE_IDX,01/07/2025,09:05:51,11002.82,0,0,0,0,0,0
LMI250.BSE_IDX,01/07/2025,09:05:59,11005.55,0,0,0,0,0,0
LMI250.BSE_IDX,01/07/2025,09:06:07,11005.22,0,0,0,0,0,0
LMI250.BSE_IDX,01/07/2025,09:06:15,11005.48,0,0,0,0,0,0
LMI250.BSE_IDX,01/07/2025,09:06:23,11007.63,0,0,0,0,0,0
LMI250.BSE_IDX,01/07/2025,09:06:31,11010.09,0,0,0,0,0,0
LMI250.BSE_IDX,01/07/2025,09:06:39,11010.23,0,0,0,0,0,0
LMI250.BSE_IDX,01/07/2025,09:06:47,11007.15,0,0,0,0,0,0
LMI250.BSE_IDX,01/07/2025,09:06:55,11008.4,0,0,0,0,0,0
LMI250.BSE_IDX,01/07/2025,09:07:04,11008.73,0,0,0,0,0,0
LMI250.BSE_IDX,01/07/2025,09:07:11,11008.73,0,0,0,0,0,0
LMI250.BSE_IDX,01/07/2025,09:07:19,11008.73,0,0,0,0,0,0
LMI250.BSE_IDX,01/07/2025,09:07:27,11008.73,0,0,0,0,0,0
LMI250.BSE_IDX,01/07/2025,09:07:35,11008.73,0,0,0,0,0,0
LMI250.BSE_IDX,01/07/2025,09:07:43,11008.73,0,0,0,0,0,0
LMI250.BSE_IDX,01/07/2025,09:07:51,11008.73,0,0,0,0,0,0
LMI250.BSE_IDX,01/07/2025,09:07:59,11008.73,0,0,0,0,0,0
LMI250.BSE_IDX,01/07/2025,09:08:07,11008.73,0,0,0,0,0,0
LMI250.BSE_IDX,01/07/2025,09:08:15,11008.73,0,0,0,0,0,0
LMI250.BSE_IDX,01/07/2025,09:08:23,11008.73,0,0,0,0,0,0
LMI250.BSE_IDX,01/07/2025,09:08:31,11008.73,0,0,0,0,0,0
LMI250.BSE_IDX,01/07/2025,09:08:39,11008.73,0,0,0,0,0,0
LMI250.BSE_IDX,01/07/2025,09:08:47,11008.73,0,0,0,0,0,0
LMI250.BSE_IDX,01/07/2025,09:08:55,11008.73,0,0,0,0,0,0
LMI250.BSE_IDX,01/07/2025,09:09:03,11008.41,0,0,0,0,0,0
LMI250.BSE_IDX,01/07/2025,09:09:11,11008.41,0,0,0,0,0,0
LMI250.BSE_IDX,01/07/2025,09:09:19,11008.41,0,0,0,0,0,0
LMI250.BSE_IDX,01/07/2025,09:09:27,11008.41,0,0,0,0,0,0
LMI250.BSE_IDX,01/07/2025,09:09:35,11008.41,0,0,0,0,0,0
LMI250.BSE_IDX,01/07/2025,09:09:43,11008.41,0,0,0,0,0,0
LMI250.BSE_IDX,01/07/2025,09:09:51,11008.41,0,0,0,0,0,0
LMI250.BSE_IDX,01/07/2025,09:09:59,11008.41,0,0,0,0,0,0
LMI250.BSE_IDX,01/07/2025,09:10:07,11008.41,0,0,0,0,0,0
LMI250.BSE_IDX,01/07/2025,09:10:15,11008.41,0,0,0,0,0,0
LMI250.BSE_IDX,01/07/2025,09:10:23,11008.41,0,0,0,0,0,0
LMI250.BSE_IDX,01/07/2025,09:10:31,11008.41,0,0,0,0,0,0
LMI250.BSE_IDX,01/07/2025,09:10:39,11008.41,0,0,0,0,0,0
LMI250.BSE_IDX,01/07/2025,09:10:47,11008.41,0,0,0,0,0,0
LMI250.BSE_IDX,01/07/2025,09:10:55,11008.41,0,0,0,0,0,0
LMI250.BSE_IDX,01/07/2025,09:11:03,11008.41,0,0,0,0,0,0
LMI250.BSE_IDX,01/07/2025,09:11:11,11008.41,0,0,0,0,0,0
LMI250.BSE_IDX,01/07/2025,09:11:19,11008.41,0,0,0,0,0,0
LMI250.BSE_IDX,01/07/2025,09:11:27,11008.41,0,0,0,0,0,0
LMI250.BSE_IDX,01/07/2025,09:11:35,11008.41,0,0,0,0,0,0
LMI250.BSE_IDX,01/07/2025,09:11:43,11008.41,0,0,0,0,0,0
LMI250.BSE_IDX,01/07/2025,09:11:51,11008.41,0,0,0,0,0,0
LMI250.BSE_IDX,01/07/2025,09:11:59,11008.41,0,0,0,0,0,0
LMI250.BSE_IDX,01/07/2025,09:12:07,11008.41,0,0,0,0,0,0
LMI250.BSE_IDX,01/07/2025,09:12:16,11008.41,0,0,0,0,0,0
LMI250.BSE_IDX,01/07/2025,09:12:23,11008.41,0,0,0,0,0,0
LMI250.BSE_IDX,01/07/2025,09:12:31,11008.41,0,0,0,0,0,0
LMI250.BSE_IDX,01/07/2025,09:12:39,11008.41,0,0,0,0,0,0
LMI250.BSE_IDX,01/07/2025,09:12:47,11008.41,0,0,0,0,0,0
LMI250.BSE_IDX,01/07/2025,09:12:55,11008.41,0,0,0,0,0,0
LMI250.BSE_IDX,01/07/2025,09:13:03,11008.41,0,0,0,0,0,0
LMI250.BSE_IDX,01/07/2025,09:13:11,11008.41,0,0,0,0,0,0
LMI250.BSE_IDX,01/07/2025,09:13:19,11008.41,0,0,0,0,0,0
LMI250.BSE_IDX,01/07/2025,09:13:27,11008.41,0,0,0,0,0,0
LMI250.BSE_IDX,01/07/2025,09:13:35,11008.41,0,0,0,0,0,0
LMI250.BSE_IDX,01/07/2025,09:13:43,11008.41,0,0,0,0,0,0
LMI250.BSE_IDX,01/07/2025,09:13:51,11008.41,0,0,0,0,0,0
LMI250.BSE_IDX,01/07/2025,09:13:59,11008.41,0,0,0,0,0,0
LMI250.BSE_IDX,01/07/2025,09:14:07,11008.41,0,0,0,0,0,0
LMI250.BSE_IDX,01/07/2025,09:14:15,11008.41,0,0,0,0,0,0
LMI250.BSE_IDX,01/07/2025,09:14:23,11008.41,0,0,0,0,0,0
LMI250.BSE_IDX,01/07/2025,09:14:31,11008.41,0,0,0,0,0,0
LMI250.BSE_IDX,01/07/2025,09:14:39,11008.41,0,0,0,0,0,0
LMI250.BSE_IDX,01/07/2025,09:14:47,11008.41,0,0,0,0,0,0
LMI250.BSE_IDX,01/07/2025,09:14:55,11008.41,0,0,0,0,0,0
LMI250.BSE_IDX,01/07/2025,09:15:04,11011.63,0,0,0,0,0,0
LMI250.BSE_IDX,01/07/2025,09:15:11,11013.42,0,0,0,0,0,0
LMI250.BSE_IDX,01/07/2025,09:15:19,11008.63,0,0,0,0,0,0
LMI250.BSE_IDX,01/07/2025,09:15:27,11003.71,0,0,0,0,0,0
LMI250.BSE_IDX,01/07/2025,09:15:35,11003.72,0,0,0,0,0,0
LMI250.BSE_IDX,01/07/2025,09:15:43,11002.61,0,0,0,0,0,0
LMI250.BSE_IDX,01/07/2025,09:15:51,11001.02,0,0,0,0,0,0
LMI250.BSE_IDX,01/07/2025,09:15:59,10998.65,0,0,0,0,0,0
LMI250.BSE_IDX,01/07/2025,09:16:07,10998.1,0,0,0,0,0,0
LMI250.BSE_IDX,01/07/2025,09:16:15,11000.51,0,0,0,0,0,0
LMI250.BSE_IDX,01/07/2025,09:16:24,11001.34,0,0,0,0,0,0
LMI250.BSE_IDX,01/07/2025,09:16:31,11000.56,0,0,0,0,0,0
LMI250.BSE_IDX,01/07/2025,09:16:39,11000.21,0,0,0,0,0,0
LMI250.BSE_IDX,01/07/2025,09:16:48,10998.35,0,0,0,0,0,0
LMI250.BSE_IDX,01/07/2025,09:16:55,10998.62,0,0,0,0,0,0
LMI250.BSE_IDX,01/07/2025,09:17:03,10999.53,0,0,0,0,0,0
LMI250.BSE_IDX,01/07/2025,09:17:12,10997.1,0,0,0,0,0,0
LMI250.BSE_IDX,01/07/2025,09:17:19,10997.22,0,0,0,0,0,0
LMI250.BSE_IDX,01/07/2025,09:17:27,10997.8,0,0,0,0,0,0
LMI250.BSE_IDX,01/07/2025,09:17:35,10999,0,0,0,0,0,0
LMI250.BSE_IDX,01/07/2025,09:17:44,11001.7,0,0,0,0,0,0
LMI250.BSE_IDX,01/07/2025,09:17:51,11002.9,0,0,0,0,0,0
LMI250.BSE_IDX,01/07/2025,09:17:59,11002.63,0,0,0,0,0,0
LMI250.BSE_IDX,01/07/2025,09:18:07,11004.13,0,0,0,0,0,0
LMI250.BSE_IDX,01/07/2025,09:18:15,11003.82,0,0,0,0,0,0
LMI250.BSE_IDX,01/07/2025,09:18:23,11003.49,0,0,0,0,0,0
LMI250.BSE_IDX,01/07/2025,09:18:31,11002.96,0,0,0,0,0,0
LMI250.BSE_IDX,01/07/2025,09:18:39,11003.77,0,0,0,0,0,0
LMI250.BSE_IDX,01/07/2025,09:18:47,11004.09,0,0,0,0,0,0
LMI250.BSE_IDX,01/07/2025,09:18:56,11004.19,0,0,0,0,0,0
LMI250.BSE_IDX,01/07/2025,09:19:03,11003.56,0,0,0,0,0,0
LMI250.BSE_IDX,01/07/2025,09:19:11,11002.4,0,0,0,0,0,0
LMI250.BSE_IDX,01/07/2025,09:19:19,11002.62,0,0,0,0,0,0
LMI250.BSE_IDX,01/07/2025,09:19:28,11001.89,0,0,0,0,0,0
LMI250.BSE_IDX,01/07/2025,09:19:35,11003.1,0,0,0,0,0,0
LMI250.BSE_IDX,01/07/2025,09:19:43,11002.39,0,0,0,0,0,0
LMI250.BSE_IDX,01/07/2025,09:19:52,11002.77,0,0,0,0,0,0
LMI250.BSE_IDX,01/07/2025,09:19:59,11002.15,0,0,0,0,0,0
LMI250.BSE_IDX,01/07/2025,09:20:07,11003.53,0,0,0,0,0,0
LMI250.BSE_IDX,01/07/2025,09:20:15,11004.6,0,0,0,0,0,0
LMI250.BSE_IDX,01/07/2025,09:20:24,11003.49,0,0,0,0,0,0
LMI250.BSE_IDX,01/07/2025,09:20:31,11004.6,0,0,0,0,0,0
LMI250.BSE_IDX,01/07/2025,09:20:39,11004.42,0,0,0,0,0,0
LMI250.BSE_IDX,01/07/2025,09:20:47,11004.13,0,0,0,0,0,0
LMI250.BSE_IDX,01/07/2025,09:20:55,11003.11,0,0,0,0,0,0
LMI250.BSE_IDX,01/07/2025,09:21:03,11003.19,0,0,0,0,0,0
LMI250.BSE_IDX,01/07/2025,09:21:11,11004.4,0,0,0,0,0,0
LMI250.BSE_IDX,01/07/2025,09:21:19,11007.44,0,0,0,0,0,0
LMI250.BSE_IDX,01/07/2025,09:21:27,11007.32,0,0,0,0,0,0
LMI250.BSE_IDX,01/07/2025,09:21:36,11007.88,0,0,0,0,0,0
LMI250.BSE_IDX,01/07/2025,09:21:43,11009.24,0,0,0,0,0,0
LMI250.BSE_IDX,01/07/2025,09:21:51,11009.99,0,0,0,0,0,0
LMI250.BSE_IDX,01/07/2025,09:21:59,11010.36,0,0,0,0,0,0
LMI250.BSE_IDX,01/07/2025,09:22:07,11010.06,0,0,0,0,0,0
LMI250.BSE_IDX,01/07/2025,09:22:15,11010.06,0,0,0,0,0,0
LMI250.BSE_IDX,01/07/2025,09:22:23,11012.15,0,0,0,0,0,0
LMI250.BSE_IDX,01/07/2025,09:22:31,11013.41,0,0,0,0,0,0
LMI250.BSE_IDX,01/07/2025,09:22:39,11013.48,0,0,0,0,0,0
LMI250.BSE_IDX,01/07/2025,09:22:47,11014.04,0,0,0,0,0,0
LMI250.BSE_IDX,01/07/2025,09:22:55,11014.07,0,0,0,0,0,0
LMI250.BSE_IDX,01/07/2025,09:23:03,11013.88,0,0,0,0,0,0
LMI250.BSE_IDX,01/07/2025,09:23:11,11012.96,0,0,0,0,0,0
LMI250.BSE_IDX,01/07/2025,09:23:19,11012.03,0,0,0,0,0,0
LMI250.BSE_IDX,01/07/2025,09:23:27,11011.15,0,0,0,0,0,0
LMI250.BSE_IDX,01/07/2025,09:23:35,11010.38,0,0,0,0,0,0
LMI250.BSE_IDX,01/07/2025,09:23:44,11009.99,0,0,0,0,0,0
LMI250.BSE_IDX,01/07/2025,09:23:51,11008.62,0,0,0,0,0,0
LMI250.BSE_IDX,01/07/2025,09:23:59,11008.3,0,0,0,0,0,0
LMI250.BSE_IDX,01/07/2025,09:24:08,11009.77,0,0,0,0,0,0
LMI250.BSE_IDX,01/07/2025,09:24:15,11009.79,0,0,0,0,0,0
LMI250.BSE_IDX,01/07/2025,09:24:23,11009.55,0,0,0,0,0,0
LMI250.BSE_IDX,01/07/2025,09:24:32,11008.93,0,0,0,0,0,0
LMI250.BSE_IDX,01/07/2025,09:24:39,11009.01,0,0,0,0,0,0
LMI250.BSE_IDX,01/07/2025,09:24:48,11009.71,0,0,0,0,0,0
LMI250.BSE_IDX,01/07/2025,09:24:57,11009.25,0,0,0,0,0,0
LMI250.BSE_IDX,01/07/2025,09:25:03,11009.61,0,0,0,0,0,0
LMI250.BSE_IDX,01/07/2025,09:25:12,11010.43,0,0,0,0,0,0
LMI250.BSE_IDX,01/07/2025,09:25:19,11011.12,0,0,0,0,0,0
LMI250.BSE_IDX,01/07/2025,09:25:29,11010.77,0,0,0,0,0,0
LMI250.BSE_IDX,01/07/2025,09:25:35,11012.88,0,0,0,0,0,0
LMI250.BSE_IDX,01/07/2025,09:25:43,11012.84,0,0,0,0,0,0
LMI250.BSE_IDX,01/07/2025,09:25:51,11012.87,0,0,0,0,0,0
LMI250.BSE_IDX,01/07/2025,09:25:59,11012.96,0,0,0,0,0,0
LMI250.BSE_IDX,01/07/2025,09:26:08,11011.9,0,0,0,0,0,0
LMI250.BSE_IDX,01/07/2025,09:26:15,11011.38,0,0,0,0,0,0
LMI250.BSE_IDX,01/07/2025,09:26:24,11012.47,0,0,0,0,0,0
LMI250.BSE_IDX,01/07/2025,09:26:31,11012.88,0,0,0,0,0,0
LMI250.BSE_IDX,01/07/2025,09:26:39,11013.01,0,0,0,0,0,0
LMI250.BSE_IDX,01/07/2025,09:26:48,11013.13,0,0,0,0,0,0
LMI250.BSE_IDX,01/07/2025,09:26:55,11014.17,0,0,0,0,0,0
LMI250.BSE_IDX,01/07/2025,09:27:04,11014.82,0,0,0,0,0,0
LMI250.BSE_IDX,01/07/2025,09:27:12,11013.99,0,0,0,0,0,0
LMI250.BSE_IDX,01/07/2025,09:27:19,11014.46,0,0,0,0,0,0
LMI250.BSE_IDX,01/07/2025,09:27:28,11013.86,0,0,0,0,0,0
LMI250.BSE_IDX,01/07/2025,09:27:36,11013.38,0,0,0,0,0,0
LMI250.BSE_IDX,01/07/2025,09:27:44,11013.12,0,0,0,0,0,0
LMI250.BSE_IDX,01/07/2025,09:27:51,11013.36,0,0,0,0,0,0
LMI250.BSE_IDX,01/07/2025,09:28:00,11014.63,0,0,0,0,0,0
LMI250.BSE_IDX,01/07/2025,09:28:08,11013.62,0,0,0,0,0,0
LMI250.BSE_IDX,01/07/2025,09:28:16,11013.18,0,0,0,0,0,0
LMI250.BSE_IDX,01/07/2025,09:28:24,11011.84,0,0,0,0,0,0
LMI250.BSE_IDX,01/07/2025,09:28:32,11011.11,0,0,0,0,0,0
LMI250.BSE_IDX,01/07/2025,09:28:40,11009.78,0,0,0,0,0,0
LMI250.BSE_IDX,01/07/2025,09:28:48,11009.66,0,0,0,0,0,0
LMI250.BSE_IDX,01/07/2025,09:28:56,11009.21,0,0,0,0,0,0
LMI250.BSE_IDX,01/07/2025,09:29:04,11009.8,0,0,0,0,0,0
LMI250.BSE_IDX,01/07/2025,09:29:12,11009.77,0,0,0,0,0,0
LMI250.BSE_IDX,01/07/2025,09:29:20,11008.55,0,0,0,0,0,0
LMI250.BSE_IDX,01/07/2025,09:29:28,11008.52,0,0,0,0,0,0
LMI250.BSE_IDX,01/07/2025,09:29:36,11008.72,0,0,0,0,0,0
LMI250.BSE_IDX,01/07/2025,09:29:44,11009.64,0,0,0,0,0,0
LMI250.BSE_IDX,01/07/2025,09:29:52,11009.85,0,0,0,0,0,0
LMI250.BSE_IDX,01/07/2025,09:30:00,11010.67,0,0,0,0,0,0
LMI250.BSE_IDX,01/07/2025,09:30:08,11012.02,0,0,0,0,0,0
LMI250.BSE_IDX,01/07/2025,09:30:16,11015.24,0,0,0,0,0,0
LMI250.BSE_IDX,01/07/2025,09:30:24,11015.72,0,0,0,0,0,0
LMI250.BSE_IDX,01/07/2025,09:30:32,11016.64,0,0,0,0,0,0
LMI250.BSE_IDX,01/07/2025,09:30:40,11017.3,0,0,0,0,0,0
LMI250.BSE_IDX,01/07/2025,09:30:48,11017.46,0,0,0,0,0,0
LMI250.BSE_IDX,01/07/2025,09:30:56,11016.03,0,0,0,0,0,0
LMI250.BSE_IDX,01/07/2025,09:31:04,11016.06,0,0,0,0,0,0
LMI250.BSE_IDX,01/07/2025,09:31:12,11014.12,0,0,0,0,0,0
LMI250.BSE_IDX,01/07/2025,09:31:20,11013.04,0,0,0,0,0,0
LMI250.BSE_IDX,01/07/2025,09:31:28,11012.59,0,0,0,0,0,0
LMI250.BSE_IDX,01/07/2025,09:31:36,11012.24,0,0,0,0,0,0
LMI250.BSE_IDX,01/07/2025,09:31:44,11011.46,0,0,0,0,0,0
LMI250.BSE_IDX,01/07/2025,09:31:52,11012.11,0,0,0,0,0,0
LMI250.BSE_IDX,01/07/2025,09:32:00,11012.87,0,0,0,0,0,0
LMI250.BSE_IDX,01/07/2025,09:32:08,11011.83,0,0,0,0,0,0
LMI250.BSE_IDX,01/07/2025,09:32:16,11011.21,0,0,0,0,0,0
LMI250.BSE_IDX,01/07/2025,09:32:24,11011.09,0,0,0,0,0,0
LMI250.BSE_IDX,01/07/2025,09:32:32,11011.8,0,0,0,0,0,0
LMI250.BSE_IDX,01/07/2025,09:32:40,11011.5,0,0,0,0,0,0
LMI250.BSE_IDX,01/07/2025,09:32:48,11012.36,0,0,0,0,0,0
LMI250.BSE_IDX,01/07/2025,09:32:56,11013.63,0,0,0,0,0,0
LMI250.BSE_IDX,01/07/2025,09:33:04,11014.69,0,0,0,0,0,0
LMI250.BSE_IDX,01/07/2025,09:33:12,11015.13,0,0,0,0,0,0
LMI250.BSE_IDX,01/07/2025,09:33:20,11015.68,0,0,0,0,0,0
LMI250.BSE_IDX,01/07/2025,09:33:28,11015.79,0,0,0,0,0,0
LMI250.BSE_IDX,01/07/2025,09:33:36,11015.49,0,0,0,0,0,0
LMI250.BSE_IDX,01/07/2025,09:33:44,11015.06,0,0,0,0,0,0
LMI250.BSE_IDX,01/07/2025,09:33:52,11015.08,0,0,0,0,0,0
LMI250.BSE_IDX,01/07/2025,09:34:00,11015.01,0,0,0,0,0,0
LMI250.BSE_IDX,01/07/2025,09:34:08,11014.56,0,0,0,0,0,0
LMI250.BSE_IDX,01/07/2025,09:34:16,11014.03,0,0,0,0,0,0
LMI250.BSE_IDX,01/07/2025,09:34:24,11014.45,0,0,0,0,0,0
LMI250.BSE_IDX,01/07/2025,09:34:32,11014.56,0,0,0,0,0,0
LMI250.BSE_IDX,01/07/2025,09:34:40,11015.07,0,0,0,0,0,0
LMI250.BSE_IDX,01/07/2025,09:34:48,11015.43,0,0,0,0,0,0
LMI250.BSE_IDX,01/07/2025,09:34:56,11015.5,0,0,0,0,0,0
LMI250.BSE_IDX,01/07/2025,09:35:05,11014.82,0,0,0,0,0,0
LMI250.BSE_IDX,01/07/2025,09:35:12,11014.57,0,0,0,0,0,0
LMI250.BSE_IDX,01/07/2025,09:35:20,11013.15,0,0,0,0,0,0
LMI250.BSE_IDX,01/07/2025,09:35:28,11012.84,0,0,0,0,0,0
LMI250.BSE_IDX,01/07/2025,09:35:36,11013.5,0,0,0,0,0,0
LMI250.BSE_IDX,01/07/2025,09:35:44,11013.57,0,0,0,0,0,0
LMI250.BSE_IDX,01/07/2025,09:35:52,11012.87,0,0,0,0,0,0
LMI250.BSE_IDX,01/07/2025,09:36:00,11013.22,0,0,0,0,0,0
LMI250.BSE_IDX,01/07/2025,09:36:08,11012.8,0,0,0,0,0,0
LMI250.BSE_IDX,01/07/2025,09:36:16,11012.47,0,0,0,0,0,0
LMI250.BSE_IDX,01/07/2025,09:36:24,11012.37,0,0,0,0,0,0
LMI250.BSE_IDX,01/07/2025,09:36:33,11011.96,0,0,0,0,0,0
LMI250.BSE_IDX,01/07/2025,09:36:40,11010.74,0,0,0,0,0,0
LMI250.BSE_IDX,01/07/2025,09:36:48,11012.38,0,0,0,0,0,0
LMI250.BSE_IDX,01/07/2025,09:36:56,11012.34,0,0,0,0,0,0
LMI250.BSE_IDX,01/07/2025,09:37:04,11012.95,0,0,0,0,0,0
LMI250.BSE_IDX,01/07/2025,09:37:12,11013.4,0,0,0,0,0,0
LMI250.BSE_IDX,01/07/2025,09:37:20,11013.21,0,0,0,0,0,0
LMI250.BSE_IDX,01/07/2025,09:37:28,11013.8,0,0,0,0,0,0
LMI250.BSE_IDX,01/07/2025,09:37:36,11013.37,0,0,0,0,0,0
LMI250.BSE_IDX,01/07/2025,09:37:44,11013.82,0,0,0,0,0,0
LMI250.BSE_IDX,01/07/2025,09:37:52,11013.49,0,0,0,0,0,0
LMI250.BSE_IDX,01/07/2025,09:38:00,11013.9,0,0,0,0,0,0
LMI250.BSE_IDX,01/07/2025,09:38:08,11013.13,0,0,0,0,0,0
LMI250.BSE_IDX,01/07/2025,09:38:16,11012.28,0,0,0,0,0,0
LMI250.BSE_IDX,01/07/2025,09:38:24,11012.51,0,0,0,0,0,0
LMI250.BSE_IDX,01/07/2025,09:38:32,11011.62,0,0,0,0,0,0
LMI250.BSE_IDX,01/07/2025,09:38:40,11010.33,0,0,0,0,0,0
LMI250.BSE_IDX,01/07/2025,09:38:48,11010.71,0,0,0,0,0,0
LMI250.BSE_IDX,01/07/2025,09:38:56,11010.52,0,0,0,0,0,0
LMI250.BSE_IDX,01/07/2025,09:39:04,11009.07,0,0,0,0,0,0
LMI250.BSE_IDX,01/07/2025,09:39:12,11010.16,0,0,0,0,0,0
LMI250.BSE_IDX,01/07/2025,09:39:20,11010.71,0,0,0,0,0,0
LMI250.BSE_IDX,01/07/2025,09:39:28,11010.76,0,0,0,0,0,0
LMI250.BSE_IDX,01/07/2025,09:39:36,11011.21,0,0,0,0,0,0
LMI250.BSE_IDX,01/07/2025,09:39:44,11011.96,0,0,0,0,0,0
LMI250.BSE_IDX,01/07/2025,09:39:52,11012.41,0,0,0,0,0,0
LMI250.BSE_IDX,01/07/2025,09:40:00,11012.71,0,0,0,0,0,0
LMI250.BSE_IDX,01/07/2025,09:40:08,11013.41,0,0,0,0,0,0
LMI250.BSE_IDX,01/07/2025,09:40:16,11013.67,0,0,0,0,0,0
LMI250.BSE_IDX,01/07/2025,09:40:24,11014.11,0,0,0,0,0,0
LMI250.BSE_IDX,01/07/2025,09:40:32,11012.41,0,0,0,0,0,0
LMI250.BSE_IDX,01/07/2025,09:40:40,11012.34,0,0,0,0,0,0
LMI250.BSE_IDX,01/07/2025,09:40:48,11012.23,0,0,0,0,0,0
LMI250.BSE_IDX,01/07/2025,09:40:56,11012.03,0,0,0,0,0,0
LMI250.BSE_IDX,01/07/2025,09:41:04,11011.28,0,0,0,0,0,0
LMI250.BSE_IDX,01/07/2025,09:41:12,11011.85,0,0,0,0,0,0
LMI250.BSE_IDX,01/07/2025,09:41:20,11012.48,0,0,0,0,0,0
LMI250.BSE_IDX,01/07/2025,09:41:28,11012.93,0,0,0,0,0,0
LMI250.BSE_IDX,01/07/2025,09:41:36,11013.36,0,0,0,0,0,0
LMI250.BSE_IDX,01/07/2025,09:41:44,11012.54,0,0,0,0,0,0
LMI250.BSE_IDX,01/07/2025,09:41:52,11012.52,0,0,0,0,0,0
LMI250.BSE_IDX,01/07/2025,09:42:00,11013.15,0,0,0,0,0,0
LMI250.BSE_IDX,01/07/2025,09:42:08,11013.89,0,0,0,0,0,0
LMI250.BSE_IDX,01/07/2025,09:42:16,11013.7,0,0,0,0,0,0
LMI250.BSE_IDX,01/07/2025,09:42:24,11012.91,0,0,0,0,0,0
LMI250.BSE_IDX,01/07/2025,09:42:32,11012.81,0,0,0,0,0,0
LMI250.BSE_IDX,01/07/2025,09:42:40,11012.67,0,0,0,0,0,0
LMI250.BSE_IDX,01/07/2025,09:42:48,11013.55,0,0,0,0,0,0
LMI250.BSE_IDX,01/07/2025,09:42:56,11014.87,0,0,0,0,0,0
LMI250.BSE_IDX,01/07/2025,09:43:04,11014.09,0,0,0,0,0,0
LMI250.BSE_IDX,01/07/2025,09:43:12,11013.56,0,0,0,0,0,0
LMI250.BSE_IDX,01/07/2025,09:43:20,11013.19,0,0,0,0,0,0
LMI250.BSE_IDX,01/07/2025,09:43:28,11013.69,0,0,0,0,0,0
LMI250.BSE_IDX,01/07/2025,09:43:36,11013.41,0,0,0,0,0,0
LMI250.BSE_IDX,01/07/2025,09:43:44,11013.09,0,0,0,0,0,0
LMI250.BSE_IDX,01/07/2025,09:43:53,11012.76,0,0,0,0,0,0
LMI250.BSE_IDX,01/07/2025,09:44:00,11012.75,0,0,0,0,0,0
LMI250.BSE_IDX,01/07/2025,09:44:08,11012.68,0,0,0,0,0,0
LMI250.BSE_IDX,01/07/2025,09:44:16,11012.39,0,0,0,0,0,0
LMI250.BSE_IDX,01/07/2025,09:44:24,11013.05,0,0,0,0,0,0
LMI250.BSE_IDX,01/07/2025,09:44:32,11013.1,0,0,0,0,0,0
LMI250.BSE_IDX,01/07/2025,09:44:40,11012.72,0,0,0,0,0,0
LMI250.BSE_IDX,01/07/2025,09:44:48,11012.33,0,0,0,0,0,0
LMI250.BSE_IDX,01/07/2025,09:44:56,11011.65,0,0,0,0,0,0
LMI250.BSE_IDX,01/07/2025,09:45:05,11010.6,0,0,0,0,0,0
LMI250.BSE_IDX,01/07/2025,09:45:12,11009.19,0,0,0,0,0,0
LMI250.BSE_IDX,01/07/2025,09:45:20,11008.45,0,0,0,0,0,0
LMI250.BSE_IDX,01/07/2025,09:45:28,11009.12,0,0,0,0,0,0
LMI250.BSE_IDX,01/07/2025,09:45:36,11008.05,0,0,0,0,0,0
LMI250.BSE_IDX,01/07/2025,09:45:44,11006.63,0,0,0,0,0,0
LMI250.BSE_IDX,01/07/2025,09:45:52,11006.86,0,0,0,0,0,0
LMI250.BSE_IDX,01/07/2025,09:46:01,11006.67,0,0,0,0,0,0
LMI250.BSE_IDX,01/07/2025,09:46:08,11005.18,0,0,0,0,0,0
LMI250.BSE_IDX,01/07/2025,09:46:16,11005.46,0,0,0,0,0,0
LMI250.BSE_IDX,01/07/2025,09:46:24,11005.72,0,0,0,0,0,0
LMI250.BSE_IDX,01/07/2025,09:46:32,11006.03,0,0,0,0,0,0
LMI250.BSE_IDX,01/07/2025,09:46:40,11006.43,0,0,0,0,0,0
LMI250.BSE_IDX,01/07/2025,09:46:48,11006.12,0,0,0,0,0,0
LMI250.BSE_IDX,01/07/2025,09:46:56,11006.3,0,0,0,0,0,0
LMI250.BSE_IDX,01/07/2025,09:47:04,11005.89,0,0,0,0,0,0
LMI250.BSE_IDX,01/07/2025,09:47:12,11006.42,0,0,0,0,0,0
LMI250.BSE_IDX,01/07/2025,09:47:20,11005.93,0,0,0,0,0,0
LMI250.BSE_IDX,01/07/2025,09:47:28,11005.64,0,0,0,0,0,0
LMI250.BSE_IDX,01/07/2025,09:47:36,11005.24,0,0,0,0,0,0
LMI250.BSE_IDX,01/07/2025,09:47:44,11005.45,0,0,0,0,0,0
LMI250.BSE_IDX,01/07/2025,09:47:52,11007.11,0,0,0,0,0,0
LMI250.BSE_IDX,01/07/2025,09:48:00,11007.94,0,0,0,0,0,0
LMI250.BSE_IDX,01/07/2025,09:48:08,11008.21,0,0,0,0,0,0
LMI250.BSE_IDX,01/07/2025,09:48:16,11009.62,0,0,0,0,0,0
LMI250.BSE_IDX,01/07/2025,09:48:24,11011.15,0,0,0,0,0,0
LMI250.BSE_IDX,01/07/2025,09:48:32,11012.16,0,0,0,0,0,0
LMI250.BSE_IDX,01/07/2025,09:48:40,11011.21,0,0,0,0,0,0
LMI250.BSE_IDX,01/07/2025,09:48:48,11010.92,0,0,0,0,0,0
LMI250.BSE_IDX,01/07/2025,09:48:56,11011.13,0,0,0,0,0,0
LMI250.BSE_IDX,01/07/2025,09:49:04,11011.98,0,0,0,0,0,0
LMI250.BSE_IDX,01/07/2025,09:49:12,11012.2,0,0,0,0,0,0
LMI250.BSE_IDX,01/07/2025,09:49:20,11012.13,0,0,0,0,0,0
LMI250.BSE_IDX,01/07/2025,09:49:28,11012.62,0,0,0,0,0,0
LMI250.BSE_IDX,01/07/2025,09:49:36,11012.91,0,0,0,0,0,0
LMI250.BSE_IDX,01/07/2025,09:49:44,11013.49,0,0,0,0,0,0
LMI250.BSE_IDX,01/07/2025,09:49:52,11013.89,0,0,0,0,0,0
LMI250.BSE_IDX,01/07/2025,09:50:00,11013.64,0,0,0,0,0,0
LMI250.BSE_IDX,01/07/2025,09:50:08,11014.08,0,0,0,0,0,0
LMI250.BSE_IDX,01/07/2025,09:50:16,11014.17,0,0,0,0,0,0
LMI250.BSE_IDX,01/07/2025,09:50:24,11014.34,0,0,0,0,0,0
LMI250.BSE_IDX,01/07/2025,09:50:32,11013.03,0,0,0,0,0,0
LMI250.BSE_IDX,01/07/2025,09:50:40,11011.45,0,0,0,0,0,0
LMI250.BSE_IDX,01/07/2025,09:50:48,11011.64,0,0,0,0,0,0
LMI250.BSE_IDX,01/07/2025,09:50:57,11011.18,0,0,0,0,0,0
LMI250.BSE_IDX,01/07/2025,09:51:04,11010.98,0,0,0,0,0,0
LMI250.BSE_IDX,01/07/2025,09:51:12,11012.07,0,0,0,0,0,0
LMI250.BSE_IDX,01/07/2025,09:51:20,11011.8,0,0,0,0,0,0
LMI250.BSE_IDX,01/07/2025,09:51:28,11010.55,0,0,0,0,0,0
LMI250.BSE_IDX,01/07/2025,09:51:37,11009.03,0,0,0,0,0,0
LMI250.BSE_IDX,01/07/2025,09:51:44,11009.96,0,0,0,0,0,0
LMI250.BSE_IDX,01/07/2025,09:51:52,11008.83,0,0,0,0,0,0
LMI250.BSE_IDX,01/07/2025,09:52:01,11007.98,0,0,0,0,0,0
LMI250.BSE_IDX,01/07/2025,09:52:08,11006.54,0,0,0,0,0,0
LMI250.BSE_IDX,01/07/2025,09:52:17,11004.67,0,0,0,0,0,0
LMI250.BSE_IDX,01/07/2025,09:52:24,11004.18,0,0,0,0,0,0
LMI250.BSE_IDX,01/07/2025,09:52:32,11005.36,0,0,0,0,0,0
LMI250.BSE_IDX,01/07/2025,09:52:40,11005.21,0,0,0,0,0,0
LMI250.BSE_IDX,01/07/2025,09:52:48,11005.77,0,0,0,0,0,0
LMI250.BSE_IDX,01/07/2025,09:52:57,11005.57,0,0,0,0,0,0
LMI250.BSE_IDX,01/07/2025,09:53:04,11005.6,0,0,0,0,0,0
LMI250.BSE_IDX,01/07/2025,09:53:13,11005.96,0,0,0,0,0,0
LMI250.BSE_IDX,01/07/2025,09:53:20,11006.6,0,0,0,0,0,0
LMI250.BSE_IDX,01/07/2025,09:53:28,11006.82,0,0,0,0,0,0
LMI250.BSE_IDX,01/07/2025,09:53:36,11006.69,0,0,0,0,0,0
LMI250.BSE_IDX,01/07/2025,09:53:44,11006,0,0,0,0,0,0
LMI250.BSE_IDX,01/07/2025,09:53:52,11005.7,0,0,0,0,0,0
LMI250.BSE_IDX,01/07/2025,09:54:00,11004.08,0,0,0,0,0,0
LMI250.BSE_IDX,01/07/2025,09:54:08,11002.69,0,0,0,0,0,0
LMI250.BSE_IDX,01/07/2025,09:54:16,11002.55,0,0,0,0,0,0
LMI250.BSE_IDX,01/07/2025,09:54:24,11001.48,0,0,0,0,0,0
LMI250.BSE_IDX,01/07/2025,09:54:32,11001.14,0,0,0,0,0,0
LMI250.BSE_IDX,01/07/2025,09:54:40,11000.67,0,0,0,0,0,0
LMI250.BSE_IDX,01/07/2025,09:54:48,11000.83,0,0,0,0,0,0
LMI250.BSE_IDX,01/07/2025,09:54:56,11000.66,0,0,0,0,0,0
LMI250.BSE_IDX,01/07/2025,09:55:04,10999.97,0,0,0,0,0,0
LMI250.BSE_IDX,01/07/2025,09:55:12,11000.26,0,0,0,0,0,0
LMI250.BSE_IDX,01/07/2025,09:55:20,10999.8,0,0,0,0,0,0
LMI250.BSE_IDX,01/07/2025,09:55:28,10999.85,0,0,0,0,0,0
LMI250.BSE_IDX,01/07/2025,09:55:36,10999.88,0,0,0,0,0,0
LMI250.BSE_IDX,01/07/2025,09:55:44,10998.99,0,0,0,0,0,0
LMI250.BSE_IDX,01/07/2025,09:55:52,10998.35,0,0,0,0,0,0
LMI250.BSE_IDX,01/07/2025,09:56:00,10998.44,0,0,0,0,0,0
LMI250.BSE_IDX,01/07/2025,09:56:08,10998.3,0,0,0,0,0,0
LMI250.BSE_IDX,01/07/2025,09:56:16,10998.43,0,0,0,0,0,0
LMI250.BSE_IDX,01/07/2025,09:56:25,10998.63,0,0,0,0,0,0
LMI250.BSE_IDX,01/07/2025,09:56:32,10998,0,0,0,0,0,0
LMI250.BSE_IDX,01/07/2025,09:56:41,10997.89,0,0,0,0,0,0
LMI250.BSE_IDX,01/07/2025,09:56:48,10998.32,0,0,0,0,0,0
LMI250.BSE_IDX,01/07/2025,09:56:57,10997.87,0,0,0,0,0,0
LMI250.BSE_IDX,01/07/2025,09:57:04,10997.9,0,0,0,0,0,0
LMI250.BSE_IDX,01/07/2025,09:57:12,10998.62,0,0,0,0,0,0
LMI250.BSE_IDX,01/07/2025,09:57:20,10999.42,0,0,0,0,0,0
LMI250.BSE_IDX,01/07/2025,09:57:28,10999.64,0,0,0,0,0,0
LMI250.BSE_IDX,01/07/2025,09:57:36,10999.06,0,0,0,0,0,0
LMI250.BSE_IDX,01/07/2025,09:57:44,11000.14,0,0,0,0,0,0
LMI250.BSE_IDX,01/07/2025,09:57:52,10999.99,0,0,0,0,0,0
LMI250.BSE_IDX,01/07/2025,09:58:00,10999.63,0,0,0,0,0,0
LMI250.BSE_IDX,01/07/2025,09:58:08,10999.99,0,0,0,0,0,0
LMI250.BSE_IDX,01/07/2025,09:58:16,11000.62,0,0,0,0,0,0
LMI250.BSE_IDX,01/07/2025,09:58:24,10999.76,0,0,0,0,0,0
LMI250.BSE_IDX,01/07/2025,09:58:32,11000.72,0,0,0,0,0,0
LMI250.BSE_IDX,01/07/2025,09:58:40,11001.72,0,0,0,0,0,0
LMI250.BSE_IDX,01/07/2025,09:58:48,11002.2,0,0,0,0,0,0
LMI250.BSE_IDX,01/07/2025,09:58:56,11003.07,0,0,0,0,0,0
LMI250.BSE_IDX,01/07/2025,09:59:05,11003.98,0,0,0,0,0,0
LMI250.BSE_IDX,01/07/2025,09:59:12,11003.65,0,0,0,0,0,0
LMI250.BSE_IDX,01/07/2025,09:59:20,11004.11,0,0,0,0,0,0
LMI250.BSE_IDX,01/07/2025,09:59:28,11004.55,0,0,0,0,0,0
LMI250.BSE_IDX,01/07/2025,09:59:36,11004.55,0,0,0,0,0,0
LMI250.BSE_IDX,01/07/2025,09:59:45,11004.7,0,0,0,0,0,0
LMI250.BSE_IDX,01/07/2025,09:59:52,11004.68,0,0,0,0,0,0
LMI250.BSE_IDX,01/07/2025,10:00:00,11004.61,0,0,0,0,0,0
LMI250.BSE_IDX,01/07/2025,10:00:08,11006.25,0,0,0,0,0,0
LMI250.BSE_IDX,01/07/2025,10:00:16,11006.62,0,0,0,0,0,0
LMI250.BSE_IDX,01/07/2025,10:00:24,11005.98,0,0,0,0,0,0
LMI250.BSE_IDX,01/07/2025,10:00:32,11005.69,0,0,0,0,0,0
LMI250.BSE_IDX,01/07/2025,10:00:40,11005.55,0,0,0,0,0,0
LMI250.BSE_IDX,01/07/2025,10:00:48,11005.37,0,0,0,0,0,0
LMI250.BSE_IDX,01/07/2025,10:00:56,11005.37,0,0,0,0,0,0
LMI250.BSE_IDX,01/07/2025,10:01:04,11004.1,0,0,0,0,0,0
LMI250.BSE_IDX,01/07/2025,10:01:12,11002.41,0,0,0,0,0,0
LMI250.BSE_IDX,01/07/2025,10:01:21,11002.47,0,0,0,0,0,0
LMI250.BSE_IDX,01/07/2025,10:01:28,11001.89,0,0,0,0,0,0
LMI250.BSE_IDX,01/07/2025,10:01:36,11001.51,0,0,0,0,0,0
LMI250.BSE_IDX,01/07/2025,10:01:44,11001.39,0,0,0,0,0,0
LMI250.BSE_IDX,01/07/2025,10:01:52,11000.53,0,0,0,0,0,0
LMI250.BSE_IDX,01/07/2025,10:02:00,11000.09,0,0,0,0,0,0
LMI250.BSE_IDX,01/07/2025,10:02:08,10999.92,0,0,0,0,0,0
LMI250.BSE_IDX,01/07/2025,10:02:17,10999.5,0,0,0,0,0,0
LMI250.BSE_IDX,01/07/2025,10:02:24,10999.58,0,0,0,0,0,0
LMI250.BSE_IDX,01/07/2025,10:02:32,10998.2,0,0,0,0,0,0
LMI250.BSE_IDX,01/07/2025,10:02:41,10998.35,0,0,0,0,0,0
LMI250.BSE_IDX,01/07/2025,10:02:49,10998.48,0,0,0,0,0,0
LMI250.BSE_IDX,01/07/2025,10:02:56,10997.68,0,0,0,0,0,0
LMI250.BSE_IDX,01/07/2025,10:03:04,10997,0,0,0,0,0,0
LMI250.BSE_IDX,01/07/2025,10:03:13,10995.94,0,0,0,0,0,0
LMI250.BSE_IDX,01/07/2025,10:03:20,10994.15,0,0,0,0,0,0
LMI250.BSE_IDX,01/07/2025,10:03:29,10993.79,0,0,0,0,0,0
LMI250.BSE_IDX,01/07/2025,10:03:37,10994.44,0,0,0,0,0,0
LMI250.BSE_IDX,01/07/2025,10:03:45,10994.54,0,0,0,0,0,0
LMI250.BSE_IDX,01/07/2025,10:03:53,10994.85,0,0,0,0,0,0
LMI250.BSE_IDX,01/07/2025,10:04:01,10995.29,0,0,0,0,0,0
LMI250.BSE_IDX,01/07/2025,10:04:09,10995.25,0,0,0,0,0,0
LMI250.BSE_IDX,01/07/2025,10:04:17,10995.03,0,0,0,0,0,0
LMI250.BSE_IDX,01/07/2025,10:04:25,10994.75,0,0,0,0,0,0
LMI250.BSE_IDX,01/07/2025,10:04:33,10996.97,0,0,0,0,0,0
LMI250.BSE_IDX,01/07/2025,10:04:41,10998.03,0,0,0,0,0,0
LMI250.BSE_IDX,01/07/2025,10:04:50,10998.26,0,0,0,0,0,0
LMI250.BSE_IDX,01/07/2025,10:04:57,10998.19,0,0,0,0,0,0
LMI250.BSE_IDX,01/07/2025,10:05:05,10996.04,0,0,0,0,0,0
LMI250.BSE_IDX,01/07/2025,10:05:14,10995.34,0,0,0,0,0,0
LMI250.BSE_IDX,01/07/2025,10:05:21,10994.33,0,0,0,0,0,0
LMI250.BSE_IDX,01/07/2025,10:05:29,10991.91,0,0,0,0,0,0
LMI250.BSE_IDX,01/07/2025,10:05:37,10991.31,0,0,0,0,0,0
LMI250.BSE_IDX,01/07/2025,10:05:45,10993.6,0,0,0,0,0,0
LMI250.BSE_IDX,01/07/2025,10:05:53,10994.53,0,0,0,0,0,0
LMI250.BSE_IDX,01/07/2025,10:06:01,10994.61,0,0,0,0,0,0
LMI250.BSE_IDX,01/07/2025,10:06:09,10995.22,0,0,0,0,0,0
LMI250.BSE_IDX,01/07/2025,10:06:17,10995.91,0,0,0,0,0,0
LMI250.BSE_IDX,01/07/2025,10:06:25,10996.46,0,0,0,0,0,0
LMI250.BSE_IDX,01/07/2025,10:06:33,10996.85,0,0,0,0,0,0
LMI250.BSE_IDX,01/07/2025,10:06:41,10997.05,0,0,0,0,0,0
LMI250.BSE_IDX,01/07/2025,10:06:49,10996.85,0,0,0,0,0,0
LMI250.BSE_IDX,01/07/2025,10:06:57,10997.02,0,0,0,0,0,0
LMI250.BSE_IDX,01/07/2025,10:07:05,10997.76,0,0,0,0,0,0
LMI250.BSE_IDX,01/07/2025,10:07:13,10998.06,0,0,0,0,0,0
LMI250.BSE_IDX,01/07/2025,10:07:21,10998.21,0,0,0,0,0,0
LMI250.BSE_IDX,01/07/2025,10:07:29,10998.71,0,0,0,0,0,0
LMI250.BSE_IDX,01/07/2025,10:07:37,10999.44,0,0,0,0,0,0
LMI250.BSE_IDX,01/07/2025,10:07:45,10999.87,0,0,0,0,0,0
LMI250.BSE_IDX,01/07/2025,10:07:53,10999.87,0,0,0,0,0,0
LMI250.BSE_IDX,01/07/2025,10:08:01,11000.03,0,0,0,0,0,0
LMI250.BSE_IDX,01/07/2025,10:08:09,11000.16,0,0,0,0,0,0
LMI250.BSE_IDX,01/07/2025,10:08:17,11000.96,0,0,0,0,0,0
LMI250.BSE_IDX,01/07/2025,10:08:25,11001.13,0,0,0,0,0,0
LMI250.BSE_IDX,01/07/2025,10:08:33,11000.8,0,0,0,0,0,0
LMI250.BSE_IDX,01/07/2025,10:08:41,11000.06,0,0,0,0,0,0
LMI250.BSE_IDX,01/07/2025,10:08:49,10999.94,0,0,0,0,0,0
LMI250.BSE_IDX,01/07/2025,10:08:57,10999.13,0,0,0,0,0,0
LMI250.BSE_IDX,01/07/2025,10:09:05,10996.81,0,0,0,0,0,0
LMI250.BSE_IDX,01/07/2025,10:09:13,10996.44,0,0,0,0,0,0
LMI250.BSE_IDX,01/07/2025,10:09:21,10995.62,0,0,0,0,0,0
LMI250.BSE_IDX,01/07/2025,10:09:29,10995.31,0,0,0,0,0,0
LMI250.BSE_IDX,01/07/2025,10:09:37,10996.37,0,0,0,0,0,0
LMI250.BSE_IDX,01/07/2025,10:09:45,10996.41,0,0,0,0,0,0
LMI250.BSE_IDX,01/07/2025,10:09:53,10996.61,0,0,0,0,0,0
LMI250.BSE_IDX,01/07/2025,10:10:01,10997.53,0,0,0,0,0,0
LMI250.BSE_IDX,01/07/2025,10:10:09,10997.04,0,0,0,0,0,0
LMI250.BSE_IDX,01/07/2025,10:10:17,10997.03,0,0,0,0,0,0
LMI250.BSE_IDX,01/07/2025,10:10:25,10997.05,0,0,0,0,0,0
LMI250.BSE_IDX,01/07/2025,10:10:33,10997.34,0,0,0,0,0,0
LMI250.BSE_IDX,01/07/2025,10:10:41,10997.13,0,0,0,0,0,0
LMI250.BSE_IDX,01/07/2025,10:10:49,10997.2,0,0,0,0,0,0
LMI250.BSE_IDX,01/07/2025,10:10:57,10996.88,0,0,0,0,0,0
LMI250.BSE_IDX,01/07/2025,10:11:05,10996.71,0,0,0,0,0,0
LMI250.BSE_IDX,01/07/2025,10:11:13,10996.12,0,0,0,0,0,0
LMI250.BSE_IDX,01/07/2025,10:11:22,10996.01,0,0,0,0,0,0
LMI250.BSE_IDX,01/07/2025,10:11:29,10994.82,0,0,0,0,0,0
LMI250.BSE_IDX,01/07/2025,10:11:37,10994.62,0,0,0,0,0,0
LMI250.BSE_IDX,01/07/2025,10:11:45,10994.32,0,0,0,0,0,0
LMI250.BSE_IDX,01/07/2025,10:11:53,10994.9,0,0,0,0,0,0
LMI250.BSE_IDX,01/07/2025,10:12:01,10996.17,0,0,0,0,0,0
LMI250.BSE_IDX,01/07/2025,10:12:09,10996.25,0,0,0,0,0,0
LMI250.BSE_IDX,01/07/2025,10:12:17,10994.59,0,0,0,0,0,0
LMI250.BSE_IDX,01/07/2025,10:12:25,10993.81,0,0,0,0,0,0
LMI250.BSE_IDX,01/07/2025,10:12:33,10993.28,0,0,0,0,0,0
LMI250.BSE_IDX,01/07/2025,10:12:41,10992.78,0,0,0,0,0,0
LMI250.BSE_IDX,01/07/2025,10:12:49,10991.57,0,0,0,0,0,0
LMI250.BSE_IDX,01/07/2025,10:12:57,10988.99,0,0,0,0,0,0
LMI250.BSE_IDX,01/07/2025,10:13:05,10988.43,0,0,0,0,0,0
LMI250.BSE_IDX,01/07/2025,10:13:13,10988.73,0,0,0,0,0,0
LMI250.BSE_IDX,01/07/2025,10:13:21,10990.56,0,0,0,0,0,0
LMI250.BSE_IDX,01/07/2025,10:13:29,10990.57,0,0,0,0,0,0
LMI250.BSE_IDX,01/07/2025,10:13:37,10990.38,0,0,0,0,0,0
LMI250.BSE_IDX,01/07/2025,10:13:45,10990.13,0,0,0,0,0,0
LMI250.BSE_IDX,01/07/2025,10:13:53,10989.79,0,0,0,0,0,0
LMI250.BSE_IDX,01/07/2025,10:14:01,10988.23,0,0,0,0,0,0
LMI250.BSE_IDX,01/07/2025,10:14:09,10988.01,0,0,0,0,0,0
LMI250.BSE_IDX,01/07/2025,10:14:17,10988.3,0,0,0,0,0,0
LMI250.BSE_IDX,01/07/2025,10:14:25,10987.86,0,0,0,0,0,0
LMI250.BSE_IDX,01/07/2025,10:14:33,10988.16,0,0,0,0,0,0
LMI250.BSE_IDX,01/07/2025,10:14:41,10986.8,0,0,0,0,0,0
LMI250.BSE_IDX,01/07/2025,10:14:49,10986.83,0,0,0,0,0,0
LMI250.BSE_IDX,01/07/2025,10:14:57,10987.09,0,0,0,0,0,0
LMI250.BSE_IDX,01/07/2025,10:15:05,10986.18,0,0,0,0,0,0
LMI250.BSE_IDX,01/07/2025,10:15:13,10985.35,0,0,0,0,0,0
LMI250.BSE_IDX,01/07/2025,10:15:21,10985.4,0,0,0,0,0,0
LMI250.BSE_IDX,01/07/2025,10:15:29,10984.35,0,0,0,0,0,0
LMI250.BSE_IDX,01/07/2025,10:15:37,10985.36,0,0,0,0,0,0
LMI250.BSE_IDX,01/07/2025,10:15:45,10986.26,0,0,0,0,0,0
LMI250.BSE_IDX,01/07/2025,10:15:53,10986.52,0,0,0,0,0,0
LMI250.BSE_IDX,01/07/2025,10:16:01,10986.13,0,0,0,0,0,0
LMI250.BSE_IDX,01/07/2025,10:16:09,10987.11,0,0,0,0,0,0
LMI250.BSE_IDX,01/07/2025,10:16:17,10986.98,0,0,0,0,0,0
LMI250.BSE_IDX,01/07/2025,10:16:25,10987.47,0,0,0,0,0,0
LMI250.BSE_IDX,01/07/2025,10:16:33,10987.19,0,0,0,0,0,0
LMI250.BSE_IDX,01/07/2025,10:16:41,10987.11,0,0,0,0,0,0
LMI250.BSE_IDX,01/07/2025,10:16:49,10987.07,0,0,0,0,0,0
LMI250.BSE_IDX,01/07/2025,10:16:57,10987.15,0,0,0,0,0,0
LMI250.BSE_IDX,01/07/2025,10:17:05,10987.34,0,0,0,0,0,0
LMI250.BSE_IDX,01/07/2025,10:17:13,10986.94,0,0,0,0,0,0
LMI250.BSE_IDX,01/07/2025,10:17:21,10988.24,0,0,0,0,0,0
LMI250.BSE_IDX,01/07/2025,10:17:29,10988.13,0,0,0,0,0,0
LMI250.BSE_IDX,01/07/2025,10:17:37,10989.09,0,0,0,0,0,0
LMI250.BSE_IDX,01/07/2025,10:17:45,10989.91,0,0,0,0,0,0
LMI250.BSE_IDX,01/07/2025,10:17:53,10990.69,0,0,0,0,0,0
LMI250.BSE_IDX,01/07/2025,10:18:01,10990.88,0,0,0,0,0,0
LMI250.BSE_IDX,01/07/2025,10:18:09,10991.48,0,0,0,0,0,0
LMI250.BSE_IDX,01/07/2025,10:18:17,10992.31,0,0,0,0,0,0
LMI250.BSE_IDX,01/07/2025,10:18:25,10992.41,0,0,0,0,0,0
LMI250.BSE_IDX,01/07/2025,10:18:33,10992.13,0,0,0,0,0,0
LMI250.BSE_IDX,01/07/2025,10:18:41,10991.81,0,0,0,0,0,0
LMI250.BSE_IDX,01/07/2025,10:18:49,10991.23,0,0,0,0,0,0
LMI250.BSE_IDX,01/07/2025,10:18:57,10990.72,0,0,0,0,0,0
LMI250.BSE_IDX,01/07/2025,10:19:05,10989.49,0,0,0,0,0,0
LMI250.BSE_IDX,01/07/2025,10:19:13,10989.74,0,0,0,0,0,0
LMI250.BSE_IDX,01/07/2025,10:19:21,10990.16,0,0,0,0,0,0
LMI250.BSE_IDX,01/07/2025,10:19:29,10990.55,0,0,0,0,0,0
LMI250.BSE_IDX,01/07/2025,10:19:37,10989.45,0,0,0,0,0,0
LMI250.BSE_IDX,01/07/2025,10:19:45,10990.05,0,0,0,0,0,0
LMI250.BSE_IDX,01/07/2025,10:19:53,10988.93,0,0,0,0,0,0
LMI250.BSE_IDX,01/07/2025,10:20:01,10989.05,0,0,0,0,0,0
LMI250.BSE_IDX,01/07/2025,10:20:09,10989.62,0,0,0,0,0,0
LMI250.BSE_IDX,01/07/2025,10:20:17,10989.81,0,0,0,0,0,0
LMI250.BSE_IDX,01/07/2025,10:20:25,10989.53,0,0,0,0,0,0
LMI250.BSE_IDX,01/07/2025,10:20:33,10989.33,0,0,0,0,0,0
LMI250.BSE_IDX,01/07/2025,10:20:41,10989.76,0,0,0,0,0,0
LMI250.BSE_IDX,01/07/2025,10:20:49,10988.72,0,0,0,0,0,0
LMI250.BSE_IDX,01/07/2025,10:20:57,10988.18,0,0,0,0,0,0
LMI250.BSE_IDX,01/07/2025,10:21:05,10987.76,0,0,0,0,0,0
LMI250.BSE_IDX,01/07/2025,10:21:13,10987.07,0,0,0,0,0,0
LMI250.BSE_IDX,01/07/2025,10:21:21,10987.09,0,0,0,0,0,0
LMI250.BSE_IDX,01/07/2025,10:21:29,10986.72,0,0,0,0,0,0
LMI250.BSE_IDX,01/07/2025,10:21:37,10986.62,0,0,0,0,0,0
LMI250.BSE_IDX,01/07/2025,10:21:45,10985.52,0,0,0,0,0,0
LMI250.BSE_IDX,01/07/2025,10:21:53,10986.26,0,0,0,0,0,0
LMI250.BSE_IDX,01/07/2025,10:22:01,10986.39,0,0,0,0,0,0
LMI250.BSE_IDX,01/07/2025,10:22:09,10986.26,0,0,0,0,0,0
LMI250.BSE_IDX,01/07/2025,10:22:17,10985.37,0,0,0,0,0,0
LMI250.BSE_IDX,01/07/2025,10:22:25,10985.54,0,0,0,0,0,0
LMI250.BSE_IDX,01/07/2025,10:22:33,10984.99,0,0,0,0,0,0
LMI250.BSE_IDX,01/07/2025,10:22:41,10985.35,0,0,0,0,0,0
LMI250.BSE_IDX,01/07/2025,10:22:49,10985.16,0,0,0,0,0,0
LMI250.BSE_IDX,01/07/2025,10:22:57,10985.86,0,0,0,0,0,0
LMI250.BSE_IDX,01/07/2025,10:23:05,10985.43,0,0,0,0,0,0
LMI250.BSE_IDX,01/07/2025,10:23:13,10985.75,0,0,0,0,0,0
LMI250.BSE_IDX,01/07/2025,10:23:21,10985.38,0,0,0,0,0,0
LMI250.BSE_IDX,01/07/2025,10:23:29,10986.02,0,0,0,0,0,0
LMI250.BSE_IDX,01/07/2025,10:23:37,10986.33,0,0,0,0,0,0
LMI250.BSE_IDX,01/07/2025,10:23:45,10986.63,0,0,0,0,0,0
LMI250.BSE_IDX,01/07/2025,10:23:53,10986.33,0,0,0,0,0,0
LMI250.BSE_IDX,01/07/2025,10:24:01,10986.66,0,0,0,0,0,0
LMI250.BSE_IDX,01/07/2025,10:24:09,10986.21,0,0,0,0,0,0
LMI250.BSE_IDX,01/07/2025,10:24:17,10985.36,0,0,0,0,0,0
LMI250.BSE_IDX,01/07/2025,10:24:25,10985.39,0,0,0,0,0,0
LMI250.BSE_IDX,01/07/2025,10:24:33,10984.44,0,0,0,0,0,0
LMI250.BSE_IDX,01/07/2025,10:24:41,10984.34,0,0,0,0,0,0
LMI250.BSE_IDX,01/07/2025,10:24:49,10984.54,0,0,0,0,0,0
LMI250.BSE_IDX,01/07/2025,10:24:57,10984.67,0,0,0,0,0,0
LMI250.BSE_IDX,01/07/2025,10:25:05,10984.38,0,0,0,0,0,0
LMI250.BSE_IDX,01/07/2025,10:25:13,10984.63,0,0,0,0,0,0
LMI250.BSE_IDX,01/07/2025,10:25:21,10984.35,0,0,0,0,0,0
LMI250.BSE_IDX,01/07/2025,10:25:29,10983.93,0,0,0,0,0,0
LMI250.BSE_IDX,01/07/2025,10:25:37,10984.18,0,0,0,0,0,0
LMI250.BSE_IDX,01/07/2025,10:25:45,10984.08,0,0,0,0,0,0
LMI250.BSE_IDX,01/07/2025,10:25:53,10984.56,0,0,0,0,0,0
LMI250.BSE_IDX,01/07/2025,10:26:01,10985.11,0,0,0,0,0,0
LMI250.BSE_IDX,01/07/2025,10:26:09,10985.26,0,0,0,0,0,0
LMI250.BSE_IDX,01/07/2025,10:26:17,10985.27,0,0,0,0,0,0
LMI250.BSE_IDX,01/07/2025,10:26:25,10985.43,0,0,0,0,0,0
LMI250.BSE_IDX,01/07/2025,10:26:33,10985.33,0,0,0,0,0,0
LMI250.BSE_IDX,01/07/2025,10:26:41,10985.92,0,0,0,0,0,0
LMI250.BSE_IDX,01/07/2025,10:26:49,10985.37,0,0,0,0,0,0
LMI250.BSE_IDX,01/07/2025,10:26:57,10985.53,0,0,0,0,0,0
LMI250.BSE_IDX,01/07/2025,10:27:05,10986.14,0,0,0,0,0,0
LMI250.BSE_IDX,01/07/2025,10:27:13,10986.33,0,0,0,0,0,0
LMI250.BSE_IDX,01/07/2025,10:27:21,10986.04,0,0,0,0,0,0
LMI250.BSE_IDX,01/07/2025,10:27:29,10986.97,0,0,0,0,0,0
LMI250.BSE_IDX,01/07/2025,10:27:37,10987.05,0,0,0,0,0,0
LMI250.BSE_IDX,01/07/2025,10:27:45,10987.15,0,0,0,0,0,0
LMI250.BSE_IDX,01/07/2025,10:27:53,10987.64,0,0,0,0,0,0
LMI250.BSE_IDX,01/07/2025,10:28:01,10988.82,0,0,0,0,0,0
LMI250.BSE_IDX,01/07/2025,10:28:09,10989.44,0,0,0,0,0,0
LMI250.BSE_IDX,01/07/2025,10:28:17,10988.69,0,0,0,0,0,0
LMI250.BSE_IDX,01/07/2025,10:28:25,10988.45,0,0,0,0,0,0
LMI250.BSE_IDX,01/07/2025,10:28:33,10989.15,0,0,0,0,0,0
LMI250.BSE_IDX,01/07/2025,10:28:41,10989.01,0,0,0,0,0,0
LMI250.BSE_IDX,01/07/2025,10:28:49,10990.1,0,0,0,0,0,0
LMI250.BSE_IDX,01/07/2025,10:28:57,10989.96,0,0,0,0,0,0
LMI250.BSE_IDX,01/07/2025,10:29:05,10990.32,0,0,0,0,0,0
LMI250.BSE_IDX,01/07/2025,10:29:13,10990.57,0,0,0,0,0,0
LMI250.BSE_IDX,01/07/2025,10:29:21,10990.9,0,0,0,0,0,0
LMI250.BSE_IDX,01/07/2025,10:29:29,10990.44,0,0,0,0,0,0
LMI250.BSE_IDX,01/07/2025,10:29:37,10989.99,0,0,0,0,0,0
LMI250.BSE_IDX,01/07/2025,10:29:46,10989.91,0,0,0,0,0,0
LMI250.BSE_IDX,01/07/2025,10:29:54,10990.39,0,0,0,0,0,0
LMI250.BSE_IDX,01/07/2025,10:30:01,10990.49,0,0,0,0,0,0
LMI250.BSE_IDX,01/07/2025,10:30:09,10990.53,0,0,0,0,0,0
LMI250.BSE_IDX,01/07/2025,10:30:17,10991.52,0,0,0,0,0,0
LMI250.BSE_IDX,01/07/2025,10:30:25,10992.85,0,0,0,0,0,0
LMI250.BSE_IDX,01/07/2025,10:30:33,10992.56,0,0,0,0,0,0
LMI250.BSE_IDX,01/07/2025,10:30:41,10992.82,0,0,0,0,0,0
LMI250.BSE_IDX,01/07/2025,10:30:49,10992.35,0,0,0,0,0,0
LMI250.BSE_IDX,01/07/2025,10:30:57,10991.28,0,0,0,0,0,0
LMI250.BSE_IDX,01/07/2025,10:31:05,10991.78,0,0,0,0,0,0
LMI250.BSE_IDX,01/07/2025,10:31:13,10991.53,0,0,0,0,0,0
LMI250.BSE_IDX,01/07/2025,10:31:21,10991.25,0,0,0,0,0,0
LMI250.BSE_IDX,01/07/2025,10:31:29,10991.14,0,0,0,0,0,0
LMI250.BSE_IDX,01/07/2025,10:31:37,10990.75,0,0,0,0,0,0
LMI250.BSE_IDX,01/07/2025,10:31:45,10990,0,0,0,0,0,0
LMI250.BSE_IDX,01/07/2025,10:31:53,10990.62,0,0,0,0,0,0
LMI250.BSE_IDX,01/07/2025,10:32:01,10991.12,0,0,0,0,0,0
LMI250.BSE_IDX,01/07/2025,10:32:09,10990.09,0,0,0,0,0,0
LMI250.BSE_IDX,01/07/2025,10:32:17,10990.31,0,0,0,0,0,0
LMI250.BSE_IDX,01/07/2025,10:32:25,10990.91,0,0,0,0,0,0
LMI250.BSE_IDX,01/07/2025,10:32:33,10991.16,0,0,0,0,0,0
LMI250.BSE_IDX,01/07/2025,10:32:41,10991.31,0,0,0,0,0,0
LMI250.BSE_IDX,01/07/2025,10:32:49,10991.84,0,0,0,0,0,0
LMI250.BSE_IDX,01/07/2025,10:32:57,10992.66,0,0,0,0,0,0
LMI250.BSE_IDX,01/07/2025,10:33:05,10992.84,0,0,0,0,0,0
LMI250.BSE_IDX,01/07/2025,10:33:13,10993.28,0,0,0,0,0,0
LMI250.BSE_IDX,01/07/2025,10:33:21,10993.35,0,0,0,0,0,0
LMI250.BSE_IDX,01/07/2025,10:33:29,10993.32,0,0,0,0,0,0
LMI250.BSE_IDX,01/07/2025,10:33:37,10993.72,0,0,0,0,0,0
LMI250.BSE_IDX,01/07/2025,10:33:45,10994.06,0,0,0,0,0,0
LMI250.BSE_IDX,01/07/2025,10:33:53,10993.73,0,0,0,0,0,0
LMI250.BSE_IDX,01/07/2025,10:34:01,10993.12,0,0,0,0,0,0
LMI250.BSE_IDX,01/07/2025,10:34:09,10992.91,0,0,0,0,0,0
LMI250.BSE_IDX,01/07/2025,10:34:17,10992.55,0,0,0,0,0,0
LMI250.BSE_IDX,01/07/2025,10:34:25,10992.83,0,0,0,0,0,0
LMI250.BSE_IDX,01/07/2025,10:34:33,10993.22,0,0,0,0,0,0
LMI250.BSE_IDX,01/07/2025,10:34:41,10992.91,0,0,0,0,0,0
LMI250.BSE_IDX,01/07/2025,10:34:49,10993.02,0,0,0,0,0,0
LMI250.BSE_IDX,01/07/2025,10:34:58,10992.74,0,0,0,0,0,0
LMI250.BSE_IDX,01/07/2025,10:35:06,10993.02,0,0,0,0,0,0
LMI250.BSE_IDX,01/07/2025,10:35:14,10992.97,0,0,0,0,0,0
LMI250.BSE_IDX,01/07/2025,10:35:21,10993.02,0,0,0,0,0,0
LMI250.BSE_IDX,01/07/2025,10:35:29,10992.31,0,0,0,0,0,0
LMI250.BSE_IDX,01/07/2025,10:35:37,10991.77,0,0,0,0,0,0
LMI250.BSE_IDX,01/07/2025,10:35:45,10991.38,0,0,0,0,0,0
LMI250.BSE_IDX,01/07/2025,10:35:54,10991.7,0,0,0,0,0,0
LMI250.BSE_IDX,01/07/2025,10:36:02,10991.73,0,0,0,0,0,0
LMI250.BSE_IDX,01/07/2025,10:36:10,10991.05,0,0,0,0,0,0
LMI250.BSE_IDX,01/07/2025,10:36:17,10991.14,0,0,0,0,0,0
LMI250.BSE_IDX,01/07/2025,10:36:25,10990.71,0,0,0,0,0,0
LMI250.BSE_IDX,01/07/2025,10:36:34,10991.71,0,0,0,0,0,0
LMI250.BSE_IDX,01/07/2025,10:36:42,10991.74,0,0,0,0,0,0
LMI250.BSE_IDX,01/07/2025,10:36:49,10991.45,0,0,0,0,0,0
LMI250.BSE_IDX,01/07/2025,10:36:58,10990.89,0,0,0,0,0,0
LMI250.BSE_IDX,01/07/2025,10:37:05,10990.91,0,0,0,0,0,0
LMI250.BSE_IDX,01/07/2025,10:37:14,10990.46,0,0,0,0,0,0
LMI250.BSE_IDX,01/07/2025,10:37:21,10990.21,0,0,0,0,0,0
LMI250.BSE_IDX,01/07/2025,10:37:30,10990.2,0,0,0,0,0,0
LMI250.BSE_IDX,01/07/2025,10:37:38,10989.67,0,0,0,0,0,0
LMI250.BSE_IDX,01/07/2025,10:37:46,10989.2,0,0,0,0,0,0
LMI250.BSE_IDX,01/07/2025,10:37:54,10988.41,0,0,0,0,0,0
LMI250.BSE_IDX,01/07/2025,10:38:02,10988.25,0,0,0,0,0,0
LMI250.BSE_IDX,01/07/2025,10:38:10,10988.54,0,0,0,0,0,0
LMI250.BSE_IDX,01/07/2025,10:38:18,10988.78,0,0,0,0,0,0
LMI250.BSE_IDX,01/07/2025,10:38:26,10989.12,0,0,0,0,0,0
LMI250.BSE_IDX,01/07/2025,10:38:34,10988.65,0,0,0,0,0,0
LMI250.BSE_IDX,01/07/2025,10:38:42,10989.21,0,0,0,0,0,0
LMI250.BSE_IDX,01/07/2025,10:38:50,10989.71,0,0,0,0,0,0
LMI250.BSE_IDX,01/07/2025,10:38:58,10990.09,0,0,0,0,0,0
LMI250.BSE_IDX,01/07/2025,10:39:06,10991.51,0,0,0,0,0,0
LMI250.BSE_IDX,01/07/2025,10:39:14,10991.99,0,0,0,0,0,0
LMI250.BSE_IDX,01/07/2025,10:39:22,10992.46,0,0,0,0,0,0
LMI250.BSE_IDX,01/07/2025,10:39:30,10992.63,0,0,0,0,0,0
LMI250.BSE_IDX,01/07/2025,10:39:38,10992.67,0,0,0,0,0,0
LMI250.BSE_IDX,01/07/2025,10:39:46,10992.9,0,0,0,0,0,0
LMI250.BSE_IDX,01/07/2025,10:39:54,10993.3,0,0,0,0,0,0
LMI250.BSE_IDX,01/07/2025,10:40:02,10993.76,0,0,0,0,0,0
LMI250.BSE_IDX,01/07/2025,10:40:10,10992.7,0,0,0,0,0,0
LMI250.BSE_IDX,01/07/2025,10:40:18,10992.94,0,0,0,0,0,0
LMI250.BSE_IDX,01/07/2025,10:40:26,10992.32,0,0,0,0,0,0
LMI250.BSE_IDX,01/07/2025,10:40:34,10992.44,0,0,0,0,0,0
LMI250.BSE_IDX,01/07/2025,10:40:42,10991.89,0,0,0,0,0,0
LMI250.BSE_IDX,01/07/2025,10:40:50,10992.01,0,0,0,0,0,0
LMI250.BSE_IDX,01/07/2025,10:40:58,10992.03,0,0,0,0,0,0
LMI250.BSE_IDX,01/07/2025,10:41:06,10991.78,0,0,0,0,0,0
LMI250.BSE_IDX,01/07/2025,10:41:14,10991.04,0,0,0,0,0,0
LMI250.BSE_IDX,01/07/2025,10:41:22,10991.84,0,0,0,0,0,0
LMI250.BSE_IDX,01/07/2025,10:41:30,10991.68,0,0,0,0,0,0
LMI250.BSE_IDX,01/07/2025,10:41:38,10993.03,0,0,0,0,0,0
LMI250.BSE_IDX,01/07/2025,10:41:46,10992.41,0,0,0,0,0,0
LMI250.BSE_IDX,01/07/2025,10:41:54,10992.38,0,0,0,0,0,0
LMI250.BSE_IDX,01/07/2025,10:42:02,10992.61,0,0,0,0,0,0
LMI250.BSE_IDX,01/07/2025,10:42:10,10992.91,0,0,0,0,0,0
LMI250.BSE_IDX,01/07/2025,10:42:18,10993.31,0,0,0,0,0,0
LMI250.BSE_IDX,01/07/2025,10:42:26,10993.12,0,0,0,0,0,0
LMI250.BSE_IDX,01/07/2025,10:42:34,10992.74,0,0,0,0,0,0
LMI250.BSE_IDX,01/07/2025,10:42:42,10992.23,0,0,0,0,0,0
LMI250.BSE_IDX,01/07/2025,10:42:50,10992.05,0,0,0,0,0,0
LMI250.BSE_IDX,01/07/2025,10:42:58,10991.3,0,0,0,0,0,0
LMI250.BSE_IDX,01/07/2025,10:43:06,10991.87,0,0,0,0,0,0
LMI250.BSE_IDX,01/07/2025,10:43:14,10992.15,0,0,0,0,0,0
LMI250.BSE_IDX,01/07/2025,10:43:22,10991.75,0,0,0,0,0,0
LMI250.BSE_IDX,01/07/2025,10:43:30,10991.77,0,0,0,0,0,0
LMI250.BSE_IDX,01/07/2025,10:43:38,10990.96,0,0,0,0,0,0
LMI250.BSE_IDX,01/07/2025,10:43:46,10991.28,0,0,0,0,0,0
LMI250.BSE_IDX,01/07/2025,10:43:54,10990.62,0,0,0,0,0,0
LMI250.BSE_IDX,01/07/2025,10:44:02,10990.31,0,0,0,0,0,0
LMI250.BSE_IDX,01/07/2025,10:44:10,10989.53,0,0,0,0,0,0
LMI250.BSE_IDX,01/07/2025,10:44:18,10989.27,0,0,0,0,0,0
LMI250.BSE_IDX,01/07/2025,10:44:26,10989.34,0,0,0,0,0,0
LMI250.BSE_IDX,01/07/2025,10:44:34,10989.18,0,0,0,0,0,0
LMI250.BSE_IDX,01/07/2025,10:44:42,10989.27,0,0,0,0,0,0
LMI250.BSE_IDX,01/07/2025,10:44:50,10989.44,0,0,0,0,0,0
LMI250.BSE_IDX,01/07/2025,10:44:58,10988.41,0,0,0,0,0,0
LMI250.BSE_IDX,01/07/2025,10:45:07,10987.9,0,0,0,0,0,0
LMI250.BSE_IDX,01/07/2025,10:45:14,10988,0,0,0,0,0,0
LMI250.BSE_IDX,01/07/2025,10:45:22,10987.49,0,0,0,0,0,0
LMI250.BSE_IDX,01/07/2025,10:45:30,10987.9,0,0,0,0,0,0
LMI250.BSE_IDX,01/07/2025,10:45:38,10987.58,0,0,0,0,0,0
LMI250.BSE_IDX,01/07/2025,10:45:46,10988.3,0,0,0,0,0,0
LMI250.BSE_IDX,01/07/2025,10:45:54,10987.35,0,0,0,0,0,0
LMI250.BSE_IDX,01/07/2025,10:46:02,10987.02,0,0,0,0,0,0
LMI250.BSE_IDX,01/07/2025,10:46:10,10986.62,0,0,0,0,0,0
LMI250.BSE_IDX,01/07/2025,10:46:18,10986.7,0,0,0,0,0,0
LMI250.BSE_IDX,01/07/2025,10:46:26,10987.05,0,0,0,0,0,0
LMI250.BSE_IDX,01/07/2025,10:46:34,10986.7,0,0,0,0,0,0
LMI250.BSE_IDX,01/07/2025,10:46:42,10986.78,0,0,0,0,0,0
LMI250.BSE_IDX,01/07/2025,10:46:50,10987.24,0,0,0,0,0,0
LMI250.BSE_IDX,01/07/2025,10:46:58,10986.83,0,0,0,0,0,0
LMI250.BSE_IDX,01/07/2025,10:47:06,10987.11,0,0,0,0,0,0
LMI250.BSE_IDX,01/07/2025,10:47:14,10986.68,0,0,0,0,0,0
LMI250.BSE_IDX,01/07/2025,10:47:22,10986.36,0,0,0,0,0,0
LMI250.BSE_IDX,01/07/2025,10:47:30,10986.32,0,0,0,0,0,0
LMI250.BSE_IDX,01/07/2025,10:47:38,10986.78,0,0,0,0,0,0
LMI250.BSE_IDX,01/07/2025,10:47:46,10987.03,0,0,0,0,0,0
LMI250.BSE_IDX,01/07/2025,10:47:54,10987.83,0,0,0,0,0,0
LMI250.BSE_IDX,01/07/2025,10:48:02,10987.82,0,0,0,0,0,0
LMI250.BSE_IDX,01/07/2025,10:48:10,10987.64,0,0,0,0,0,0
LMI250.BSE_IDX,01/07/2025,10:48:18,10987.92,0,0,0,0,0,0
LMI250.BSE_IDX,01/07/2025,10:48:26,10988.6,0,0,0,0,0,0
LMI250.BSE_IDX,01/07/2025,10:48:34,10988.36,0,0,0,0,0,0
LMI250.BSE_IDX,01/07/2025,10:48:42,10988.46,0,0,0,0,0,0
LMI250.BSE_IDX,01/07/2025,10:48:50,10989.31,0,0,0,0,0,0
LMI250.BSE_IDX,01/07/2025,10:48:58,10988.97,0,0,0,0,0,0
LMI250.BSE_IDX,01/07/2025,10:49:06,10988.7,0,0,0,0,0,0
LMI250.BSE_IDX,01/07/2025,10:49:14,10987.44,0,0,0,0,0,0
LMI250.BSE_IDX,01/07/2025,10:49:22,10986.77,0,0,0,0,0,0
LMI250.BSE_IDX,01/07/2025,10:49:30,10986.42,0,0,0,0,0,0
LMI250.BSE_IDX,01/07/2025,10:49:38,10985.91,0,0,0,0,0,0
LMI250.BSE_IDX,01/07/2025,10:49:46,10986.12,0,0,0,0,0,0
LMI250.BSE_IDX,01/07/2025,10:49:54,10985.65,0,0,0,0,0,0
LMI250.BSE_IDX,01/07/2025,10:50:02,10985.52,0,0,0,0,0,0
LMI250.BSE_IDX,01/07/2025,10:50:10,10985,0,0,0,0,0,0
LMI250.BSE_IDX,01/07/2025,10:50:18,10985.06,0,0,0,0,0,0
LMI250.BSE_IDX,01/07/2025,10:50:26,10984.84,0,0,0,0,0,0
LMI250.BSE_IDX,01/07/2025,10:50:34,10985.58,0,0,0,0,0,0
LMI250.BSE_IDX,01/07/2025,10:50:42,10985.41,0,0,0,0,0,0
LMI250.BSE_IDX,01/07/2025,10:50:50,10985.06,0,0,0,0,0,0
LMI250.BSE_IDX,01/07/2025,10:50:58,10985.2,0,0,0,0,0,0
LMI250.BSE_IDX,01/07/2025,10:51:06,10984.91,0,0,0,0,0,0
LMI250.BSE_IDX,01/07/2025,10:51:14,10984.8,0,0,0,0,0,0
LMI250.BSE_IDX,01/07/2025,10:51:22,10984.44,0,0,0,0,0,0
LMI250.BSE_IDX,01/07/2025,10:51:30,10984.32,0,0,0,0,0,0
LMI250.BSE_IDX,01/07/2025,10:51:38,10984.46,0,0,0,0,0,0
LMI250.BSE_IDX,01/07/2025,10:51:46,10984.3,0,0,0,0,0,0
LMI250.BSE_IDX,01/07/2025,10:51:54,10983.38,0,0,0,0,0,0
LMI250.BSE_IDX,01/07/2025,10:52:02,10983.08,0,0,0,0,0,0
LMI250.BSE_IDX,01/07/2025,10:52:10,10983.13,0,0,0,0,0,0
LMI250.BSE_IDX,01/07/2025,10:52:18,10982.05,0,0,0,0,0,0
LMI250.BSE_IDX,01/07/2025,10:52:26,10981.14,0,0,0,0,0,0
LMI250.BSE_IDX,01/07/2025,10:52:34,10980.83,0,0,0,0,0,0
LMI250.BSE_IDX,01/07/2025,10:52:43,10979.53,0,0,0,0,0,0
LMI250.BSE_IDX,01/07/2025,10:52:50,10979.14,0,0,0,0,0,0
LMI250.BSE_IDX,01/07/2025,10:52:58,10978.45,0,0,0,0,0,0
LMI250.BSE_IDX,01/07/2025,10:53:06,10978.15,0,0,0,0,0,0
LMI250.BSE_IDX,01/07/2025,10:53:14,10977.95,0,0,0,0,0,0
LMI250.BSE_IDX,01/07/2025,10:53:22,10977.97,0,0,0,0,0,0
LMI250.BSE_IDX,01/07/2025,10:53:30,10978.56,0,0,0,0,0,0
LMI250.BSE_IDX,01/07/2025,10:53:38,10978.92,0,0,0,0,0,0
LMI250.BSE_IDX,01/07/2025,10:53:46,10979.27,0,0,0,0,0,0
LMI250.BSE_IDX,01/07/2025,10:53:54,10979.28,0,0,0,0,0,0
LMI250.BSE_IDX,01/07/2025,10:54:02,10979.78,0,0,0,0,0,0
LMI250.BSE_IDX,01/07/2025,10:54:10,10979.76,0,0,0,0,0,0
LMI250.BSE_IDX,01/07/2025,10:54:18,10979.85,0,0,0,0,0,0
LMI250.BSE_IDX,01/07/2025,10:54:26,10979.71,0,0,0,0,0,0
LMI250.BSE_IDX,01/07/2025,10:54:34,10980.43,0,0,0,0,0,0
LMI250.BSE_IDX,01/07/2025,10:54:42,10981.12,0,0,0,0,0,0
LMI250.BSE_IDX,01/07/2025,10:54:51,10981.41,0,0,0,0,0,0
LMI250.BSE_IDX,01/07/2025,10:54:58,10981.24,0,0,0,0,0,0
LMI250.BSE_IDX,01/07/2025,10:55:06,10981.28,0,0,0,0,0,0
LMI250.BSE_IDX,01/07/2025,10:55:14,10980.84,0,0,0,0,0,0
LMI250.BSE_IDX,01/07/2025,10:55:22,10980.91,0,0,0,0,0,0
LMI250.BSE_IDX,01/07/2025,10:55:30,10980.72,0,0,0,0,0,0
LMI250.BSE_IDX,01/07/2025,10:55:38,10980.61,0,0,0,0,0,0
LMI250.BSE_IDX,01/07/2025,10:55:46,10980.07,0,0,0,0,0,0
LMI250.BSE_IDX,01/07/2025,10:55:54,10979.9,0,0,0,0,0,0
LMI250.BSE_IDX,01/07/2025,10:56:02,10979.08,0,0,0,0,0,0
LMI250.BSE_IDX,01/07/2025,10:56:10,10978.91,0,0,0,0,0,0
LMI250.BSE_IDX,01/07/2025,10:56:18,10978.48,0,0,0,0,0,0
LMI250.BSE_IDX,01/07/2025,10:56:26,10977.9,0,0,0,0,0,0
LMI250.BSE_IDX,01/07/2025,10:56:34,10978.14,0,0,0,0,0,0
LMI250.BSE_IDX,01/07/2025,10:56:42,10977.9,0,0,0,0,0,0
LMI250.BSE_IDX,01/07/2025,10:56:50,10977.88,0,0,0,0,0,0
LMI250.BSE_IDX,01/07/2025,10:56:58,10977.06,0,0,0,0,0,0
LMI250.BSE_IDX,01/07/2025,10:57:06,10976.69,0,0,0,0,0,0
LMI250.BSE_IDX,01/07/2025,10:57:14,10976.29,0,0,0,0,0,0
LMI250.BSE_IDX,01/07/2025,10:57:22,10976.27,0,0,0,0,0,0
LMI250.BSE_IDX,01/07/2025,10:57:30,10976.02,0,0,0,0,0,0
LMI250.BSE_IDX,01/07/2025,10:57:39,10976.7,0,0,0,0,0,0
LMI250.BSE_IDX,01/07/2025,10:57:46,10976.92,0,0,0,0,0,0
LMI250.BSE_IDX,01/07/2025,10:57:54,10976.66,0,0,0,0,0,0
LMI250.BSE_IDX,01/07/2025,10:58:02,10976.54,0,0,0,0,0,0
LMI250.BSE_IDX,01/07/2025,10:58:10,10976.75,0,0,0,0,0,0
LMI250.BSE_IDX,01/07/2025,10:58:18,10975.9,0,0,0,0,0,0
LMI250.BSE_IDX,01/07/2025,10:58:26,10975.82,0,0,0,0,0,0
LMI250.BSE_IDX,01/07/2025,10:58:34,10976.18,0,0,0,0,0,0
LMI250.BSE_IDX,01/07/2025,10:58:42,10976.19,0,0,0,0,0,0
LMI250.BSE_IDX,01/07/2025,10:58:50,10976.98,0,0,0,0,0,0
LMI250.BSE_IDX,01/07/2025,10:58:58,10976.07,0,0,0,0,0,0
LMI250.BSE_IDX,01/07/2025,10:59:06,10975.86,0,0,0,0,0,0
LMI250.BSE_IDX,01/07/2025,10:59:14,10975.83,0,0,0,0,0,0
LMI250.BSE_IDX,01/07/2025,10:59:22,10975.71,0,0,0,0,0,0
LMI250.BSE_IDX,01/07/2025,10:59:30,10975.49,0,0,0,0,0,0
LMI250.BSE_IDX,01/07/2025,10:59:38,10974.91,0,0,0,0,0,0
LMI250.BSE_IDX,01/07/2025,10:59:47,10974.9,0,0,0,0,0,0
LMI250.BSE_IDX,01/07/2025,10:59:55,10974.85,0,0,0,0,0,0
LMI250.BSE_IDX,01/07/2025,11:00:03,10974.72,0,0,0,0,0,0
LMI250.BSE_IDX,01/07/2025,11:00:11,10974.16,0,0,0,0,0,0
LMI250.BSE_IDX,01/07/2025,11:00:18,10974.77,0,0,0,0,0,0
LMI250.BSE_IDX,01/07/2025,11:00:26,10974.91,0,0,0,0,0,0
LMI250.BSE_IDX,01/07/2025,11:00:34,10975.13,0,0,0,0,0,0
LMI250.BSE_IDX,01/07/2025,11:00:42,10974.77,0,0,0,0,0,0
LMI250.BSE_IDX,01/07/2025,11:00:50,10975.17,0,0,0,0,0,0
LMI250.BSE_IDX,01/07/2025,11:00:58,10975.33,0,0,0,0,0,0
LMI250.BSE_IDX,01/07/2025,11:01:06,10975.43,0,0,0,0,0,0
LMI250.BSE_IDX,01/07/2025,11:01:15,10975.75,0,0,0,0,0,0
LMI250.BSE_IDX,01/07/2025,11:01:22,10974.49,0,0,0,0,0,0
LMI250.BSE_IDX,01/07/2025,11:01:30,10974.59,0,0,0,0,0,0
LMI250.BSE_IDX,01/07/2025,11:01:38,10974.25,0,0,0,0,0,0
LMI250.BSE_IDX,01/07/2025,11:01:46,10973.37,0,0,0,0,0,0
LMI250.BSE_IDX,01/07/2025,11:01:54,10973.13,0,0,0,0,0,0
LMI250.BSE_IDX,01/07/2025,11:02:02,10973.86,0,0,0,0,0,0
LMI250.BSE_IDX,01/07/2025,11:02:10,10972.88,0,0,0,0,0,0
LMI250.BSE_IDX,01/07/2025,11:02:18,10973.16,0,0,0,0,0,0
LMI250.BSE_IDX,01/07/2025,11:02:27,10973.37,0,0,0,0,0,0
LMI250.BSE_IDX,01/07/2025,11:02:34,10973.53,0,0,0,0,0,0
LMI250.BSE_IDX,01/07/2025,11:02:42,10972.63,0,0,0,0,0,0
LMI250.BSE_IDX,01/07/2025,11:02:51,10972.87,0,0,0,0,0,0
LMI250.BSE_IDX,01/07/2025,11:02:58,10972.21,0,0,0,0,0,0
LMI250.BSE_IDX,01/07/2025,11:03:06,10971.8,0,0,0,0,0,0
LMI250.BSE_IDX,01/07/2025,11:03:14,10971.68,0,0,0,0,0,0
LMI250.BSE_IDX,01/07/2025,11:03:22,10971.56,0,0,0,0,0,0
LMI250.BSE_IDX,01/07/2025,11:03:31,10971.25,0,0,0,0,0,0
LMI250.BSE_IDX,01/07/2025,11:03:38,10971.38,0,0,0,0,0,0
LMI250.BSE_IDX,01/07/2025,11:03:46,10971.62,0,0,0,0,0,0
LMI250.BSE_IDX,01/07/2025,11:03:54,10971.41,0,0,0,0,0,0
LMI250.BSE_IDX,01/07/2025,11:04:02,10971.68,0,0,0,0,0,0
LMI250.BSE_IDX,01/07/2025,11:04:10,10971.14,0,0,0,0,0,0
LMI250.BSE_IDX,01/07/2025,11:04:18,10971.21,0,0,0,0,0,0
LMI250.BSE_IDX,01/07/2025,11:04:27,10971.1,0,0,0,0,0,0
LMI250.BSE_IDX,01/07/2025,11:04:34,10971.33,0,0,0,0,0,0
LMI250.BSE_IDX,01/07/2025,11:04:42,10971.1,0,0,0,0,0,0
LMI250.BSE_IDX,01/07/2025,11:04:51,10971.84,0,0,0,0,0,0
LMI250.BSE_IDX,01/07/2025,11:04:58,10971.93,0,0,0,0,0,0
LMI250.BSE_IDX,01/07/2025,11:05:06,10972.54,0,0,0,0,0,0
LMI250.BSE_IDX,01/07/2025,11:05:14,10972.99,0,0,0,0,0,0
LMI250.BSE_IDX,01/07/2025,11:05:22,10972.82,0,0,0,0,0,0
LMI250.BSE_IDX,01/07/2025,11:05:30,10973.35,0,0,0,0,0,0
LMI250.BSE_IDX,01/07/2025,11:05:38,10973.34,0,0,0,0,0,0
LMI250.BSE_IDX,01/07/2025,11:05:46,10973.57,0,0,0,0,0,0
LMI250.BSE_IDX,01/07/2025,11:05:54,10973.82,0,0,0,0,0,0
LMI250.BSE_IDX,01/07/2025,11:06:02,10973.94,0,0,0,0,0,0
LMI250.BSE_IDX,01/07/2025,11:06:11,10974.7,0,0,0,0,0,0
LMI250.BSE_IDX,01/07/2025,11:06:19,10975.77,0,0,0,0,0,0
LMI250.BSE_IDX,01/07/2025,11:06:26,10975.63,0,0,0,0,0,0
LMI250.BSE_IDX,01/07/2025,11:06:34,10974.89,0,0,0,0,0,0
LMI250.BSE_IDX,01/07/2025,11:06:42,10974.99,0,0,0,0,0,0
LMI250.BSE_IDX,01/07/2025,11:06:50,10975.58,0,0,0,0,0,0
LMI250.BSE_IDX,01/07/2025,11:06:58,10975.78,0,0,0,0,0,0
LMI250.BSE_IDX,01/07/2025,11:07:06,10975.86,0,0,0,0,0,0
LMI250.BSE_IDX,01/07/2025,11:07:15,10976.18,0,0,0,0,0,0
LMI250.BSE_IDX,01/07/2025,11:07:22,10976.18,0,0,0,0,0,0
LMI250.BSE_IDX,01/07/2025,11:07:30,10976.27,0,0,0,0,0,0
LMI250.BSE_IDX,01/07/2025,11:07:38,10976.42,0,0,0,0,0,0
LMI250.BSE_IDX,01/07/2025,11:07:46,10977.08,0,0,0,0,0,0
LMI250.BSE_IDX,01/07/2025,11:07:54,10977.59,0,0,0,0,0,0
LMI250.BSE_IDX,01/07/2025,11:08:02,10977.87,0,0,0,0,0,0
LMI250.BSE_IDX,01/07/2025,11:08:11,10977.62,0,0,0,0,0,0
LMI250.BSE_IDX,01/07/2025,11:08:18,10977.73,0,0,0,0,0,0
LMI250.BSE_IDX,01/07/2025,11:08:27,10978.16,0,0,0,0,0,0
LMI250.BSE_IDX,01/07/2025,11:08:35,10977.13,0,0,0,0,0,0
LMI250.BSE_IDX,01/07/2025,11:08:43,10977.5,0,0,0,0,0,0
LMI250.BSE_IDX,01/07/2025,11:08:51,10978.05,0,0,0,0,0,0
LMI250.BSE_IDX,01/07/2025,11:08:58,10978.5,0,0,0,0,0,0
LMI250.BSE_IDX,01/07/2025,11:09:07,10978.54,0,0,0,0,0,0
LMI250.BSE_IDX,01/07/2025,11:09:15,10977.34,0,0,0,0,0,0
LMI250.BSE_IDX,01/07/2025,11:09:23,10976.7,0,0,0,0,0,0
LMI250.BSE_IDX,01/07/2025,11:09:31,10977.31,0,0,0,0,0,0
LMI250.BSE_IDX,01/07/2025,11:09:39,10977.14,0,0,0,0,0,0
LMI250.BSE_IDX,01/07/2025,11:09:46,10977.86,0,0,0,0,0,0
LMI250.BSE_IDX,01/07/2025,11:09:55,10977.5,0,0,0,0,0,0
LMI250.BSE_IDX,01/07/2025,11:10:03,10977.8,0,0,0,0,0,0
LMI250.BSE_IDX,01/07/2025,11:10:11,10977.9,0,0,0,0,0,0
LMI250.BSE_IDX,01/07/2025,11:10:19,10977.53,0,0,0,0,0,0
LMI250.BSE_IDX,01/07/2025,11:10:27,10977.72,0,0,0,0,0,0
LMI250.BSE_IDX,01/07/2025,11:10:35,10978.21,0,0,0,0,0,0
LMI250.BSE_IDX,01/07/2025,11:10:43,10978.46,0,0,0,0,0,0
LMI250.BSE_IDX,01/07/2025,11:10:51,10978.42,0,0,0,0,0,0
LMI250.BSE_IDX,01/07/2025,11:10:59,10978.43,0,0,0,0,0,0
LMI250.BSE_IDX,01/07/2025,11:11:07,10979.02,0,0,0,0,0,0
LMI250.BSE_IDX,01/07/2025,11:11:15,10978.7,0,0,0,0,0,0
LMI250.BSE_IDX,01/07/2025,11:11:23,10978.56,0,0,0,0,0,0
LMI250.BSE_IDX,01/07/2025,11:11:31,10978.25,0,0,0,0,0,0
LMI250.BSE_IDX,01/07/2025,11:11:39,10978.07,0,0,0,0,0,0
LMI250.BSE_IDX,01/07/2025,11:11:47,10977.61,0,0,0,0,0,0
LMI250.BSE_IDX,01/07/2025,11:11:55,10977.8,0,0,0,0,0,0
LMI250.BSE_IDX,01/07/2025,11:12:03,10978.05,0,0,0,0,0,0
LMI250.BSE_IDX,01/07/2025,11:12:11,10978.33,0,0,0,0,0,0
LMI250.BSE_IDX,01/07/2025,11:12:19,10978.09,0,0,0,0,0,0
LMI250.BSE_IDX,01/07/2025,11:12:27,10977.95,0,0,0,0,0,0
LMI250.BSE_IDX,01/07/2025,11:12:35,10978.36,0,0,0,0,0,0
LMI250.BSE_IDX,01/07/2025,11:12:43,10977.73,0,0,0,0,0,0
LMI250.BSE_IDX,01/07/2025,11:12:51,10977.88,0,0,0,0,0,0
LMI250.BSE_IDX,01/07/2025,11:12:59,10977.97,0,0,0,0,0,0
LMI250.BSE_IDX,01/07/2025,11:13:07,10978.14,0,0,0,0,0,0
LMI250.BSE_IDX,01/07/2025,11:13:16,10977.9,0,0,0,0,0,0
LMI250.BSE_IDX,01/07/2025,11:13:23,10977.44,0,0,0,0,0,0
LMI250.BSE_IDX,01/07/2025,11:13:31,10977.39,0,0,0,0,0,0
LMI250.BSE_IDX,01/07/2025,11:13:39,10977.42,0,0,0,0,0,0
LMI250.BSE_IDX,01/07/2025,11:13:47,10977.99,0,0,0,0,0,0
LMI250.BSE_IDX,01/07/2025,11:13:55,10978.17,0,0,0,0,0,0
LMI250.BSE_IDX,01/07/2025,11:14:03,10978.67,0,0,0,0,0,0
LMI250.BSE_IDX,01/07/2025,11:14:11,10977.96,0,0,0,0,0,0
LMI250.BSE_IDX,01/07/2025,11:14:19,10978.44,0,0,0,0,0,0
LMI250.BSE_IDX,01/07/2025,11:14:27,10979.09,0,0,0,0,0,0
LMI250.BSE_IDX,01/07/2025,11:14:35,10979.23,0,0,0,0,0,0
LMI250.BSE_IDX,01/07/2025,11:14:43,10979.41,0,0,0,0,0,0
LMI250.BSE_IDX,01/07/2025,11:14:51,10979.63,0,0,0,0,0,0
LMI250.BSE_IDX,01/07/2025,11:14:59,10979.78,0,0,0,0,0,0
LMI250.BSE_IDX,01/07/2025,11:15:07,10979.88,0,0,0,0,0,0
LMI250.BSE_IDX,01/07/2025,11:15:15,10979.9,0,0,0,0,0,0
LMI250.BSE_IDX,01/07/2025,11:15:23,10980.5,0,0,0,0,0,0
LMI250.BSE_IDX,01/07/2025,11:15:31,10979.58,0,0,0,0,0,0
LMI250.BSE_IDX,01/07/2025,11:15:39,10980.19,0,0,0,0,0,0
LMI250.BSE_IDX,01/07/2025,11:15:47,10980.32,0,0,0,0,0,0
LMI250.BSE_IDX,01/07/2025,11:15:56,10980.84,0,0,0,0,0,0
LMI250.BSE_IDX,01/07/2025,11:16:03,10980.11,0,0,0,0,0,0
LMI250.BSE_IDX,01/07/2025,11:16:11,10979.83,0,0,0,0,0,0
LMI250.BSE_IDX,01/07/2025,11:16:19,10979.81,0,0,0,0,0,0
LMI250.BSE_IDX,01/07/2025,11:16:27,10978.54,0,0,0,0,0,0
LMI250.BSE_IDX,01/07/2025,11:16:35,10978.23,0,0,0,0,0,0
LMI250.BSE_IDX,01/07/2025,11:16:43,10977.7,0,0,0,0,0,0
LMI250.BSE_IDX,01/07/2025,11:16:51,10977.78,0,0,0,0,0,0
LMI250.BSE_IDX,01/07/2025,11:16:59,10977.88,0,0,0,0,0,0
LMI250.BSE_IDX,01/07/2025,11:17:07,10977.91,0,0,0,0,0,0
LMI250.BSE_IDX,01/07/2025,11:17:15,10978.37,0,0,0,0,0,0
LMI250.BSE_IDX,01/07/2025,11:17:23,10979.28,0,0,0,0,0,0
LMI250.BSE_IDX,01/07/2025,11:17:31,10980.53,0,0,0,0,0,0
LMI250.BSE_IDX,01/07/2025,11:17:39,10981.21,0,0,0,0,0,0
LMI250.BSE_IDX,01/07/2025,11:17:47,10982.33,0,0,0,0,0,0
LMI250.BSE_IDX,01/07/2025,11:17:57,10982.66,0,0,0,0,0,0
LMI250.BSE_IDX,01/07/2025,11:18:03,10982.6,0,0,0,0,0,0
LMI250.BSE_IDX,01/07/2025,11:18:11,10982.41,0,0,0,0,0,0
LMI250.BSE_IDX,01/07/2025,11:18:19,10982.4,0,0,0,0,0,0
LMI250.BSE_IDX,01/07/2025,11:18:27,10982.69,0,0,0,0,0,0
LMI250.BSE_IDX,01/07/2025,11:18:35,10983.48,0,0,0,0,0,0
LMI250.BSE_IDX,01/07/2025,11:18:44,10983.41,0,0,0,0,0,0
LMI250.BSE_IDX,01/07/2025,11:18:51,10983.97,0,0,0,0,0,0
LMI250.BSE_IDX,01/07/2025,11:18:59,10982.97,0,0,0,0,0,0
LMI250.BSE_IDX,01/07/2025,11:19:08,10982.67,0,0,0,0,0,0
LMI250.BSE_IDX,01/07/2025,11:19:15,10982.84,0,0,0,0,0,0
LMI250.BSE_IDX,01/07/2025,11:19:23,10982.61,0,0,0,0,0,0
LMI250.BSE_IDX,01/07/2025,11:19:31,10981.98,0,0,0,0,0,0
LMI250.BSE_IDX,01/07/2025,11:19:39,10981.56,0,0,0,0,0,0
LMI250.BSE_IDX,01/07/2025,11:19:47,10981.18,0,0,0,0,0,0
LMI250.BSE_IDX,01/07/2025,11:19:55,10979.54,0,0,0,0,0,0
LMI250.BSE_IDX,01/07/2025,11:20:03,10979.52,0,0,0,0,0,0
LMI250.BSE_IDX,01/07/2025,11:20:11,10980.18,0,0,0,0,0,0
LMI250.BSE_IDX,01/07/2025,11:20:19,10980.19,0,0,0,0,0,0
LMI250.BSE_IDX,01/07/2025,11:20:27,10980.47,0,0,0,0,0,0
LMI250.BSE_IDX,01/07/2025,11:20:35,10980.87,0,0,0,0,0,0
LMI250.BSE_IDX,01/07/2025,11:20:43,10980.83,0,0,0,0,0,0
LMI250.BSE_IDX,01/07/2025,11:20:51,10980.79,0,0,0,0,0,0
LMI250.BSE_IDX,01/07/2025,11:20:59,10980.97,0,0,0,0,0,0
LMI250.BSE_IDX,01/07/2025,11:21:07,10980.75,0,0,0,0,0,0
LMI250.BSE_IDX,01/07/2025,11:21:15,10981.04,0,0,0,0,0,0
LMI250.BSE_IDX,01/07/2025,11:21:24,10981.25,0,0,0,0,0,0
LMI250.BSE_IDX,01/07/2025,11:21:31,10981.35,0,0,0,0,0,0
LMI250.BSE_IDX,01/07/2025,11:21:39,10980.63,0,0,0,0,0,0
LMI250.BSE_IDX,01/07/2025,11:21:47,10980.47,0,0,0,0,0,0
LMI250.BSE_IDX,01/07/2025,11:21:56,10980.74,0,0,0,0,0,0
LMI250.BSE_IDX,01/07/2025,11:22:03,10980.97,0,0,0,0,0,0
LMI250.BSE_IDX,01/07/2025,11:22:11,10980.72,0,0,0,0,0,0
LMI250.BSE_IDX,01/07/2025,11:22:19,10980.92,0,0,0,0,0,0
LMI250.BSE_IDX,01/07/2025,11:22:28,10980.83,0,0,0,0,0,0
LMI250.BSE_IDX,01/07/2025,11:22:35,10980.96,0,0,0,0,0,0
LMI250.BSE_IDX,01/07/2025,11:22:43,10980.68,0,0,0,0,0,0
LMI250.BSE_IDX,01/07/2025,11:22:51,10980.55,0,0,0,0,0,0
LMI250.BSE_IDX,01/07/2025,11:22:59,10980.7,0,0,0,0,0,0
LMI250.BSE_IDX,01/07/2025,11:23:07,10980.66,0,0,0,0,0,0
LMI250.BSE_IDX,01/07/2025,11:23:15,10981.25,0,0,0,0,0,0
LMI250.BSE_IDX,01/07/2025,11:23:23,10980.96,0,0,0,0,0,0
LMI250.BSE_IDX,01/07/2025,11:23:31,10980.66,0,0,0,0,0,0
LMI250.BSE_IDX,01/07/2025,11:23:39,10980.69,0,0,0,0,0,0
LMI250.BSE_IDX,01/07/2025,11:23:47,10980.88,0,0,0,0,0,0
LMI250.BSE_IDX,01/07/2025,11:23:55,10980.65,0,0,0,0,0,0
LMI250.BSE_IDX,01/07/2025,11:24:04,10980.09,0,0,0,0,0,0
LMI250.BSE_IDX,01/07/2025,11:24:11,10980.58,0,0,0,0,0,0
LMI250.BSE_IDX,01/07/2025,11:24:19,10980.29,0,0,0,0,0,0
LMI250.BSE_IDX,01/07/2025,11:24:27,10980.18,0,0,0,0,0,0
LMI250.BSE_IDX,01/07/2025,11:24:35,10979.57,0,0,0,0,0,0
LMI250.BSE_IDX,01/07/2025,11:24:43,10979.64,0,0,0,0,0,0
LMI250.BSE_IDX,01/07/2025,11:24:52,10979.25,0,0,0,0,0,0
LMI250.BSE_IDX,01/07/2025,11:25:00,10979.56,0,0,0,0,0,0
LMI250.BSE_IDX,01/07/2025,11:25:07,10979.92,0,0,0,0,0,0
LMI250.BSE_IDX,01/07/2025,11:25:15,10979.72,0,0,0,0,0,0
LMI250.BSE_IDX,01/07/2025,11:25:23,10979.32,0,0,0,0,0,0
LMI250.BSE_IDX,01/07/2025,11:25:31,10979.45,0,0,0,0,0,0
LMI250.BSE_IDX,01/07/2025,11:25:41,10979.16,0,0,0,0,0,0
LMI250.BSE_IDX,01/07/2025,11:25:47,10978.67,0,0,0,0,0,0
LMI250.BSE_IDX,01/07/2025,11:25:55,10978.5,0,0,0,0,0,0
LMI250.BSE_IDX,01/07/2025,11:26:03,10978.86,0,0,0,0,0,0
LMI250.BSE_IDX,01/07/2025,11:26:11,10978.4,0,0,0,0,0,0
LMI250.BSE_IDX,01/07/2025,11:26:19,10978.81,0,0,0,0,0,0
LMI250.BSE_IDX,01/07/2025,11:26:27,10978.73,0,0,0,0,0,0
LMI250.BSE_IDX,01/07/2025,11:26:35,10979.04,0,0,0,0,0,0
LMI250.BSE_IDX,01/07/2025,11:26:43,10979.02,0,0,0,0,0,0
LMI250.BSE_IDX,01/07/2025,11:26:51,10978.73,0,0,0,0,0,0
LMI250.BSE_IDX,01/07/2025,11:26:59,10979.24,0,0,0,0,0,0
LMI250.BSE_IDX,01/07/2025,11:27:07,10979.06,0,0,0,0,0,0
LMI250.BSE_IDX,01/07/2025,11:27:15,10979.34,0,0,0,0,0,0
LMI250.BSE_IDX,01/07/2025,11:27:23,10978.66,0,0,0,0,0,0
LMI250.BSE_IDX,01/07/2025,11:27:31,10979.13,0,0,0,0,0,0
LMI250.BSE_IDX,01/07/2025,11:27:39,10979.36,0,0,0,0,0,0
LMI250.BSE_IDX,01/07/2025,11:27:47,10979.2,0,0,0,0,0,0
LMI250.BSE_IDX,01/07/2025,11:27:55,10979.35,0,0,0,0,0,0
LMI250.BSE_IDX,01/07/2025,11:28:03,10979.35,0,0,0,0,0,0
LMI250.BSE_IDX,01/07/2025,11:28:11,10978.92,0,0,0,0,0,0
LMI250.BSE_IDX,01/07/2025,11:28:19,10978.35,0,0,0,0,0,0
LMI250.BSE_IDX,01/07/2025,11:28:27,10978.58,0,0,0,0,0,0
LMI250.BSE_IDX,01/07/2025,11:28:36,10979.54,0,0,0,0,0,0
LMI250.BSE_IDX,01/07/2025,11:28:43,10979.37,0,0,0,0,0,0
LMI250.BSE_IDX,01/07/2025,11:28:51,10979.57,0,0,0,0,0,0
LMI250.BSE_IDX,01/07/2025,11:28:59,10979.58,0,0,0,0,0,0
LMI250.BSE_IDX,01/07/2025,11:29:07,10979.53,0,0,0,0,0,0
LMI250.BSE_IDX,01/07/2025,11:29:16,10979.52,0,0,0,0,0,0
LMI250.BSE_IDX,01/07/2025,11:29:24,10979.25,0,0,0,0,0,0
LMI250.BSE_IDX,01/07/2025,11:29:31,10979.55,0,0,0,0,0,0
LMI250.BSE_IDX,01/07/2025,11:29:39,10980.06,0,0,0,0,0,0
LMI250.BSE_IDX,01/07/2025,11:29:47,10980.59,0,0,0,0,0,0
LMI250.BSE_IDX,01/07/2025,11:29:55,10980.73,0,0,0,0,0,0
LMI250.BSE_IDX,01/07/2025,11:30:03,10981.3,0,0,0,0,0,0
LMI250.BSE_IDX,01/07/2025,11:30:11,10980.96,0,0,0,0,0,0
LMI250.BSE_IDX,01/07/2025,11:30:19,10981.2,0,0,0,0,0,0
LMI250.BSE_IDX,01/07/2025,11:30:27,10981.31,0,0,0,0,0,0
LMI250.BSE_IDX,01/07/2025,11:30:35,10981.3,0,0,0,0,0,0
LMI250.BSE_IDX,01/07/2025,11:30:43,10981.9,0,0,0,0,0,0
LMI250.BSE_IDX,01/07/2025,11:30:51,10981.84,0,0,0,0,0,0
LMI250.BSE_IDX,01/07/2025,11:30:59,10981.65,0,0,0,0,0,0
LMI250.BSE_IDX,01/07/2025,11:31:07,10980.86,0,0,0,0,0,0
LMI250.BSE_IDX,01/07/2025,11:31:15,10980.33,0,0,0,0,0,0
LMI250.BSE_IDX,01/07/2025,11:31:23,10979.87,0,0,0,0,0,0
LMI250.BSE_IDX,01/07/2025,11:31:31,10979.7,0,0,0,0,0,0
LMI250.BSE_IDX,01/07/2025,11:31:39,10979.73,0,0,0,0,0,0
LMI250.BSE_IDX,01/07/2025,11:31:47,10979.92,0,0,0,0,0,0
LMI250.BSE_IDX,01/07/2025,11:31:55,10980,0,0,0,0,0,0
LMI250.BSE_IDX,01/07/2025,11:32:04,10979.71,0,0,0,0,0,0
LMI250.BSE_IDX,01/07/2025,11:32:11,10979.43,0,0,0,0,0,0
LMI250.BSE_IDX,01/07/2025,11:32:19,10979.91,0,0,0,0,0,0
LMI250.BSE_IDX,01/07/2025,11:32:27,10979.65,0,0,0,0,0,0
LMI250.BSE_IDX,01/07/2025,11:32:35,10979.76,0,0,0,0,0,0
LMI250.BSE_IDX,01/07/2025,11:32:43,10979.62,0,0,0,0,0,0
LMI250.BSE_IDX,01/07/2025,11:32:51,10978.92,0,0,0,0,0,0
LMI250.BSE_IDX,01/07/2025,11:32:59,10978.6,0,0,0,0,0,0
LMI250.BSE_IDX,01/07/2025,11:33:07,10977.98,0,0,0,0,0,0
LMI250.BSE_IDX,01/07/2025,11:33:15,10977.11,0,0,0,0,0,0
LMI250.BSE_IDX,01/07/2025,11:33:23,10977.43,0,0,0,0,0,0
LMI250.BSE_IDX,01/07/2025,11:33:31,10977.11,0,0,0,0,0,0
LMI250.BSE_IDX,01/07/2025,11:33:39,10977.55,0,0,0,0,0,0
LMI250.BSE_IDX,01/07/2025,11:33:47,10977,0,0,0,0,0,0
LMI250.BSE_IDX,01/07/2025,11:33:55,10977.11,0,0,0,0,0,0
LMI250.BSE_IDX,01/07/2025,11:34:03,10977.06,0,0,0,0,0,0
LMI250.BSE_IDX,01/07/2025,11:34:12,10976.6,0,0,0,0,0,0
LMI250.BSE_IDX,01/07/2025,11:34:19,10976.67,0,0,0,0,0,0
LMI250.BSE_IDX,01/07/2025,11:34:27,10976.29,0,0,0,0,0,0
LMI250.BSE_IDX,01/07/2025,11:34:35,10976.09,0,0,0,0,0,0
LMI250.BSE_IDX,01/07/2025,11:34:43,10976.49,0,0,0,0,0,0
LMI250.BSE_IDX,01/07/2025,11:34:51,10976.7,0,0,0,0,0,0
LMI250.BSE_IDX,01/07/2025,11:34:59,10976.34,0,0,0,0,0,0
LMI250.BSE_IDX,01/07/2025,11:35:07,10976.35,0,0,0,0,0,0
LMI250.BSE_IDX,01/07/2025,11:35:16,10976.36,0,0,0,0,0,0
LMI250.BSE_IDX,01/07/2025,11:35:23,10977.04,0,0,0,0,0,0
LMI250.BSE_IDX,01/07/2025,11:35:32,10976.67,0,0,0,0,0,0
LMI250.BSE_IDX,01/07/2025,11:35:39,10976.73,0,0,0,0,0,0
LMI250.BSE_IDX,01/07/2025,11:35:47,10976.95,0,0,0,0,0,0
LMI250.BSE_IDX,01/07/2025,11:35:55,10976.81,0,0,0,0,0,0
LMI250.BSE_IDX,01/07/2025,11:36:04,10976.72,0,0,0,0,0,0
LMI250.BSE_IDX,01/07/2025,11:36:11,10977.2,0,0,0,0,0,0
LMI250.BSE_IDX,01/07/2025,11:36:19,10976.7,0,0,0,0,0,0
LMI250.BSE_IDX,01/07/2025,11:36:28,10977.02,0,0,0,0,0,0
LMI250.BSE_IDX,01/07/2025,11:36:35,10976.48,0,0,0,0,0,0
LMI250.BSE_IDX,01/07/2025,11:36:43,10976.69,0,0,0,0,0,0
LMI250.BSE_IDX,01/07/2025,11:36:54,10977.15,0,0,0,0,0,0
LMI250.BSE_IDX,01/07/2025,11:36:59,10977.31,0,0,0,0,0,0
LMI250.BSE_IDX,01/07/2025,11:37:07,10977.34,0,0,0,0,0,0
LMI250.BSE_IDX,01/07/2025,11:37:15,10977.41,0,0,0,0,0,0
LMI250.BSE_IDX,01/07/2025,11:37:23,10977.13,0,0,0,0,0,0
LMI250.BSE_IDX,01/07/2025,11:37:31,10977.49,0,0,0,0,0,0
LMI250.BSE_IDX,01/07/2025,11:37:41,10976.95,0,0,0,0,0,0
LMI250.BSE_IDX,01/07/2025,11:37:47,10977.37,0,0,0,0,0,0
LMI250.BSE_IDX,01/07/2025,11:37:55,10977.93,0,0,0,0,0,0
LMI250.BSE_IDX,01/07/2025,11:38:03,10978.01,0,0,0,0,0,0
LMI250.BSE_IDX,01/07/2025,11:38:11,10977.64,0,0,0,0,0,0
LMI250.BSE_IDX,01/07/2025,11:38:20,10977.16,0,0,0,0,0,0
LMI250.BSE_IDX,01/07/2025,11:38:27,10977.45,0,0,0,0,0,0
LMI250.BSE_IDX,01/07/2025,11:38:35,10977.77,0,0,0,0,0,0
LMI250.BSE_IDX,01/07/2025,11:38:43,10977.49,0,0,0,0,0,0
LMI250.BSE_IDX,01/07/2025,11:38:51,10977.57,0,0,0,0,0,0
LMI250.BSE_IDX,01/07/2025,11:38:59,10977.3,0,0,0,0,0,0
LMI250.BSE_IDX,01/07/2025,11:39:07,10977.41,0,0,0,0,0,0
LMI250.BSE_IDX,01/07/2025,11:39:16,10977.78,0,0,0,0,0,0
LMI250.BSE_IDX,01/07/2025,11:39:23,10978.34,0,0,0,0,0,0
LMI250.BSE_IDX,01/07/2025,11:39:31,10978.6,0,0,0,0,0,0
LMI250.BSE_IDX,01/07/2025,11:39:39,10977.9,0,0,0,0,0,0
LMI250.BSE_IDX,01/07/2025,11:39:47,10978,0,0,0,0,0,0
LMI250.BSE_IDX,01/07/2025,11:39:55,10977.9,0,0,0,0,0,0
LMI250.BSE_IDX,01/07/2025,11:40:03,10978.55,0,0,0,0,0,0
LMI250.BSE_IDX,01/07/2025,11:40:11,10978.98,0,0,0,0,0,0
LMI250.BSE_IDX,01/07/2025,11:40:19,10978.75,0,0,0,0,0,0
LMI250.BSE_IDX,01/07/2025,11:40:27,10978.81,0,0,0,0,0,0
LMI250.BSE_IDX,01/07/2025,11:40:35,10978.59,0,0,0,0,0,0
LMI250.BSE_IDX,01/07/2025,11:40:43,10978.85,0,0,0,0,0,0
LMI250.BSE_IDX,01/07/2025,11:40:51,10978.6,0,0,0,0,0,0
LMI250.BSE_IDX,01/07/2025,11:41:00,10979.14,0,0,0,0,0,0
LMI250.BSE_IDX,01/07/2025,11:41:07,10978.89,0,0,0,0,0,0
LMI250.BSE_IDX,01/07/2025,11:41:15,10978.79,0,0,0,0,0,0
LMI250.BSE_IDX,01/07/2025,11:41:24,10979.16,0,0,0,0,0,0
LMI250.BSE_IDX,01/07/2025,11:41:32,10979.12,0,0,0,0,0,0
LMI250.BSE_IDX,01/07/2025,11:41:39,10979.66,0,0,0,0,0,0
LMI250.BSE_IDX,01/07/2025,11:41:48,10979.16,0,0,0,0,0,0
LMI250.BSE_IDX,01/07/2025,11:41:56,10978.59,0,0,0,0,0,0
LMI250.BSE_IDX,01/07/2025,11:42:04,10979.45,0,0,0,0,0,0
LMI250.BSE_IDX,01/07/2025,11:42:12,10979.47,0,0,0,0,0,0
LMI250.BSE_IDX,01/07/2025,11:42:20,10979.33,0,0,0,0,0,0
LMI250.BSE_IDX,01/07/2025,11:42:28,10979.49,0,0,0,0,0,0
LMI250.BSE_IDX,01/07/2025,11:42:36,10980.11,0,0,0,0,0,0
LMI250.BSE_IDX,01/07/2025,11:42:44,10980.42,0,0,0,0,0,0
LMI250.BSE_IDX,01/07/2025,11:42:52,10980.83,0,0,0,0,0,0
LMI250.BSE_IDX,01/07/2025,11:43:00,10980.6,0,0,0,0,0,0
LMI250.BSE_IDX,01/07/2025,11:43:08,10980.37,0,0,0,0,0,0
LMI250.BSE_IDX,01/07/2025,11:43:16,10980.88,0,0,0,0,0,0
LMI250.BSE_IDX,01/07/2025,11:43:24,10981.09,0,0,0,0,0,0
LMI250.BSE_IDX,01/07/2025,11:43:32,10980.68,0,0,0,0,0,0
LMI250.BSE_IDX,01/07/2025,11:43:40,10980.19,0,0,0,0,0,0
LMI250.BSE_IDX,01/07/2025,11:43:48,10980.32,0,0,0,0,0,0
LMI250.BSE_IDX,01/07/2025,11:43:56,10979.79,0,0,0,0,0,0
LMI250.BSE_IDX,01/07/2025,11:44:04,10980.21,0,0,0,0,0,0
LMI250.BSE_IDX,01/07/2025,11:44:12,10980.55,0,0,0,0,0,0
LMI250.BSE_IDX,01/07/2025,11:44:20,10980.44,0,0,0,0,0,0
LMI250.BSE_IDX,01/07/2025,11:44:28,10979.63,0,0,0,0,0,0
LMI250.BSE_IDX,01/07/2025,11:44:36,10977.7,0,0,0,0,0,0
LMI250.BSE_IDX,01/07/2025,11:44:44,10977.37,0,0,0,0,0,0
LMI250.BSE_IDX,01/07/2025,11:44:52,10976.74,0,0,0,0,0,0
LMI250.BSE_IDX,01/07/2025,11:45:00,10976.2,0,0,0,0,0,0
LMI250.BSE_IDX,01/07/2025,11:45:08,10977.66,0,0,0,0,0,0
LMI250.BSE_IDX,01/07/2025,11:45:16,10977.86,0,0,0,0,0,0
LMI250.BSE_IDX,01/07/2025,11:45:24,10978.46,0,0,0,0,0,0
LMI250.BSE_IDX,01/07/2025,11:45:32,10978.52,0,0,0,0,0,0
LMI250.BSE_IDX,01/07/2025,11:45:40,10979.52,0,0,0,0,0,0
LMI250.BSE_IDX,01/07/2025,11:45:48,10979.53,0,0,0,0,0,0
LMI250.BSE_IDX,01/07/2025,11:45:56,10980.31,0,0,0,0,0,0
LMI250.BSE_IDX,01/07/2025,11:46:04,10982.01,0,0,0,0,0,0
LMI250.BSE_IDX,01/07/2025,11:46:12,10983.08,0,0,0,0,0,0
LMI250.BSE_IDX,01/07/2025,11:46:20,10982.16,0,0,0,0,0,0
LMI250.BSE_IDX,01/07/2025,11:46:28,10981.73,0,0,0,0,0,0
LMI250.BSE_IDX,01/07/2025,11:46:36,10981.8,0,0,0,0,0,0
LMI250.BSE_IDX,01/07/2025,11:46:44,10981.39,0,0,0,0,0,0
LMI250.BSE_IDX,01/07/2025,11:46:52,10981.61,0,0,0,0,0,0
LMI250.BSE_IDX,01/07/2025,11:47:00,10981.23,0,0,0,0,0,0
LMI250.BSE_IDX,01/07/2025,11:47:08,10981.08,0,0,0,0,0,0
LMI250.BSE_IDX,01/07/2025,11:47:16,10979.95,0,0,0,0,0,0
LMI250.BSE_IDX,01/07/2025,11:47:24,10979.58,0,0,0,0,0,0
LMI250.BSE_IDX,01/07/2025,11:47:32,10979.67,0,0,0,0,0,0
LMI250.BSE_IDX,01/07/2025,11:47:40,10979.79,0,0,0,0,0,0
LMI250.BSE_IDX,01/07/2025,11:47:48,10979.74,0,0,0,0,0,0
LMI250.BSE_IDX,01/07/2025,11:47:56,10978.58,0,0,0,0,0,0
LMI250.BSE_IDX,01/07/2025,11:48:04,10978.52,0,0,0,0,0,0
LMI250.BSE_IDX,01/07/2025,11:48:12,10978.67,0,0,0,0,0,0
LMI250.BSE_IDX,01/07/2025,11:48:20,10979.37,0,0,0,0,0,0
LMI250.BSE_IDX,01/07/2025,11:48:28,10979.56,0,0,0,0,0,0
LMI250.BSE_IDX,01/07/2025,11:48:36,10979.35,0,0,0,0,0,0
LMI250.BSE_IDX,01/07/2025,11:48:44,10979.84,0,0,0,0,0,0
LMI250.BSE_IDX,01/07/2025,11:48:52,10979.85,0,0,0,0,0,0
LMI250.BSE_IDX,01/07/2025,11:49:01,10979.65,0,0,0,0,0,0
LMI250.BSE_IDX,01/07/2025,11:49:09,10979.56,0,0,0,0,0,0
LMI250.BSE_IDX,01/07/2025,11:49:16,10979.74,0,0,0,0,0,0
LMI250.BSE_IDX,01/07/2025,11:49:24,10979.55,0,0,0,0,0,0
LMI250.BSE_IDX,01/07/2025,11:49:32,10979.5,0,0,0,0,0,0
LMI250.BSE_IDX,01/07/2025,11:49:40,10979.49,0,0,0,0,0,0
LMI250.BSE_IDX,01/07/2025,11:49:49,10978.78,0,0,0,0,0,0
LMI250.BSE_IDX,01/07/2025,11:49:56,10978.83,0,0,0,0,0,0
LMI250.BSE_IDX,01/07/2025,11:50:04,10978.9,0,0,0,0,0,0
LMI250.BSE_IDX,01/07/2025,11:50:12,10978.32,0,0,0,0,0,0
LMI250.BSE_IDX,01/07/2025,11:50:20,10978.05,0,0,0,0,0,0
LMI250.BSE_IDX,01/07/2025,11:50:28,10978.38,0,0,0,0,0,0
LMI250.BSE_IDX,01/07/2025,11:50:36,10978.39,0,0,0,0,0,0
LMI250.BSE_IDX,01/07/2025,11:50:44,10978.24,0,0,0,0,0,0
LMI250.BSE_IDX,01/07/2025,11:50:52,10978.17,0,0,0,0,0,0
LMI250.BSE_IDX,01/07/2025,11:51:00,10978.1,0,0,0,0,0,0
LMI250.BSE_IDX,01/07/2025,11:51:08,10978.67,0,0,0,0,0,0
LMI250.BSE_IDX,01/07/2025,11:51:16,10978.63,0,0,0,0,0,0
LMI250.BSE_IDX,01/07/2025,11:51:24,10977.72,0,0,0,0,0,0
LMI250.BSE_IDX,01/07/2025,11:51:32,10977.89,0,0,0,0,0,0
LMI250.BSE_IDX,01/07/2025,11:51:40,10978.11,0,0,0,0,0,0
LMI250.BSE_IDX,01/07/2025,11:51:48,10978.44,0,0,0,0,0,0
LMI250.BSE_IDX,01/07/2025,11:51:56,10978.44,0,0,0,0,0,0
LMI250.BSE_IDX,01/07/2025,11:52:04,10978.37,0,0,0,0,0,0
LMI250.BSE_IDX,01/07/2025,11:52:12,10977.71,0,0,0,0,0,0
LMI250.BSE_IDX,01/07/2025,11:52:20,10977.7,0,0,0,0,0,0
LMI250.BSE_IDX,01/07/2025,11:52:28,10978.12,0,0,0,0,0,0
LMI250.BSE_IDX,01/07/2025,11:52:36,10977.74,0,0,0,0,0,0
LMI250.BSE_IDX,01/07/2025,11:52:44,10977.46,0,0,0,0,0,0
LMI250.BSE_IDX,01/07/2025,11:52:52,10977.23,0,0,0,0,0,0
LMI250.BSE_IDX,01/07/2025,11:53:00,10976.42,0,0,0,0,0,0
LMI250.BSE_IDX,01/07/2025,11:53:08,10976,0,0,0,0,0,0
LMI250.BSE_IDX,01/07/2025,11:53:16,10975.47,0,0,0,0,0,0
LMI250.BSE_IDX,01/07/2025,11:53:24,10975.11,0,0,0,0,0,0
LMI250.BSE_IDX,01/07/2025,11:53:32,10974.94,0,0,0,0,0,0
LMI250.BSE_IDX,01/07/2025,11:53:40,10975.33,0,0,0,0,0,0
LMI250.BSE_IDX,01/07/2025,11:53:48,10974.9,0,0,0,0,0,0
LMI250.BSE_IDX,01/07/2025,11:53:56,10974.47,0,0,0,0,0,0
LMI250.BSE_IDX,01/07/2025,11:54:04,10973.78,0,0,0,0,0,0
LMI250.BSE_IDX,01/07/2025,11:54:12,10972.47,0,0,0,0,0,0
LMI250.BSE_IDX,01/07/2025,11:54:20,10972.33,0,0,0,0,0,0
LMI250.BSE_IDX,01/07/2025,11:54:28,10972.51,0,0,0,0,0,0
LMI250.BSE_IDX,01/07/2025,11:54:36,10972.4,0,0,0,0,0,0
LMI250.BSE_IDX,01/07/2025,11:54:44,10972.28,0,0,0,0,0,0
LMI250.BSE_IDX,01/07/2025,11:54:52,10972.04,0,0,0,0,0,0
LMI250.BSE_IDX,01/07/2025,11:55:00,10972.01,0,0,0,0,0,0
LMI250.BSE_IDX,01/07/2025,11:55:08,10972.33,0,0,0,0,0,0
LMI250.BSE_IDX,01/07/2025,11:55:17,10972.06,0,0,0,0,0,0
LMI250.BSE_IDX,01/07/2025,11:55:24,10972.16,0,0,0,0,0,0
LMI250.BSE_IDX,01/07/2025,11:55:32,10971.97,0,0,0,0,0,0
LMI250.BSE_IDX,01/07/2025,11:55:40,10972.07,0,0,0,0,0,0
LMI250.BSE_IDX,01/07/2025,11:55:48,10971.61,0,0,0,0,0,0
LMI250.BSE_IDX,01/07/2025,11:55:56,10971.83,0,0,0,0,0,0
LMI250.BSE_IDX,01/07/2025,11:56:05,10971.89,0,0,0,0,0,0
LMI250.BSE_IDX,01/07/2025,11:56:12,10971.3,0,0,0,0,0,0
LMI250.BSE_IDX,01/07/2025,11:56:20,10969.12,0,0,0,0,0,0
LMI250.BSE_IDX,01/07/2025,11:56:28,10968.37,0,0,0,0,0,0
LMI250.BSE_IDX,01/07/2025,11:56:36,10968.49,0,0,0,0,0,0
LMI250.BSE_IDX,01/07/2025,11:56:44,10969.81,0,0,0,0,0,0
LMI250.BSE_IDX,01/07/2025,11:56:52,10968.79,0,0,0,0,0,0
LMI250.BSE_IDX,01/07/2025,11:57:00,10968.77,0,0,0,0,0,0
LMI250.BSE_IDX,01/07/2025,11:57:08,10968.28,0,0,0,0,0,0
LMI250.BSE_IDX,01/07/2025,11:57:16,10968.61,0,0,0,0,0,0
LMI250.BSE_IDX,01/07/2025,11:57:24,10968.92,0,0,0,0,0,0
LMI250.BSE_IDX,01/07/2025,11:57:32,10968.89,0,0,0,0,0,0
LMI250.BSE_IDX,01/07/2025,11:57:40,10968.7,0,0,0,0,0,0
LMI250.BSE_IDX,01/07/2025,11:57:48,10968.84,0,0,0,0,0,0
LMI250.BSE_IDX,01/07/2025,11:57:56,10968.82,0,0,0,0,0,0
LMI250.BSE_IDX,01/07/2025,11:58:04,10968.77,0,0,0,0,0,0
LMI250.BSE_IDX,01/07/2025,11:58:12,10968.79,0,0,0,0,0,0
LMI250.BSE_IDX,01/07/2025,11:58:20,10968.72,0,0,0,0,0,0
LMI250.BSE_IDX,01/07/2025,11:58:28,10968.54,0,0,0,0,0,0
LMI250.BSE_IDX,01/07/2025,11:58:36,10969.08,0,0,0,0,0,0
LMI250.BSE_IDX,01/07/2025,11:58:44,10969.68,0,0,0,0,0,0
LMI250.BSE_IDX,01/07/2025,11:58:52,10969.91,0,0,0,0,0,0
LMI250.BSE_IDX,01/07/2025,11:59:00,10969.56,0,0,0,0,0,0
LMI250.BSE_IDX,01/07/2025,11:59:08,10970.13,0,0,0,0,0,0
LMI250.BSE_IDX,01/07/2025,11:59:16,10970.21,0,0,0,0,0,0
LMI250.BSE_IDX,01/07/2025,11:59:24,10970.86,0,0,0,0,0,0
LMI250.BSE_IDX,01/07/2025,11:59:32,10971.78,0,0,0,0,0,0
LMI250.BSE_IDX,01/07/2025,11:59:40,10972.14,0,0,0,0,0,0
LMI250.BSE_IDX,01/07/2025,11:59:48,10972.56,0,0,0,0,0,0
LMI250.BSE_IDX,01/07/2025,11:59:56,10972.68,0,0,0,0,0,0
LMI250.BSE_IDX,01/07/2025,12:00:05,10973.04,0,0,0,0,0,0
LMI250.BSE_IDX,01/07/2025,12:00:12,10972.83,0,0,0,0,0,0
LMI250.BSE_IDX,01/07/2025,12:00:20,10972.14,0,0,0,0,0,0
LMI250.BSE_IDX,01/07/2025,12:00:28,10971.82,0,0,0,0,0,0
LMI250.BSE_IDX,01/07/2025,12:00:37,10971.72,0,0,0,0,0,0
LMI250.BSE_IDX,01/07/2025,12:00:44,10971.3,0,0,0,0,0,0
LMI250.BSE_IDX,01/07/2025,12:00:52,10971.52,0,0,0,0,0,0
LMI250.BSE_IDX,01/07/2025,12:01:00,10971.61,0,0,0,0,0,0
LMI250.BSE_IDX,01/07/2025,12:01:08,10971.59,0,0,0,0,0,0
LMI250.BSE_IDX,01/07/2025,12:01:16,10971.88,0,0,0,0,0,0
LMI250.BSE_IDX,01/07/2025,12:01:24,10972.21,0,0,0,0,0,0
LMI250.BSE_IDX,01/07/2025,12:01:32,10972.28,0,0,0,0,0,0
LMI250.BSE_IDX,01/07/2025,12:01:40,10972.35,0,0,0,0,0,0
LMI250.BSE_IDX,01/07/2025,12:01:48,10972.15,0,0,0,0,0,0
LMI250.BSE_IDX,01/07/2025,12:01:57,10971.91,0,0,0,0,0,0
LMI250.BSE_IDX,01/07/2025,12:02:04,10972.18,0,0,0,0,0,0
LMI250.BSE_IDX,01/07/2025,12:02:12,10972.41,0,0,0,0,0,0
LMI250.BSE_IDX,01/07/2025,12:02:20,10972.21,0,0,0,0,0,0
LMI250.BSE_IDX,01/07/2025,12:02:28,10971.67,0,0,0,0,0,0
LMI250.BSE_IDX,01/07/2025,12:02:36,10971.93,0,0,0,0,0,0
LMI250.BSE_IDX,01/07/2025,12:02:44,10972.03,0,0,0,0,0,0
LMI250.BSE_IDX,01/07/2025,12:02:52,10972.56,0,0,0,0,0,0
LMI250.BSE_IDX,01/07/2025,12:03:00,10972.43,0,0,0,0,0,0
LMI250.BSE_IDX,01/07/2025,12:03:08,10972.14,0,0,0,0,0,0
LMI250.BSE_IDX,01/07/2025,12:03:17,10972.27,0,0,0,0,0,0
LMI250.BSE_IDX,01/07/2025,12:03:24,10972.19,0,0,0,0,0,0
LMI250.BSE_IDX,01/07/2025,12:03:32,10972.57,0,0,0,0,0,0
LMI250.BSE_IDX,01/07/2025,12:03:40,10972.7,0,0,0,0,0,0
LMI250.BSE_IDX,01/07/2025,12:03:48,10972.35,0,0,0,0,0,0
LMI250.BSE_IDX,01/07/2025,12:03:56,10972.13,0,0,0,0,0,0
LMI250.BSE_IDX,01/07/2025,12:04:04,10972.34,0,0,0,0,0,0
LMI250.BSE_IDX,01/07/2025,12:04:12,10972.31,0,0,0,0,0,0
LMI250.BSE_IDX,01/07/2025,12:04:20,10972.12,0,0,0,0,0,0
LMI250.BSE_IDX,01/07/2025,12:04:28,10972.73,0,0,0,0,0,0
LMI250.BSE_IDX,01/07/2025,12:04:36,10973,0,0,0,0,0,0
LMI250.BSE_IDX,01/07/2025,12:04:44,10972.89,0,0,0,0,0,0
LMI250.BSE_IDX,01/07/2025,12:04:52,10972.59,0,0,0,0,0,0
LMI250.BSE_IDX,01/07/2025,12:05:01,10972.36,0,0,0,0,0,0
LMI250.BSE_IDX,01/07/2025,12:05:08,10972.43,0,0,0,0,0,0
LMI250.BSE_IDX,01/07/2025,12:05:16,10972.84,0,0,0,0,0,0
LMI250.BSE_IDX,01/07/2025,12:05:24,10972.38,0,0,0,0,0,0
LMI250.BSE_IDX,01/07/2025,12:05:32,10971.87,0,0,0,0,0,0
LMI250.BSE_IDX,01/07/2025,12:05:40,10972.22,0,0,0,0,0,0
LMI250.BSE_IDX,01/07/2025,12:05:48,10971.42,0,0,0,0,0,0
LMI250.BSE_IDX,01/07/2025,12:05:56,10972.1,0,0,0,0,0,0
LMI250.BSE_IDX,01/07/2025,12:06:04,10972.38,0,0,0,0,0,0
LMI250.BSE_IDX,01/07/2025,12:06:12,10972.75,0,0,0,0,0,0
LMI250.BSE_IDX,01/07/2025,12:06:20,10972.9,0,0,0,0,0,0
LMI250.BSE_IDX,01/07/2025,12:06:28,10972.48,0,0,0,0,0,0
LMI250.BSE_IDX,01/07/2025,12:06:36,10971.99,0,0,0,0,0,0
LMI250.BSE_IDX,01/07/2025,12:06:44,10972.36,0,0,0,0,0,0
LMI250.BSE_IDX,01/07/2025,12:06:53,10972.02,0,0,0,0,0,0
LMI250.BSE_IDX,01/07/2025,12:07:00,10971.48,0,0,0,0,0,0
LMI250.BSE_IDX,01/07/2025,12:07:08,10971.58,0,0,0,0,0,0
LMI250.BSE_IDX,01/07/2025,12:07:16,10971.7,0,0,0,0,0,0
LMI250.BSE_IDX,01/07/2025,12:07:24,10971.37,0,0,0,0,0,0
LMI250.BSE_IDX,01/07/2025,12:07:32,10971.09,0,0,0,0,0,0
LMI250.BSE_IDX,01/07/2025,12:07:40,10971.09,0,0,0,0,0,0
LMI250.BSE_IDX,01/07/2025,12:07:48,10971.47,0,0,0,0,0,0
LMI250.BSE_IDX,01/07/2025,12:07:56,10971.02,0,0,0,0,0,0
LMI250.BSE_IDX,01/07/2025,12:08:04,10971.31,0,0,0,0,0,0
LMI250.BSE_IDX,01/07/2025,12:08:12,10971.34,0,0,0,0,0,0
LMI250.BSE_IDX,01/07/2025,12:08:20,10970.67,0,0,0,0,0,0
LMI250.BSE_IDX,01/07/2025,12:08:28,10970.53,0,0,0,0,0,0
LMI250.BSE_IDX,01/07/2025,12:08:36,10970.42,0,0,0,0,0,0
LMI250.BSE_IDX,01/07/2025,12:08:44,10970.83,0,0,0,0,0,0
LMI250.BSE_IDX,01/07/2025,12:08:52,10971.52,0,0,0,0,0,0
LMI250.BSE_IDX,01/07/2025,12:09:00,10971.49,0,0,0,0,0,0
LMI250.BSE_IDX,01/07/2025,12:09:08,10971.49,0,0,0,0,0,0
LMI250.BSE_IDX,01/07/2025,12:09:16,10972,0,0,0,0,0,0
LMI250.BSE_IDX,01/07/2025,12:09:25,10971.66,0,0,0,0,0,0
LMI250.BSE_IDX,01/07/2025,12:09:32,10971.89,0,0,0,0,0,0
LMI250.BSE_IDX,01/07/2025,12:09:40,10972.56,0,0,0,0,0,0
LMI250.BSE_IDX,01/07/2025,12:09:48,10972.43,0,0,0,0,0,0
LMI250.BSE_IDX,01/07/2025,12:09:57,10972.72,0,0,0,0,0,0
LMI250.BSE_IDX,01/07/2025,12:10:05,10972.27,0,0,0,0,0,0
LMI250.BSE_IDX,01/07/2025,12:10:13,10971.93,0,0,0,0,0,0
LMI250.BSE_IDX,01/07/2025,12:10:22,10972.77,0,0,0,0,0,0
LMI250.BSE_IDX,01/07/2025,12:10:28,10972.79,0,0,0,0,0,0
LMI250.BSE_IDX,01/07/2025,12:10:36,10972.5,0,0,0,0,0,0
LMI250.BSE_IDX,01/07/2025,12:10:45,10972.27,0,0,0,0,0,0
LMI250.BSE_IDX,01/07/2025,12:10:52,10972.54,0,0,0,0,0,0
LMI250.BSE_IDX,01/07/2025,12:11:00,10972.48,0,0,0,0,0,0
LMI250.BSE_IDX,01/07/2025,12:11:08,10972.72,0,0,0,0,0,0
LMI250.BSE_IDX,01/07/2025,12:11:17,10972.73,0,0,0,0,0,0
LMI250.BSE_IDX,01/07/2025,12:11:24,10972.95,0,0,0,0,0,0
LMI250.BSE_IDX,01/07/2025,12:11:32,10972.74,0,0,0,0,0,0
LMI250.BSE_IDX,01/07/2025,12:11:40,10973.03,0,0,0,0,0,0
LMI250.BSE_IDX,01/07/2025,12:11:49,10974.1,0,0,0,0,0,0
LMI250.BSE_IDX,01/07/2025,12:11:57,10974.62,0,0,0,0,0,0
LMI250.BSE_IDX,01/07/2025,12:12:05,10975.05,0,0,0,0,0,0
LMI250.BSE_IDX,01/07/2025,12:12:13,10975.42,0,0,0,0,0,0
LMI250.BSE_IDX,01/07/2025,12:12:21,10975.97,0,0,0,0,0,0
LMI250.BSE_IDX,01/07/2025,12:12:29,10975.78,0,0,0,0,0,0
LMI250.BSE_IDX,01/07/2025,12:12:37,10976.22,0,0,0,0,0,0
LMI250.BSE_IDX,01/07/2025,12:12:45,10976.15,0,0,0,0,0,0
LMI250.BSE_IDX,01/07/2025,12:12:53,10975.5,0,0,0,0,0,0
LMI250.BSE_IDX,01/07/2025,12:13:01,10975.87,0,0,0,0,0,0
LMI250.BSE_IDX,01/07/2025,12:13:09,10976.05,0,0,0,0,0,0
LMI250.BSE_IDX,01/07/2025,12:13:17,10976.12,0,0,0,0,0,0
LMI250.BSE_IDX,01/07/2025,12:13:25,10976.29,0,0,0,0,0,0
LMI250.BSE_IDX,01/07/2025,12:13:33,10976.54,0,0,0,0,0,0
LMI250.BSE_IDX,01/07/2025,12:13:41,10977.07,0,0,0,0,0,0
LMI250.BSE_IDX,01/07/2025,12:13:49,10976.59,0,0,0,0,0,0
LMI250.BSE_IDX,01/07/2025,12:13:57,10976.56,0,0,0,0,0,0
LMI250.BSE_IDX,01/07/2025,12:14:05,10976.64,0,0,0,0,0,0
LMI250.BSE_IDX,01/07/2025,12:14:13,10976.65,0,0,0,0,0,0
LMI250.BSE_IDX,01/07/2025,12:14:21,10977.05,0,0,0,0,0,0
LMI250.BSE_IDX,01/07/2025,12:14:29,10977.01,0,0,0,0,0,0
LMI250.BSE_IDX,01/07/2025,12:14:37,10976.94,0,0,0,0,0,0
LMI250.BSE_IDX,01/07/2025,12:14:46,10977.2,0,0,0,0,0,0
LMI250.BSE_IDX,01/07/2025,12:14:54,10976.78,0,0,0,0,0,0
LMI250.BSE_IDX,01/07/2025,12:15:01,10976.8,0,0,0,0,0,0
LMI250.BSE_IDX,01/07/2025,12:15:09,10976.93,0,0,0,0,0,0
LMI250.BSE_IDX,01/07/2025,12:15:17,10977.48,0,0,0,0,0,0
LMI250.BSE_IDX,01/07/2025,12:15:25,10977.56,0,0,0,0,0,0
LMI250.BSE_IDX,01/07/2025,12:15:33,10977.4,0,0,0,0,0,0
LMI250.BSE_IDX,01/07/2025,12:15:41,10977.22,0,0,0,0,0,0
LMI250.BSE_IDX,01/07/2025,12:15:49,10976.96,0,0,0,0,0,0
LMI250.BSE_IDX,01/07/2025,12:15:57,10977.52,0,0,0,0,0,0
LMI250.BSE_IDX,01/07/2025,12:16:05,10977.41,0,0,0,0,0,0
LMI250.BSE_IDX,01/07/2025,12:16:13,10977.69,0,0,0,0,0,0
LMI250.BSE_IDX,01/07/2025,12:16:21,10978.09,0,0,0,0,0,0
LMI250.BSE_IDX,01/07/2025,12:16:29,10978.65,0,0,0,0,0,0
LMI250.BSE_IDX,01/07/2025,12:16:37,10978.99,0,0,0,0,0,0
LMI250.BSE_IDX,01/07/2025,12:16:45,10978.72,0,0,0,0,0,0
LMI250.BSE_IDX,01/07/2025,12:16:53,10977.94,0,0,0,0,0,0
LMI250.BSE_IDX,01/07/2025,12:17:01,10977.74,0,0,0,0,0,0
LMI250.BSE_IDX,01/07/2025,12:17:09,10978.15,0,0,0,0,0,0
LMI250.BSE_IDX,01/07/2025,12:17:17,10978.85,0,0,0,0,0,0
LMI250.BSE_IDX,01/07/2025,12:17:25,10978.13,0,0,0,0,0,0
LMI250.BSE_IDX,01/07/2025,12:17:33,10978.68,0,0,0,0,0,0
LMI250.BSE_IDX,01/07/2025,12:17:41,10978.56,0,0,0,0,0,0
LMI250.BSE_IDX,01/07/2025,12:17:49,10978.76,0,0,0,0,0,0
LMI250.BSE_IDX,01/07/2025,12:17:57,10978.92,0,0,0,0,0,0
LMI250.BSE_IDX,01/07/2025,12:18:05,10979.51,0,0,0,0,0,0
LMI250.BSE_IDX,01/07/2025,12:18:13,10979.65,0,0,0,0,0,0
LMI250.BSE_IDX,01/07/2025,12:18:21,10979.49,0,0,0,0,0,0
LMI250.BSE_IDX,01/07/2025,12:18:29,10979.85,0,0,0,0,0,0
LMI250.BSE_IDX,01/07/2025,12:18:37,10979.9,0,0,0,0,0,0
LMI250.BSE_IDX,01/07/2025,12:18:45,10980.21,0,0,0,0,0,0
LMI250.BSE_IDX,01/07/2025,12:18:53,10980.42,0,0,0,0,0,0
LMI250.BSE_IDX,01/07/2025,12:19:01,10981.06,0,0,0,0,0,0
LMI250.BSE_IDX,01/07/2025,12:19:09,10981.54,0,0,0,0,0,0
LMI250.BSE_IDX,01/07/2025,12:19:17,10981.41,0,0,0,0,0,0
LMI250.BSE_IDX,01/07/2025,12:19:25,10981.83,0,0,0,0,0,0
LMI250.BSE_IDX,01/07/2025,12:19:33,10982.27,0,0,0,0,0,0
LMI250.BSE_IDX,01/07/2025,12:19:41,10982.96,0,0,0,0,0,0
LMI250.BSE_IDX,01/07/2025,12:19:49,10983.46,0,0,0,0,0,0
LMI250.BSE_IDX,01/07/2025,12:19:57,10983.61,0,0,0,0,0,0
LMI250.BSE_IDX,01/07/2025,12:20:05,10984.26,0,0,0,0,0,0
LMI250.BSE_IDX,01/07/2025,12:20:13,10983.69,0,0,0,0,0,0
LMI250.BSE_IDX,01/07/2025,12:20:21,10985.08,0,0,0,0,0,0
LMI250.BSE_IDX,01/07/2025,12:20:29,10986.5,0,0,0,0,0,0
LMI250.BSE_IDX,01/07/2025,12:20:37,10986.9,0,0,0,0,0,0
LMI250.BSE_IDX,01/07/2025,12:20:45,10986.05,0,0,0,0,0,0
LMI250.BSE_IDX,01/07/2025,12:20:53,10986.56,0,0,0,0,0,0
LMI250.BSE_IDX,01/07/2025,12:21:01,10986.55,0,0,0,0,0,0
LMI250.BSE_IDX,01/07/2025,12:21:09,10986.49,0,0,0,0,0,0
LMI250.BSE_IDX,01/07/2025,12:21:17,10985.5,0,0,0,0,0,0
LMI250.BSE_IDX,01/07/2025,12:21:25,10985.71,0,0,0,0,0,0
LMI250.BSE_IDX,01/07/2025,12:21:33,10985.88,0,0,0,0,0,0
LMI250.BSE_IDX,01/07/2025,12:21:41,10986.87,0,0,0,0,0,0
LMI250.BSE_IDX,01/07/2025,12:21:49,10987.48,0,0,0,0,0,0
LMI250.BSE_IDX,01/07/2025,12:21:57,10987.64,0,0,0,0,0,0
LMI250.BSE_IDX,01/07/2025,12:22:05,10988.48,0,0,0,0,0,0
LMI250.BSE_IDX,01/07/2025,12:22:13,10988.24,0,0,0,0,0,0
LMI250.BSE_IDX,01/07/2025,12:22:21,10988.13,0,0,0,0,0,0
LMI250.BSE_IDX,01/07/2025,12:22:29,10987.85,0,0,0,0,0,0
LMI250.BSE_IDX,01/07/2025,12:22:37,10987.23,0,0,0,0,0,0
LMI250.BSE_IDX,01/07/2025,12:22:45,10986.98,0,0,0,0,0,0
LMI250.BSE_IDX,01/07/2025,12:22:53,10987,0,0,0,0,0,0
LMI250.BSE_IDX,01/07/2025,12:23:02,10987.44,0,0,0,0,0,0
LMI250.BSE_IDX,01/07/2025,12:23:09,10987.45,0,0,0,0,0,0
LMI250.BSE_IDX,01/07/2025,12:23:17,10987.36,0,0,0,0,0,0
LMI250.BSE_IDX,01/07/2025,12:23:25,10987.16,0,0,0,0,0,0
LMI250.BSE_IDX,01/07/2025,12:23:33,10986.81,0,0,0,0,0,0
LMI250.BSE_IDX,01/07/2025,12:23:41,10987.23,0,0,0,0,0,0
LMI250.BSE_IDX,01/07/2025,12:23:49,10987.54,0,0,0,0,0,0
LMI250.BSE_IDX,01/07/2025,12:23:57,10987.62,0,0,0,0,0,0
LMI250.BSE_IDX,01/07/2025,12:24:05,10987.76,0,0,0,0,0,0
LMI250.BSE_IDX,01/07/2025,12:24:13,10988.09,0,0,0,0,0,0
LMI250.BSE_IDX,01/07/2025,12:24:21,10988.56,0,0,0,0,0,0
LMI250.BSE_IDX,01/07/2025,12:24:29,10988.3,0,0,0,0,0,0
LMI250.BSE_IDX,01/07/2025,12:24:37,10988.31,0,0,0,0,0,0
LMI250.BSE_IDX,01/07/2025,12:24:45,10988.61,0,0,0,0,0,0
LMI250.BSE_IDX,01/07/2025,12:24:53,10988.33,0,0,0,0,0,0
LMI250.BSE_IDX,01/07/2025,12:25:01,10988.53,0,0,0,0,0,0
LMI250.BSE_IDX,01/07/2025,12:25:09,10988.59,0,0,0,0,0,0
LMI250.BSE_IDX,01/07/2025,12:25:17,10988.56,0,0,0,0,0,0
LMI250.BSE_IDX,01/07/2025,12:25:25,10988.93,0,0,0,0,0,0
LMI250.BSE_IDX,01/07/2025,12:25:33,10989.4,0,0,0,0,0,0
LMI250.BSE_IDX,01/07/2025,12:25:41,10989.48,0,0,0,0,0,0
LMI250.BSE_IDX,01/07/2025,12:25:49,10989.44,0,0,0,0,0,0
LMI250.BSE_IDX,01/07/2025,12:25:57,10989.94,0,0,0,0,0,0
LMI250.BSE_IDX,01/07/2025,12:26:05,10989.98,0,0,0,0,0,0
LMI250.BSE_IDX,01/07/2025,12:26:13,10989.95,0,0,0,0,0,0
LMI250.BSE_IDX,01/07/2025,12:26:21,10989.72,0,0,0,0,0,0
LMI250.BSE_IDX,01/07/2025,12:26:31,10989.86,0,0,0,0,0,0
LMI250.BSE_IDX,01/07/2025,12:26:37,10990.6,0,0,0,0,0,0
LMI250.BSE_IDX,01/07/2025,12:26:45,10990.68,0,0,0,0,0,0
LMI250.BSE_IDX,01/07/2025,12:26:53,10990.36,0,0,0,0,0,0
LMI250.BSE_IDX,01/07/2025,12:27:01,10989.51,0,0,0,0,0,0
LMI250.BSE_IDX,01/07/2025,12:27:09,10989.31,0,0,0,0,0,0
LMI250.BSE_IDX,01/07/2025,12:27:17,10989.56,0,0,0,0,0,0
LMI250.BSE_IDX,01/07/2025,12:27:25,10989.7,0,0,0,0,0,0
LMI250.BSE_IDX,01/07/2025,12:27:33,10989.26,0,0,0,0,0,0
LMI250.BSE_IDX,01/07/2025,12:27:41,10989.6,0,0,0,0,0,0
LMI250.BSE_IDX,01/07/2025,12:27:49,10989.28,0,0,0,0,0,0
LMI250.BSE_IDX,01/07/2025,12:27:57,10989.3,0,0,0,0,0,0
LMI250.BSE_IDX,01/07/2025,12:28:05,10989.2,0,0,0,0,0,0
LMI250.BSE_IDX,01/07/2025,12:28:13,10989.51,0,0,0,0,0,0
LMI250.BSE_IDX,01/07/2025,12:28:21,10989.17,0,0,0,0,0,0
LMI250.BSE_IDX,01/07/2025,12:28:29,10988.63,0,0,0,0,0,0
LMI250.BSE_IDX,01/07/2025,12:28:37,10989.02,0,0,0,0,0,0
LMI250.BSE_IDX,01/07/2025,12:28:45,10988.12,0,0,0,0,0,0
LMI250.BSE_IDX,01/07/2025,12:28:53,10987.07,0,0,0,0,0,0
LMI250.BSE_IDX,01/07/2025,12:29:01,10986.57,0,0,0,0,0,0
LMI250.BSE_IDX,01/07/2025,12:29:10,10986.07,0,0,0,0,0,0
LMI250.BSE_IDX,01/07/2025,12:29:18,10986.22,0,0,0,0,0,0
LMI250.BSE_IDX,01/07/2025,12:29:25,10986.98,0,0,0,0,0,0
LMI250.BSE_IDX,01/07/2025,12:29:33,10986.53,0,0,0,0,0,0
LMI250.BSE_IDX,01/07/2025,12:29:41,10986.28,0,0,0,0,0,0
LMI250.BSE_IDX,01/07/2025,12:29:49,10986.1,0,0,0,0,0,0
LMI250.BSE_IDX,01/07/2025,12:29:57,10986.53,0,0,0,0,0,0
LMI250.BSE_IDX,01/07/2025,12:30:05,10988.49,0,0,0,0,0,0
LMI250.BSE_IDX,01/07/2025,12:30:13,10988.82,0,0,0,0,0,0
LMI250.BSE_IDX,01/07/2025,12:30:22,10988.57,0,0,0,0,0,0
LMI250.BSE_IDX,01/07/2025,12:30:29,10987.93,0,0,0,0,0,0
LMI250.BSE_IDX,01/07/2025,12:30:37,10987.74,0,0,0,0,0,0
LMI250.BSE_IDX,01/07/2025,12:30:45,10987.93,0,0,0,0,0,0
LMI250.BSE_IDX,01/07/2025,12:30:53,10988.23,0,0,0,0,0,0
LMI250.BSE_IDX,01/07/2025,12:31:01,10988.49,0,0,0,0,0,0
LMI250.BSE_IDX,01/07/2025,12:31:09,10986.95,0,0,0,0,0,0
LMI250.BSE_IDX,01/07/2025,12:31:17,10985.83,0,0,0,0,0,0
LMI250.BSE_IDX,01/07/2025,12:31:25,10985.55,0,0,0,0,0,0
LMI250.BSE_IDX,01/07/2025,12:31:34,10985.29,0,0,0,0,0,0
LMI250.BSE_IDX,01/07/2025,12:31:41,10984.66,0,0,0,0,0,0
LMI250.BSE_IDX,01/07/2025,12:31:49,10984.41,0,0,0,0,0,0
LMI250.BSE_IDX,01/07/2025,12:31:57,10984.11,0,0,0,0,0,0
LMI250.BSE_IDX,01/07/2025,12:32:05,10984.19,0,0,0,0,0,0
LMI250.BSE_IDX,01/07/2025,12:32:13,10984.49,0,0,0,0,0,0
LMI250.BSE_IDX,01/07/2025,12:32:21,10984.47,0,0,0,0,0,0
LMI250.BSE_IDX,01/07/2025,12:32:29,10984.69,0,0,0,0,0,0
LMI250.BSE_IDX,01/07/2025,12:32:37,10984.38,0,0,0,0,0,0
LMI250.BSE_IDX,01/07/2025,12:32:45,10984.29,0,0,0,0,0,0
LMI250.BSE_IDX,01/07/2025,12:32:53,10983.9,0,0,0,0,0,0
LMI250.BSE_IDX,01/07/2025,12:33:01,10984.12,0,0,0,0,0,0
LMI250.BSE_IDX,01/07/2025,12:33:09,10983.87,0,0,0,0,0,0
LMI250.BSE_IDX,01/07/2025,12:33:17,10983.51,0,0,0,0,0,0
LMI250.BSE_IDX,01/07/2025,12:33:26,10983.56,0,0,0,0,0,0
LMI250.BSE_IDX,01/07/2025,12:33:33,10983.71,0,0,0,0,0,0
LMI250.BSE_IDX,01/07/2025,12:33:41,10983.93,0,0,0,0,0,0
LMI250.BSE_IDX,01/07/2025,12:33:49,10983.72,0,0,0,0,0,0
LMI250.BSE_IDX,01/07/2025,12:33:57,10983.67,0,0,0,0,0,0
LMI250.BSE_IDX,01/07/2025,12:34:05,10984.05,0,0,0,0,0,0
LMI250.BSE_IDX,01/07/2025,12:34:13,10984.52,0,0,0,0,0,0
LMI250.BSE_IDX,01/07/2025,12:34:21,10984.68,0,0,0,0,0,0
LMI250.BSE_IDX,01/07/2025,12:34:29,10985.34,0,0,0,0,0,0
LMI250.BSE_IDX,01/07/2025,12:34:37,10985.41,0,0,0,0,0,0
LMI250.BSE_IDX,01/07/2025,12:34:45,10985.52,0,0,0,0,0,0
LMI250.BSE_IDX,01/07/2025,12:34:53,10986.02,0,0,0,0,0,0
LMI250.BSE_IDX,01/07/2025,12:35:01,10986.46,0,0,0,0,0,0
LMI250.BSE_IDX,01/07/2025,12:35:09,10986.75,0,0,0,0,0,0
LMI250.BSE_IDX,01/07/2025,12:35:17,10987.3,0,0,0,0,0,0
LMI250.BSE_IDX,01/07/2025,12:35:25,10987.79,0,0,0,0,0,0
LMI250.BSE_IDX,01/07/2025,12:35:33,10987.92,0,0,0,0,0,0
LMI250.BSE_IDX,01/07/2025,12:35:41,10987.61,0,0,0,0,0,0
LMI250.BSE_IDX,01/07/2025,12:35:49,10988.61,0,0,0,0,0,0
LMI250.BSE_IDX,01/07/2025,12:35:57,10987.98,0,0,0,0,0,0
LMI250.BSE_IDX,01/07/2025,12:36:05,10988.96,0,0,0,0,0,0
LMI250.BSE_IDX,01/07/2025,12:36:13,10989.11,0,0,0,0,0,0
LMI250.BSE_IDX,01/07/2025,12:36:21,10988.48,0,0,0,0,0,0
LMI250.BSE_IDX,01/07/2025,12:36:29,10988.76,0,0,0,0,0,0
LMI250.BSE_IDX,01/07/2025,12:36:37,10988.8,0,0,0,0,0,0
LMI250.BSE_IDX,01/07/2025,12:36:45,10989.26,0,0,0,0,0,0
LMI250.BSE_IDX,01/07/2025,12:36:53,10989.27,0,0,0,0,0,0
LMI250.BSE_IDX,01/07/2025,12:37:01,10989.58,0,0,0,0,0,0
LMI250.BSE_IDX,01/07/2025,12:37:09,10989.88,0,0,0,0,0,0
LMI250.BSE_IDX,01/07/2025,12:37:17,10989.65,0,0,0,0,0,0
LMI250.BSE_IDX,01/07/2025,12:37:25,10988.88,0,0,0,0,0,0
LMI250.BSE_IDX,01/07/2025,12:37:33,10988.68,0,0,0,0,0,0
LMI250.BSE_IDX,01/07/2025,12:37:41,10987.97,0,0,0,0,0,0
LMI250.BSE_IDX,01/07/2025,12:37:49,10987.68,0,0,0,0,0,0
LMI250.BSE_IDX,01/07/2025,12:37:57,10987.24,0,0,0,0,0,0
LMI250.BSE_IDX,01/07/2025,12:38:05,10987.42,0,0,0,0,0,0
LMI250.BSE_IDX,01/07/2025,12:38:13,10987.43,0,0,0,0,0,0
LMI250.BSE_IDX,01/07/2025,12:38:22,10988.04,0,0,0,0,0,0
LMI250.BSE_IDX,01/07/2025,12:38:29,10987.84,0,0,0,0,0,0
LMI250.BSE_IDX,01/07/2025,12:38:39,10988.05,0,0,0,0,0,0
LMI250.BSE_IDX,01/07/2025,12:38:45,10988.14,0,0,0,0,0,0
LMI250.BSE_IDX,01/07/2025,12:38:53,10988.62,0,0,0,0,0,0
LMI250.BSE_IDX,01/07/2025,12:39:01,10988.51,0,0,0,0,0,0
LMI250.BSE_IDX,01/07/2025,12:39:10,10987.99,0,0,0,0,0,0
LMI250.BSE_IDX,01/07/2025,12:39:17,10988.61,0,0,0,0,0,0
LMI250.BSE_IDX,01/07/2025,12:39:25,10988.51,0,0,0,0,0,0
LMI250.BSE_IDX,01/07/2025,12:39:34,10988.53,0,0,0,0,0,0
LMI250.BSE_IDX,01/07/2025,12:39:42,10989.04,0,0,0,0,0,0
LMI250.BSE_IDX,01/07/2025,12:39:49,10989.07,0,0,0,0,0,0
LMI250.BSE_IDX,01/07/2025,12:39:57,10989.05,0,0,0,0,0,0
LMI250.BSE_IDX,01/07/2025,12:40:05,10989.5,0,0,0,0,0,0
LMI250.BSE_IDX,01/07/2025,12:40:14,10989.1,0,0,0,0,0,0
LMI250.BSE_IDX,01/07/2025,12:40:21,10989.18,0,0,0,0,0,0
LMI250.BSE_IDX,01/07/2025,12:40:29,10988.95,0,0,0,0,0,0
LMI250.BSE_IDX,01/07/2025,12:40:37,10989.11,0,0,0,0,0,0
LMI250.BSE_IDX,01/07/2025,12:40:45,10989,0,0,0,0,0,0
LMI250.BSE_IDX,01/07/2025,12:40:54,10988.99,0,0,0,0,0,0
LMI250.BSE_IDX,01/07/2025,12:41:01,10988.82,0,0,0,0,0,0
LMI250.BSE_IDX,01/07/2025,12:41:09,10988.35,0,0,0,0,0,0
LMI250.BSE_IDX,01/07/2025,12:41:17,10988.41,0,0,0,0,0,0
LMI250.BSE_IDX,01/07/2025,12:41:25,10988.3,0,0,0,0,0,0
LMI250.BSE_IDX,01/07/2025,12:41:33,10988.32,0,0,0,0,0,0
LMI250.BSE_IDX,01/07/2025,12:41:41,10988.6,0,0,0,0,0,0
LMI250.BSE_IDX,01/07/2025,12:41:49,10989.21,0,0,0,0,0,0
LMI250.BSE_IDX,01/07/2025,12:41:57,10989.25,0,0,0,0,0,0
LMI250.BSE_IDX,01/07/2025,12:42:05,10988.93,0,0,0,0,0,0
LMI250.BSE_IDX,01/07/2025,12:42:13,10989.09,0,0,0,0,0,0
LMI250.BSE_IDX,01/07/2025,12:42:21,10989.03,0,0,0,0,0,0
LMI250.BSE_IDX,01/07/2025,12:42:29,10989.67,0,0,0,0,0,0
LMI250.BSE_IDX,01/07/2025,12:42:37,10989.36,0,0,0,0,0,0
LMI250.BSE_IDX,01/07/2025,12:42:45,10989.34,0,0,0,0,0,0
LMI250.BSE_IDX,01/07/2025,12:42:53,10989.39,0,0,0,0,0,0
LMI250.BSE_IDX,01/07/2025,12:43:01,10989.68,0,0,0,0,0,0
LMI250.BSE_IDX,01/07/2025,12:43:10,10989.59,0,0,0,0,0,0
LMI250.BSE_IDX,01/07/2025,12:43:17,10989.63,0,0,0,0,0,0
LMI250.BSE_IDX,01/07/2025,12:43:26,10989.83,0,0,0,0,0,0
LMI250.BSE_IDX,01/07/2025,12:43:33,10989.83,0,0,0,0,0,0
LMI250.BSE_IDX,01/07/2025,12:43:41,10988.9,0,0,0,0,0,0
LMI250.BSE_IDX,01/07/2025,12:43:49,10988.84,0,0,0,0,0,0
LMI250.BSE_IDX,01/07/2025,12:43:58,10988.73,0,0,0,0,0,0
LMI250.BSE_IDX,01/07/2025,12:44:05,10988.78,0,0,0,0,0,0
LMI250.BSE_IDX,01/07/2025,12:44:14,10988.34,0,0,0,0,0,0
LMI250.BSE_IDX,01/07/2025,12:44:21,10987.37,0,0,0,0,0,0
LMI250.BSE_IDX,01/07/2025,12:44:29,10987.01,0,0,0,0,0,0
LMI250.BSE_IDX,01/07/2025,12:44:38,10986.89,0,0,0,0,0,0
LMI250.BSE_IDX,01/07/2025,12:44:45,10987.15,0,0,0,0,0,0
LMI250.BSE_IDX,01/07/2025,12:44:53,10986.72,0,0,0,0,0,0
LMI250.BSE_IDX,01/07/2025,12:45:01,10986.84,0,0,0,0,0,0
LMI250.BSE_IDX,01/07/2025,12:45:11,10986.66,0,0,0,0,0,0
LMI250.BSE_IDX,01/07/2025,12:45:17,10986.31,0,0,0,0,0,0
LMI250.BSE_IDX,01/07/2025,12:45:25,10986.3,0,0,0,0,0,0
LMI250.BSE_IDX,01/07/2025,12:45:34,10986.45,0,0,0,0,0,0
LMI250.BSE_IDX,01/07/2025,12:45:42,10986,0,0,0,0,0,0
LMI250.BSE_IDX,01/07/2025,12:45:50,10986.3,0,0,0,0,0,0
LMI250.BSE_IDX,01/07/2025,12:45:58,10986.01,0,0,0,0,0,0
LMI250.BSE_IDX,01/07/2025,12:46:06,10986.21,0,0,0,0,0,0
LMI250.BSE_IDX,01/07/2025,12:46:14,10985.9,0,0,0,0,0,0
LMI250.BSE_IDX,01/07/2025,12:46:22,10985.76,0,0,0,0,0,0
LMI250.BSE_IDX,01/07/2025,12:46:30,10985.22,0,0,0,0,0,0
LMI250.BSE_IDX,01/07/2025,12:46:38,10985,0,0,0,0,0,0
LMI250.BSE_IDX,01/07/2025,12:46:46,10985.26,0,0,0,0,0,0
LMI250.BSE_IDX,01/07/2025,12:46:54,10984.49,0,0,0,0,0,0
LMI250.BSE_IDX,01/07/2025,12:47:02,10984.57,0,0,0,0,0,0
LMI250.BSE_IDX,01/07/2025,12:47:10,10984.51,0,0,0,0,0,0
LMI250.BSE_IDX,01/07/2025,12:47:18,10984.62,0,0,0,0,0,0
LMI250.BSE_IDX,01/07/2025,12:47:26,10984.72,0,0,0,0,0,0
LMI250.BSE_IDX,01/07/2025,12:47:34,10985.07,0,0,0,0,0,0
LMI250.BSE_IDX,01/07/2025,12:47:42,10984.4,0,0,0,0,0,0
LMI250.BSE_IDX,01/07/2025,12:47:50,10984.94,0,0,0,0,0,0
LMI250.BSE_IDX,01/07/2025,12:47:58,10984.92,0,0,0,0,0,0
LMI250.BSE_IDX,01/07/2025,12:48:06,10985.09,0,0,0,0,0,0
LMI250.BSE_IDX,01/07/2025,12:48:14,10985.52,0,0,0,0,0,0
LMI250.BSE_IDX,01/07/2025,12:48:22,10985.36,0,0,0,0,0,0
LMI250.BSE_IDX,01/07/2025,12:48:30,10986.03,0,0,0,0,0,0
LMI250.BSE_IDX,01/07/2025,12:48:38,10986.03,0,0,0,0,0,0
LMI250.BSE_IDX,01/07/2025,12:48:46,10985.82,0,0,0,0,0,0
LMI250.BSE_IDX,01/07/2025,12:48:54,10985.92,0,0,0,0,0,0
LMI250.BSE_IDX,01/07/2025,12:49:02,10985.83,0,0,0,0,0,0
LMI250.BSE_IDX,01/07/2025,12:49:10,10985.9,0,0,0,0,0,0
LMI250.BSE_IDX,01/07/2025,12:49:18,10985.72,0,0,0,0,0,0
LMI250.BSE_IDX,01/07/2025,12:49:26,10985.74,0,0,0,0,0,0
LMI250.BSE_IDX,01/07/2025,12:49:34,10985.56,0,0,0,0,0,0
LMI250.BSE_IDX,01/07/2025,12:49:42,10985.83,0,0,0,0,0,0
LMI250.BSE_IDX,01/07/2025,12:49:50,10986.38,0,0,0,0,0,0
LMI250.BSE_IDX,01/07/2025,12:49:58,10986.58,0,0,0,0,0,0
LMI250.BSE_IDX,01/07/2025,12:50:06,10986.72,0,0,0,0,0,0
LMI250.BSE_IDX,01/07/2025,12:50:14,10986.51,0,0,0,0,0,0
LMI250.BSE_IDX,01/07/2025,12:50:22,10986.84,0,0,0,0,0,0
LMI250.BSE_IDX,01/07/2025,12:50:30,10987.01,0,0,0,0,0,0
LMI250.BSE_IDX,01/07/2025,12:50:38,10986.89,0,0,0,0,0,0
LMI250.BSE_IDX,01/07/2025,12:50:47,10987.17,0,0,0,0,0,0
LMI250.BSE_IDX,01/07/2025,12:50:54,10987.27,0,0,0,0,0,0
LMI250.BSE_IDX,01/07/2025,12:51:02,10987.23,0,0,0,0,0,0
LMI250.BSE_IDX,01/07/2025,12:51:10,10987.66,0,0,0,0,0,0
LMI250.BSE_IDX,01/07/2025,12:51:19,10988.09,0,0,0,0,0,0
LMI250.BSE_IDX,01/07/2025,12:51:26,10987.92,0,0,0,0,0,0
LMI250.BSE_IDX,01/07/2025,12:51:34,10988.05,0,0,0,0,0,0
LMI250.BSE_IDX,01/07/2025,12:51:42,10987.88,0,0,0,0,0,0
LMI250.BSE_IDX,01/07/2025,12:51:50,10987.8,0,0,0,0,0,0
LMI250.BSE_IDX,01/07/2025,12:51:58,10987.84,0,0,0,0,0,0
LMI250.BSE_IDX,01/07/2025,12:52:06,10987.52,0,0,0,0,0,0
LMI250.BSE_IDX,01/07/2025,12:52:14,10987.47,0,0,0,0,0,0
LMI250.BSE_IDX,01/07/2025,12:52:22,10987.71,0,0,0,0,0,0
LMI250.BSE_IDX,01/07/2025,12:52:30,10987.73,0,0,0,0,0,0
LMI250.BSE_IDX,01/07/2025,12:52:38,10987.48,0,0,0,0,0,0
LMI250.BSE_IDX,01/07/2025,12:52:46,10987.48,0,0,0,0,0,0
LMI250.BSE_IDX,01/07/2025,12:52:54,10987.72,0,0,0,0,0,0
LMI250.BSE_IDX,01/07/2025,12:53:02,10987.94,0,0,0,0,0,0
LMI250.BSE_IDX,01/07/2025,12:53:10,10987.98,0,0,0,0,0,0
LMI250.BSE_IDX,01/07/2025,12:53:18,10987.81,0,0,0,0,0,0
LMI250.BSE_IDX,01/07/2025,12:53:26,10987.33,0,0,0,0,0,0
LMI250.BSE_IDX,01/07/2025,12:53:34,10987.13,0,0,0,0,0,0
LMI250.BSE_IDX,01/07/2025,12:53:42,10986.57,0,0,0,0,0,0
LMI250.BSE_IDX,01/07/2025,12:53:50,10986.48,0,0,0,0,0,0
LMI250.BSE_IDX,01/07/2025,12:53:58,10986.57,0,0,0,0,0,0
LMI250.BSE_IDX,01/07/2025,12:54:06,10986.65,0,0,0,0,0,0
LMI250.BSE_IDX,01/07/2025,12:54:14,10986.3,0,0,0,0,0,0
