Ticker,Date,Time,LTP,BuyPrice,BuyQty,SellPrice,SellQty,LTQ,OpenInterest
LRGCAP.BSE_IDX,01/07/2025,09:00:07,9871.95,0,0,0,0,0,0
LRGCAP.BSE_IDX,01/07/2025,09:00:15,9873.89,0,0,0,0,0,0
LRGCAP.BSE_IDX,01/07/2025,09:00:23,9870.32,0,0,0,0,0,0
LRGCAP.BSE_IDX,01/07/2025,09:00:31,9873.39,0,0,0,0,0,0
LRGCAP.BSE_IDX,01/07/2025,09:00:39,9865.6,0,0,0,0,0,0
LRGCAP.BSE_IDX,01/07/2025,09:00:47,9859.08,0,0,0,0,0,0
LRGCAP.BSE_IDX,01/07/2025,09:00:55,9860.34,0,0,0,0,0,0
LRGCAP.BSE_IDX,01/07/2025,09:01:03,9860.15,0,0,0,0,0,0
LRGCAP.BSE_IDX,01/07/2025,09:01:11,9859.48,0,0,0,0,0,0
LRGCAP.BSE_IDX,01/07/2025,09:01:19,9862.6,0,0,0,0,0,0
LRGCAP.BSE_IDX,01/07/2025,09:01:27,9860.52,0,0,0,0,0,0
LRGCAP.BSE_IDX,01/07/2025,09:01:35,9856.82,0,0,0,0,0,0
LRGCAP.BSE_IDX,01/07/2025,09:01:43,9851.99,0,0,0,0,0,0
LRGCAP.BSE_IDX,01/07/2025,09:01:51,9845.31,0,0,0,0,0,0
LRGCAP.BSE_IDX,01/07/2025,09:01:59,9854.23,0,0,0,0,0,0
LRGCAP.BSE_IDX,01/07/2025,09:02:07,9855.7,0,0,0,0,0,0
LRGCAP.BSE_IDX,01/07/2025,09:02:15,9856.61,0,0,0,0,0,0
LRGCAP.BSE_IDX,01/07/2025,09:02:23,9855.84,0,0,0,0,0,0
LRGCAP.BSE_IDX,01/07/2025,09:02:31,9857.94,0,0,0,0,0,0
LRGCAP.BSE_IDX,01/07/2025,09:02:39,9858.23,0,0,0,0,0,0
LRGCAP.BSE_IDX,01/07/2025,09:02:47,9855.63,0,0,0,0,0,0
LRGCAP.BSE_IDX,01/07/2025,09:02:55,9856.04,0,0,0,0,0,0
LRGCAP.BSE_IDX,01/07/2025,09:03:03,9862.65,0,0,0,0,0,0
LRGCAP.BSE_IDX,01/07/2025,09:03:11,9861.11,0,0,0,0,0,0
LRGCAP.BSE_IDX,01/07/2025,09:03:19,9860.2,0,0,0,0,0,0
LRGCAP.BSE_IDX,01/07/2025,09:03:27,9857.52,0,0,0,0,0,0
LRGCAP.BSE_IDX,01/07/2025,09:03:35,9858.47,0,0,0,0,0,0
LRGCAP.BSE_IDX,01/07/2025,09:03:43,9856.61,0,0,0,0,0,0
LRGCAP.BSE_IDX,01/07/2025,09:03:51,9854.3,0,0,0,0,0,0
LRGCAP.BSE_IDX,01/07/2025,09:03:59,9848.02,0,0,0,0,0,0
LRGCAP.BSE_IDX,01/07/2025,09:04:07,9846.89,0,0,0,0,0,0
LRGCAP.BSE_IDX,01/07/2025,09:04:15,9845.55,0,0,0,0,0,0
LRGCAP.BSE_IDX,01/07/2025,09:04:23,9845.83,0,0,0,0,0,0
LRGCAP.BSE_IDX,01/07/2025,09:04:31,9845.33,0,0,0,0,0,0
LRGCAP.BSE_IDX,01/07/2025,09:04:39,9844.62,0,0,0,0,0,0
LRGCAP.BSE_IDX,01/07/2025,09:04:47,9841.85,0,0,0,0,0,0
LRGCAP.BSE_IDX,01/07/2025,09:04:55,9838.75,0,0,0,0,0,0
LRGCAP.BSE_IDX,01/07/2025,09:05:03,9838.73,0,0,0,0,0,0
LRGCAP.BSE_IDX,01/07/2025,09:05:11,9837.28,0,0,0,0,0,0
LRGCAP.BSE_IDX,01/07/2025,09:05:19,9842.4,0,0,0,0,0,0
LRGCAP.BSE_IDX,01/07/2025,09:05:27,9842.95,0,0,0,0,0,0
LRGCAP.BSE_IDX,01/07/2025,09:05:35,9844.04,0,0,0,0,0,0
LRGCAP.BSE_IDX,01/07/2025,09:05:43,9842.91,0,0,0,0,0,0
LRGCAP.BSE_IDX,01/07/2025,09:05:51,9843.5,0,0,0,0,0,0
LRGCAP.BSE_IDX,01/07/2025,09:05:59,9845.64,0,0,0,0,0,0
LRGCAP.BSE_IDX,01/07/2025,09:06:07,9845.92,0,0,0,0,0,0
LRGCAP.BSE_IDX,01/07/2025,09:06:15,9846.47,0,0,0,0,0,0
LRGCAP.BSE_IDX,01/07/2025,09:06:23,9848.62,0,0,0,0,0,0
LRGCAP.BSE_IDX,01/07/2025,09:06:31,9850.74,0,0,0,0,0,0
LRGCAP.BSE_IDX,01/07/2025,09:06:39,9849.84,0,0,0,0,0,0
LRGCAP.BSE_IDX,01/07/2025,09:06:47,9847.5,0,0,0,0,0,0
LRGCAP.BSE_IDX,01/07/2025,09:06:55,9848.63,0,0,0,0,0,0
LRGCAP.BSE_IDX,01/07/2025,09:07:04,9846.69,0,0,0,0,0,0
LRGCAP.BSE_IDX,01/07/2025,09:07:11,9846.69,0,0,0,0,0,0
LRGCAP.BSE_IDX,01/07/2025,09:07:19,9846.69,0,0,0,0,0,0
LRGCAP.BSE_IDX,01/07/2025,09:07:27,9846.69,0,0,0,0,0,0
LRGCAP.BSE_IDX,01/07/2025,09:07:35,9846.69,0,0,0,0,0,0
LRGCAP.BSE_IDX,01/07/2025,09:07:43,9846.69,0,0,0,0,0,0
LRGCAP.BSE_IDX,01/07/2025,09:07:51,9846.69,0,0,0,0,0,0
LRGCAP.BSE_IDX,01/07/2025,09:07:59,9846.69,0,0,0,0,0,0
LRGCAP.BSE_IDX,01/07/2025,09:08:07,9846.69,0,0,0,0,0,0
LRGCAP.BSE_IDX,01/07/2025,09:08:15,9846.69,0,0,0,0,0,0
LRGCAP.BSE_IDX,01/07/2025,09:08:23,9846.69,0,0,0,0,0,0
LRGCAP.BSE_IDX,01/07/2025,09:08:31,9846.69,0,0,0,0,0,0
LRGCAP.BSE_IDX,01/07/2025,09:08:39,9846.69,0,0,0,0,0,0
LRGCAP.BSE_IDX,01/07/2025,09:08:47,9846.69,0,0,0,0,0,0
LRGCAP.BSE_IDX,01/07/2025,09:08:55,9846.69,0,0,0,0,0,0
LRGCAP.BSE_IDX,01/07/2025,09:09:03,9846.72,0,0,0,0,0,0
LRGCAP.BSE_IDX,01/07/2025,09:09:11,9846.72,0,0,0,0,0,0
LRGCAP.BSE_IDX,01/07/2025,09:09:19,9846.72,0,0,0,0,0,0
LRGCAP.BSE_IDX,01/07/2025,09:09:27,9846.72,0,0,0,0,0,0
LRGCAP.BSE_IDX,01/07/2025,09:09:35,9846.72,0,0,0,0,0,0
LRGCAP.BSE_IDX,01/07/2025,09:09:43,9846.72,0,0,0,0,0,0
LRGCAP.BSE_IDX,01/07/2025,09:09:51,9846.72,0,0,0,0,0,0
LRGCAP.BSE_IDX,01/07/2025,09:09:59,9846.72,0,0,0,0,0,0
LRGCAP.BSE_IDX,01/07/2025,09:10:07,9846.72,0,0,0,0,0,0
LRGCAP.BSE_IDX,01/07/2025,09:10:15,9846.72,0,0,0,0,0,0
LRGCAP.BSE_IDX,01/07/2025,09:10:23,9846.72,0,0,0,0,0,0
LRGCAP.BSE_IDX,01/07/2025,09:10:31,9846.72,0,0,0,0,0,0
LRGCAP.BSE_IDX,01/07/2025,09:10:39,9846.72,0,0,0,0,0,0
LRGCAP.BSE_IDX,01/07/2025,09:10:47,9846.72,0,0,0,0,0,0
LRGCAP.BSE_IDX,01/07/2025,09:10:55,9846.72,0,0,0,0,0,0
LRGCAP.BSE_IDX,01/07/2025,09:11:03,9846.72,0,0,0,0,0,0
LRGCAP.BSE_IDX,01/07/2025,09:11:11,9846.72,0,0,0,0,0,0
LRGCAP.BSE_IDX,01/07/2025,09:11:19,9846.72,0,0,0,0,0,0
LRGCAP.BSE_IDX,01/07/2025,09:11:27,9846.72,0,0,0,0,0,0
LRGCAP.BSE_IDX,01/07/2025,09:11:35,9846.72,0,0,0,0,0,0
LRGCAP.BSE_IDX,01/07/2025,09:11:43,9846.72,0,0,0,0,0,0
LRGCAP.BSE_IDX,01/07/2025,09:11:51,9846.72,0,0,0,0,0,0
LRGCAP.BSE_IDX,01/07/2025,09:11:59,9846.72,0,0,0,0,0,0
LRGCAP.BSE_IDX,01/07/2025,09:12:07,9846.72,0,0,0,0,0,0
LRGCAP.BSE_IDX,01/07/2025,09:12:16,9846.72,0,0,0,0,0,0
LRGCAP.BSE_IDX,01/07/2025,09:12:23,9846.72,0,0,0,0,0,0
LRGCAP.BSE_IDX,01/07/2025,09:12:31,9846.72,0,0,0,0,0,0
LRGCAP.BSE_IDX,01/07/2025,09:12:39,9846.72,0,0,0,0,0,0
LRGCAP.BSE_IDX,01/07/2025,09:12:47,9846.72,0,0,0,0,0,0
LRGCAP.BSE_IDX,01/07/2025,09:12:55,9846.72,0,0,0,0,0,0
LRGCAP.BSE_IDX,01/07/2025,09:13:03,9846.72,0,0,0,0,0,0
LRGCAP.BSE_IDX,01/07/2025,09:13:11,9846.72,0,0,0,0,0,0
LRGCAP.BSE_IDX,01/07/2025,09:13:19,9846.72,0,0,0,0,0,0
LRGCAP.BSE_IDX,01/07/2025,09:13:27,9846.72,0,0,0,0,0,0
LRGCAP.BSE_IDX,01/07/2025,09:13:35,9846.72,0,0,0,0,0,0
LRGCAP.BSE_IDX,01/07/2025,09:13:43,9846.72,0,0,0,0,0,0
LRGCAP.BSE_IDX,01/07/2025,09:13:51,9846.72,0,0,0,0,0,0
LRGCAP.BSE_IDX,01/07/2025,09:13:59,9846.72,0,0,0,0,0,0
LRGCAP.BSE_IDX,01/07/2025,09:14:07,9846.72,0,0,0,0,0,0
LRGCAP.BSE_IDX,01/07/2025,09:14:15,9846.72,0,0,0,0,0,0
LRGCAP.BSE_IDX,01/07/2025,09:14:23,9846.72,0,0,0,0,0,0
LRGCAP.BSE_IDX,01/07/2025,09:14:31,9846.72,0,0,0,0,0,0
LRGCAP.BSE_IDX,01/07/2025,09:14:39,9846.72,0,0,0,0,0,0
LRGCAP.BSE_IDX,01/07/2025,09:14:47,9846.72,0,0,0,0,0,0
LRGCAP.BSE_IDX,01/07/2025,09:14:55,9846.72,0,0,0,0,0,0
LRGCAP.BSE_IDX,01/07/2025,09:15:04,9850.89,0,0,0,0,0,0
LRGCAP.BSE_IDX,01/07/2025,09:15:11,9853.76,0,0,0,0,0,0
LRGCAP.BSE_IDX,01/07/2025,09:15:19,9848.77,0,0,0,0,0,0
LRGCAP.BSE_IDX,01/07/2025,09:15:27,9844.96,0,0,0,0,0,0
LRGCAP.BSE_IDX,01/07/2025,09:15:35,9844.48,0,0,0,0,0,0
LRGCAP.BSE_IDX,01/07/2025,09:15:43,9843.34,0,0,0,0,0,0
LRGCAP.BSE_IDX,01/07/2025,09:15:51,9841.62,0,0,0,0,0,0
LRGCAP.BSE_IDX,01/07/2025,09:15:59,9839.49,0,0,0,0,0,0
LRGCAP.BSE_IDX,01/07/2025,09:16:07,9838.62,0,0,0,0,0,0
LRGCAP.BSE_IDX,01/07/2025,09:16:15,9840.98,0,0,0,0,0,0
LRGCAP.BSE_IDX,01/07/2025,09:16:24,9841.66,0,0,0,0,0,0
LRGCAP.BSE_IDX,01/07/2025,09:16:31,9840.27,0,0,0,0,0,0
LRGCAP.BSE_IDX,01/07/2025,09:16:39,9840,0,0,0,0,0,0
LRGCAP.BSE_IDX,01/07/2025,09:16:48,9837.49,0,0,0,0,0,0
LRGCAP.BSE_IDX,01/07/2025,09:16:55,9837.71,0,0,0,0,0,0
LRGCAP.BSE_IDX,01/07/2025,09:17:03,9839,0,0,0,0,0,0
LRGCAP.BSE_IDX,01/07/2025,09:17:12,9836.58,0,0,0,0,0,0
LRGCAP.BSE_IDX,01/07/2025,09:17:19,9836.7,0,0,0,0,0,0
LRGCAP.BSE_IDX,01/07/2025,09:17:27,9837.41,0,0,0,0,0,0
LRGCAP.BSE_IDX,01/07/2025,09:17:35,9838.65,0,0,0,0,0,0
LRGCAP.BSE_IDX,01/07/2025,09:17:44,9841.37,0,0,0,0,0,0
LRGCAP.BSE_IDX,01/07/2025,09:17:51,9843.03,0,0,0,0,0,0
LRGCAP.BSE_IDX,01/07/2025,09:17:59,9842.61,0,0,0,0,0,0
LRGCAP.BSE_IDX,01/07/2025,09:18:07,9844.31,0,0,0,0,0,0
LRGCAP.BSE_IDX,01/07/2025,09:18:15,9844.21,0,0,0,0,0,0
LRGCAP.BSE_IDX,01/07/2025,09:18:23,9843.83,0,0,0,0,0,0
LRGCAP.BSE_IDX,01/07/2025,09:18:31,9843.61,0,0,0,0,0,0
LRGCAP.BSE_IDX,01/07/2025,09:18:39,9844.41,0,0,0,0,0,0
LRGCAP.BSE_IDX,01/07/2025,09:18:47,9844.82,0,0,0,0,0,0
LRGCAP.BSE_IDX,01/07/2025,09:18:56,9844.77,0,0,0,0,0,0
LRGCAP.BSE_IDX,01/07/2025,09:19:03,9844.2,0,0,0,0,0,0
LRGCAP.BSE_IDX,01/07/2025,09:19:11,9843.19,0,0,0,0,0,0
LRGCAP.BSE_IDX,01/07/2025,09:19:19,9843.18,0,0,0,0,0,0
LRGCAP.BSE_IDX,01/07/2025,09:19:28,9842.32,0,0,0,0,0,0
LRGCAP.BSE_IDX,01/07/2025,09:19:35,9843.72,0,0,0,0,0,0
LRGCAP.BSE_IDX,01/07/2025,09:19:43,9843.18,0,0,0,0,0,0
LRGCAP.BSE_IDX,01/07/2025,09:19:52,9843.79,0,0,0,0,0,0
LRGCAP.BSE_IDX,01/07/2025,09:19:59,9843.17,0,0,0,0,0,0
LRGCAP.BSE_IDX,01/07/2025,09:20:07,9844.63,0,0,0,0,0,0
LRGCAP.BSE_IDX,01/07/2025,09:20:15,9845.88,0,0,0,0,0,0
LRGCAP.BSE_IDX,01/07/2025,09:20:24,9845.24,0,0,0,0,0,0
LRGCAP.BSE_IDX,01/07/2025,09:20:31,9846.51,0,0,0,0,0,0
LRGCAP.BSE_IDX,01/07/2025,09:20:39,9846.69,0,0,0,0,0,0
LRGCAP.BSE_IDX,01/07/2025,09:20:47,9846.42,0,0,0,0,0,0
LRGCAP.BSE_IDX,01/07/2025,09:20:55,9845.46,0,0,0,0,0,0
LRGCAP.BSE_IDX,01/07/2025,09:21:03,9845.38,0,0,0,0,0,0
LRGCAP.BSE_IDX,01/07/2025,09:21:11,9846.75,0,0,0,0,0,0
LRGCAP.BSE_IDX,01/07/2025,09:21:19,9849.34,0,0,0,0,0,0
LRGCAP.BSE_IDX,01/07/2025,09:21:27,9849.14,0,0,0,0,0,0
LRGCAP.BSE_IDX,01/07/2025,09:21:36,9849.67,0,0,0,0,0,0
LRGCAP.BSE_IDX,01/07/2025,09:21:43,9851.34,0,0,0,0,0,0
LRGCAP.BSE_IDX,01/07/2025,09:21:51,9852.16,0,0,0,0,0,0
LRGCAP.BSE_IDX,01/07/2025,09:21:59,9852.36,0,0,0,0,0,0
LRGCAP.BSE_IDX,01/07/2025,09:22:07,9851.91,0,0,0,0,0,0
LRGCAP.BSE_IDX,01/07/2025,09:22:15,9851.86,0,0,0,0,0,0
LRGCAP.BSE_IDX,01/07/2025,09:22:23,9854.16,0,0,0,0,0,0
LRGCAP.BSE_IDX,01/07/2025,09:22:31,9855.41,0,0,0,0,0,0
LRGCAP.BSE_IDX,01/07/2025,09:22:39,9855.41,0,0,0,0,0,0
LRGCAP.BSE_IDX,01/07/2025,09:22:47,9856.09,0,0,0,0,0,0
LRGCAP.BSE_IDX,01/07/2025,09:22:55,9856.18,0,0,0,0,0,0
LRGCAP.BSE_IDX,01/07/2025,09:23:03,9855.67,0,0,0,0,0,0
LRGCAP.BSE_IDX,01/07/2025,09:23:11,9854.67,0,0,0,0,0,0
LRGCAP.BSE_IDX,01/07/2025,09:23:19,9853.59,0,0,0,0,0,0
LRGCAP.BSE_IDX,01/07/2025,09:23:27,9852.45,0,0,0,0,0,0
LRGCAP.BSE_IDX,01/07/2025,09:23:35,9851.7,0,0,0,0,0,0
LRGCAP.BSE_IDX,01/07/2025,09:23:44,9851.22,0,0,0,0,0,0
LRGCAP.BSE_IDX,01/07/2025,09:23:51,9849.82,0,0,0,0,0,0
LRGCAP.BSE_IDX,01/07/2025,09:23:59,9849.55,0,0,0,0,0,0
LRGCAP.BSE_IDX,01/07/2025,09:24:08,9851.06,0,0,0,0,0,0
LRGCAP.BSE_IDX,01/07/2025,09:24:15,9851.07,0,0,0,0,0,0
LRGCAP.BSE_IDX,01/07/2025,09:24:23,9851.06,0,0,0,0,0,0
LRGCAP.BSE_IDX,01/07/2025,09:24:32,9850.46,0,0,0,0,0,0
LRGCAP.BSE_IDX,01/07/2025,09:24:39,9850.35,0,0,0,0,0,0
LRGCAP.BSE_IDX,01/07/2025,09:24:48,9851.15,0,0,0,0,0,0
LRGCAP.BSE_IDX,01/07/2025,09:24:57,9850.63,0,0,0,0,0,0
LRGCAP.BSE_IDX,01/07/2025,09:25:03,9850.79,0,0,0,0,0,0
LRGCAP.BSE_IDX,01/07/2025,09:25:12,9852.09,0,0,0,0,0,0
LRGCAP.BSE_IDX,01/07/2025,09:25:19,9852.99,0,0,0,0,0,0
LRGCAP.BSE_IDX,01/07/2025,09:25:29,9852.92,0,0,0,0,0,0
LRGCAP.BSE_IDX,01/07/2025,09:25:35,9855.3,0,0,0,0,0,0
LRGCAP.BSE_IDX,01/07/2025,09:25:43,9855.38,0,0,0,0,0,0
LRGCAP.BSE_IDX,01/07/2025,09:25:51,9855.69,0,0,0,0,0,0
LRGCAP.BSE_IDX,01/07/2025,09:25:59,9855.89,0,0,0,0,0,0
LRGCAP.BSE_IDX,01/07/2025,09:26:08,9854.6,0,0,0,0,0,0
LRGCAP.BSE_IDX,01/07/2025,09:26:15,9853.86,0,0,0,0,0,0
LRGCAP.BSE_IDX,01/07/2025,09:26:24,9855.22,0,0,0,0,0,0
LRGCAP.BSE_IDX,01/07/2025,09:26:31,9855.61,0,0,0,0,0,0
LRGCAP.BSE_IDX,01/07/2025,09:26:39,9855.61,0,0,0,0,0,0
LRGCAP.BSE_IDX,01/07/2025,09:26:48,9855.76,0,0,0,0,0,0
LRGCAP.BSE_IDX,01/07/2025,09:26:55,9856.79,0,0,0,0,0,0
LRGCAP.BSE_IDX,01/07/2025,09:27:04,9857.25,0,0,0,0,0,0
LRGCAP.BSE_IDX,01/07/2025,09:27:12,9856.62,0,0,0,0,0,0
LRGCAP.BSE_IDX,01/07/2025,09:27:19,9857.21,0,0,0,0,0,0
LRGCAP.BSE_IDX,01/07/2025,09:27:28,9856.39,0,0,0,0,0,0
LRGCAP.BSE_IDX,01/07/2025,09:27:36,9855.94,0,0,0,0,0,0
LRGCAP.BSE_IDX,01/07/2025,09:27:44,9855.96,0,0,0,0,0,0
LRGCAP.BSE_IDX,01/07/2025,09:27:51,9856.11,0,0,0,0,0,0
LRGCAP.BSE_IDX,01/07/2025,09:28:00,9857.49,0,0,0,0,0,0
LRGCAP.BSE_IDX,01/07/2025,09:28:08,9856.5,0,0,0,0,0,0
LRGCAP.BSE_IDX,01/07/2025,09:28:16,9856.87,0,0,0,0,0,0
LRGCAP.BSE_IDX,01/07/2025,09:28:24,9855.65,0,0,0,0,0,0
LRGCAP.BSE_IDX,01/07/2025,09:28:32,9854.83,0,0,0,0,0,0
LRGCAP.BSE_IDX,01/07/2025,09:28:40,9853.31,0,0,0,0,0,0
LRGCAP.BSE_IDX,01/07/2025,09:28:48,9853,0,0,0,0,0,0
LRGCAP.BSE_IDX,01/07/2025,09:28:56,9852.44,0,0,0,0,0,0
LRGCAP.BSE_IDX,01/07/2025,09:29:04,9853.21,0,0,0,0,0,0
LRGCAP.BSE_IDX,01/07/2025,09:29:12,9853.28,0,0,0,0,0,0
LRGCAP.BSE_IDX,01/07/2025,09:29:20,9852.1,0,0,0,0,0,0
LRGCAP.BSE_IDX,01/07/2025,09:29:28,9852.21,0,0,0,0,0,0
LRGCAP.BSE_IDX,01/07/2025,09:29:36,9852.38,0,0,0,0,0,0
LRGCAP.BSE_IDX,01/07/2025,09:29:44,9853.33,0,0,0,0,0,0
LRGCAP.BSE_IDX,01/07/2025,09:29:52,9853.52,0,0,0,0,0,0
LRGCAP.BSE_IDX,01/07/2025,09:30:00,9854.1,0,0,0,0,0,0
LRGCAP.BSE_IDX,01/07/2025,09:30:08,9855.22,0,0,0,0,0,0
LRGCAP.BSE_IDX,01/07/2025,09:30:16,9858.55,0,0,0,0,0,0
LRGCAP.BSE_IDX,01/07/2025,09:30:24,9858.89,0,0,0,0,0,0
LRGCAP.BSE_IDX,01/07/2025,09:30:32,9859.86,0,0,0,0,0,0
LRGCAP.BSE_IDX,01/07/2025,09:30:40,9860.54,0,0,0,0,0,0
LRGCAP.BSE_IDX,01/07/2025,09:30:48,9860.77,0,0,0,0,0,0
LRGCAP.BSE_IDX,01/07/2025,09:30:56,9859.71,0,0,0,0,0,0
LRGCAP.BSE_IDX,01/07/2025,09:31:04,9859.79,0,0,0,0,0,0
LRGCAP.BSE_IDX,01/07/2025,09:31:12,9857.85,0,0,0,0,0,0
LRGCAP.BSE_IDX,01/07/2025,09:31:20,9856.95,0,0,0,0,0,0
LRGCAP.BSE_IDX,01/07/2025,09:31:28,9856.48,0,0,0,0,0,0
LRGCAP.BSE_IDX,01/07/2025,09:31:36,9856.1,0,0,0,0,0,0
LRGCAP.BSE_IDX,01/07/2025,09:31:44,9855.46,0,0,0,0,0,0
LRGCAP.BSE_IDX,01/07/2025,09:31:52,9856.14,0,0,0,0,0,0
LRGCAP.BSE_IDX,01/07/2025,09:32:00,9856.9,0,0,0,0,0,0
LRGCAP.BSE_IDX,01/07/2025,09:32:08,9855.73,0,0,0,0,0,0
LRGCAP.BSE_IDX,01/07/2025,09:32:16,9855.08,0,0,0,0,0,0
LRGCAP.BSE_IDX,01/07/2025,09:32:24,9854.89,0,0,0,0,0,0
LRGCAP.BSE_IDX,01/07/2025,09:32:32,9855.61,0,0,0,0,0,0
LRGCAP.BSE_IDX,01/07/2025,09:32:40,9855.17,0,0,0,0,0,0
LRGCAP.BSE_IDX,01/07/2025,09:32:48,9855.84,0,0,0,0,0,0
LRGCAP.BSE_IDX,01/07/2025,09:32:56,9856.87,0,0,0,0,0,0
LRGCAP.BSE_IDX,01/07/2025,09:33:04,9857.88,0,0,0,0,0,0
LRGCAP.BSE_IDX,01/07/2025,09:33:12,9858.28,0,0,0,0,0,0
LRGCAP.BSE_IDX,01/07/2025,09:33:20,9858.75,0,0,0,0,0,0
LRGCAP.BSE_IDX,01/07/2025,09:33:28,9858.77,0,0,0,0,0,0
LRGCAP.BSE_IDX,01/07/2025,09:33:36,9858.48,0,0,0,0,0,0
LRGCAP.BSE_IDX,01/07/2025,09:33:44,9858.24,0,0,0,0,0,0
LRGCAP.BSE_IDX,01/07/2025,09:33:52,9858.24,0,0,0,0,0,0
LRGCAP.BSE_IDX,01/07/2025,09:34:00,9858.2,0,0,0,0,0,0
LRGCAP.BSE_IDX,01/07/2025,09:34:08,9857.58,0,0,0,0,0,0
LRGCAP.BSE_IDX,01/07/2025,09:34:16,9857.24,0,0,0,0,0,0
LRGCAP.BSE_IDX,01/07/2025,09:34:24,9857.58,0,0,0,0,0,0
LRGCAP.BSE_IDX,01/07/2025,09:34:32,9857.38,0,0,0,0,0,0
LRGCAP.BSE_IDX,01/07/2025,09:34:40,9857.64,0,0,0,0,0,0
LRGCAP.BSE_IDX,01/07/2025,09:34:48,9858.03,0,0,0,0,0,0
LRGCAP.BSE_IDX,01/07/2025,09:34:56,9857.99,0,0,0,0,0,0
LRGCAP.BSE_IDX,01/07/2025,09:35:05,9857.32,0,0,0,0,0,0
LRGCAP.BSE_IDX,01/07/2025,09:35:12,9857.19,0,0,0,0,0,0
LRGCAP.BSE_IDX,01/07/2025,09:35:20,9855.74,0,0,0,0,0,0
LRGCAP.BSE_IDX,01/07/2025,09:35:28,9855.43,0,0,0,0,0,0
LRGCAP.BSE_IDX,01/07/2025,09:35:36,9856.02,0,0,0,0,0,0
LRGCAP.BSE_IDX,01/07/2025,09:35:44,9856.07,0,0,0,0,0,0
LRGCAP.BSE_IDX,01/07/2025,09:35:52,9855.28,0,0,0,0,0,0
LRGCAP.BSE_IDX,01/07/2025,09:36:00,9855.56,0,0,0,0,0,0
LRGCAP.BSE_IDX,01/07/2025,09:36:08,9855.4,0,0,0,0,0,0
LRGCAP.BSE_IDX,01/07/2025,09:36:16,9855.03,0,0,0,0,0,0
LRGCAP.BSE_IDX,01/07/2025,09:36:24,9855.13,0,0,0,0,0,0
LRGCAP.BSE_IDX,01/07/2025,09:36:33,9854.77,0,0,0,0,0,0
LRGCAP.BSE_IDX,01/07/2025,09:36:40,9853.28,0,0,0,0,0,0
LRGCAP.BSE_IDX,01/07/2025,09:36:48,9855.05,0,0,0,0,0,0
LRGCAP.BSE_IDX,01/07/2025,09:36:56,9854.94,0,0,0,0,0,0
LRGCAP.BSE_IDX,01/07/2025,09:37:04,9855.62,0,0,0,0,0,0
LRGCAP.BSE_IDX,01/07/2025,09:37:12,9856.04,0,0,0,0,0,0
LRGCAP.BSE_IDX,01/07/2025,09:37:20,9855.92,0,0,0,0,0,0
LRGCAP.BSE_IDX,01/07/2025,09:37:28,9856.45,0,0,0,0,0,0
LRGCAP.BSE_IDX,01/07/2025,09:37:36,9856.1,0,0,0,0,0,0
LRGCAP.BSE_IDX,01/07/2025,09:37:44,9856.74,0,0,0,0,0,0
LRGCAP.BSE_IDX,01/07/2025,09:37:52,9856.54,0,0,0,0,0,0
LRGCAP.BSE_IDX,01/07/2025,09:38:00,9856.84,0,0,0,0,0,0
LRGCAP.BSE_IDX,01/07/2025,09:38:08,9856.22,0,0,0,0,0,0
LRGCAP.BSE_IDX,01/07/2025,09:38:16,9855.47,0,0,0,0,0,0
LRGCAP.BSE_IDX,01/07/2025,09:38:24,9855.67,0,0,0,0,0,0
LRGCAP.BSE_IDX,01/07/2025,09:38:32,9855.09,0,0,0,0,0,0
LRGCAP.BSE_IDX,01/07/2025,09:38:40,9854.34,0,0,0,0,0,0
LRGCAP.BSE_IDX,01/07/2025,09:38:48,9854.59,0,0,0,0,0,0
LRGCAP.BSE_IDX,01/07/2025,09:38:56,9854.57,0,0,0,0,0,0
LRGCAP.BSE_IDX,01/07/2025,09:39:04,9853.14,0,0,0,0,0,0
LRGCAP.BSE_IDX,01/07/2025,09:39:12,9854.33,0,0,0,0,0,0
LRGCAP.BSE_IDX,01/07/2025,09:39:20,9854.7,0,0,0,0,0,0
LRGCAP.BSE_IDX,01/07/2025,09:39:28,9854.59,0,0,0,0,0,0
LRGCAP.BSE_IDX,01/07/2025,09:39:36,9855.2,0,0,0,0,0,0
LRGCAP.BSE_IDX,01/07/2025,09:39:44,9855.91,0,0,0,0,0,0
LRGCAP.BSE_IDX,01/07/2025,09:39:52,9856.39,0,0,0,0,0,0
LRGCAP.BSE_IDX,01/07/2025,09:40:00,9856.76,0,0,0,0,0,0
LRGCAP.BSE_IDX,01/07/2025,09:40:08,9857.38,0,0,0,0,0,0
LRGCAP.BSE_IDX,01/07/2025,09:40:16,9857.52,0,0,0,0,0,0
LRGCAP.BSE_IDX,01/07/2025,09:40:24,9858.03,0,0,0,0,0,0
LRGCAP.BSE_IDX,01/07/2025,09:40:32,9856.26,0,0,0,0,0,0
LRGCAP.BSE_IDX,01/07/2025,09:40:40,9856.28,0,0,0,0,0,0
LRGCAP.BSE_IDX,01/07/2025,09:40:48,9856.11,0,0,0,0,0,0
LRGCAP.BSE_IDX,01/07/2025,09:40:56,9856.3,0,0,0,0,0,0
LRGCAP.BSE_IDX,01/07/2025,09:41:04,9855.94,0,0,0,0,0,0
LRGCAP.BSE_IDX,01/07/2025,09:41:12,9856.54,0,0,0,0,0,0
LRGCAP.BSE_IDX,01/07/2025,09:41:20,9856.99,0,0,0,0,0,0
LRGCAP.BSE_IDX,01/07/2025,09:41:28,9857.42,0,0,0,0,0,0
LRGCAP.BSE_IDX,01/07/2025,09:41:36,9857.79,0,0,0,0,0,0
LRGCAP.BSE_IDX,01/07/2025,09:41:44,9856.95,0,0,0,0,0,0
LRGCAP.BSE_IDX,01/07/2025,09:41:52,9856.91,0,0,0,0,0,0
LRGCAP.BSE_IDX,01/07/2025,09:42:00,9857.64,0,0,0,0,0,0
LRGCAP.BSE_IDX,01/07/2025,09:42:08,9858.39,0,0,0,0,0,0
LRGCAP.BSE_IDX,01/07/2025,09:42:16,9858.35,0,0,0,0,0,0
LRGCAP.BSE_IDX,01/07/2025,09:42:24,9857.68,0,0,0,0,0,0
LRGCAP.BSE_IDX,01/07/2025,09:42:32,9857.42,0,0,0,0,0,0
LRGCAP.BSE_IDX,01/07/2025,09:42:40,9857.59,0,0,0,0,0,0
LRGCAP.BSE_IDX,01/07/2025,09:42:48,9858.28,0,0,0,0,0,0
LRGCAP.BSE_IDX,01/07/2025,09:42:56,9859.68,0,0,0,0,0,0
LRGCAP.BSE_IDX,01/07/2025,09:43:04,9858.76,0,0,0,0,0,0
LRGCAP.BSE_IDX,01/07/2025,09:43:12,9858.21,0,0,0,0,0,0
LRGCAP.BSE_IDX,01/07/2025,09:43:20,9857.89,0,0,0,0,0,0
LRGCAP.BSE_IDX,01/07/2025,09:43:28,9858.48,0,0,0,0,0,0
LRGCAP.BSE_IDX,01/07/2025,09:43:36,9858.03,0,0,0,0,0,0
LRGCAP.BSE_IDX,01/07/2025,09:43:44,9857.56,0,0,0,0,0,0
LRGCAP.BSE_IDX,01/07/2025,09:43:53,9857.25,0,0,0,0,0,0
LRGCAP.BSE_IDX,01/07/2025,09:44:00,9857.26,0,0,0,0,0,0
LRGCAP.BSE_IDX,01/07/2025,09:44:08,9857.26,0,0,0,0,0,0
LRGCAP.BSE_IDX,01/07/2025,09:44:16,9857.14,0,0,0,0,0,0
LRGCAP.BSE_IDX,01/07/2025,09:44:24,9858.03,0,0,0,0,0,0
LRGCAP.BSE_IDX,01/07/2025,09:44:32,9857.92,0,0,0,0,0,0
LRGCAP.BSE_IDX,01/07/2025,09:44:40,9857.5,0,0,0,0,0,0
LRGCAP.BSE_IDX,01/07/2025,09:44:48,9857.36,0,0,0,0,0,0
LRGCAP.BSE_IDX,01/07/2025,09:44:56,9856.98,0,0,0,0,0,0
LRGCAP.BSE_IDX,01/07/2025,09:45:05,9855.87,0,0,0,0,0,0
LRGCAP.BSE_IDX,01/07/2025,09:45:12,9854.81,0,0,0,0,0,0
LRGCAP.BSE_IDX,01/07/2025,09:45:20,9854.3,0,0,0,0,0,0
LRGCAP.BSE_IDX,01/07/2025,09:45:28,9855.05,0,0,0,0,0,0
LRGCAP.BSE_IDX,01/07/2025,09:45:36,9854.09,0,0,0,0,0,0
LRGCAP.BSE_IDX,01/07/2025,09:45:44,9852.76,0,0,0,0,0,0
LRGCAP.BSE_IDX,01/07/2025,09:45:52,9853.1,0,0,0,0,0,0
LRGCAP.BSE_IDX,01/07/2025,09:46:01,9852.84,0,0,0,0,0,0
LRGCAP.BSE_IDX,01/07/2025,09:46:08,9851.4,0,0,0,0,0,0
LRGCAP.BSE_IDX,01/07/2025,09:46:16,9851.65,0,0,0,0,0,0
LRGCAP.BSE_IDX,01/07/2025,09:46:24,9851.84,0,0,0,0,0,0
LRGCAP.BSE_IDX,01/07/2025,09:46:32,9852.23,0,0,0,0,0,0
LRGCAP.BSE_IDX,01/07/2025,09:46:40,9852.66,0,0,0,0,0,0
LRGCAP.BSE_IDX,01/07/2025,09:46:48,9852.31,0,0,0,0,0,0
LRGCAP.BSE_IDX,01/07/2025,09:46:56,9852.58,0,0,0,0,0,0
LRGCAP.BSE_IDX,01/07/2025,09:47:04,9852.17,0,0,0,0,0,0
LRGCAP.BSE_IDX,01/07/2025,09:47:12,9852.68,0,0,0,0,0,0
LRGCAP.BSE_IDX,01/07/2025,09:47:20,9852.19,0,0,0,0,0,0
LRGCAP.BSE_IDX,01/07/2025,09:47:28,9851.83,0,0,0,0,0,0
LRGCAP.BSE_IDX,01/07/2025,09:47:36,9851.44,0,0,0,0,0,0
LRGCAP.BSE_IDX,01/07/2025,09:47:44,9851.66,0,0,0,0,0,0
LRGCAP.BSE_IDX,01/07/2025,09:47:52,9853.39,0,0,0,0,0,0
LRGCAP.BSE_IDX,01/07/2025,09:48:00,9854.12,0,0,0,0,0,0
LRGCAP.BSE_IDX,01/07/2025,09:48:08,9854.23,0,0,0,0,0,0
LRGCAP.BSE_IDX,01/07/2025,09:48:16,9855.32,0,0,0,0,0,0
LRGCAP.BSE_IDX,01/07/2025,09:48:24,9856.68,0,0,0,0,0,0
LRGCAP.BSE_IDX,01/07/2025,09:48:32,9857.83,0,0,0,0,0,0
LRGCAP.BSE_IDX,01/07/2025,09:48:40,9856.86,0,0,0,0,0,0
LRGCAP.BSE_IDX,01/07/2025,09:48:48,9856.25,0,0,0,0,0,0
LRGCAP.BSE_IDX,01/07/2025,09:48:56,9856.56,0,0,0,0,0,0
LRGCAP.BSE_IDX,01/07/2025,09:49:04,9857.38,0,0,0,0,0,0
LRGCAP.BSE_IDX,01/07/2025,09:49:12,9857.59,0,0,0,0,0,0
LRGCAP.BSE_IDX,01/07/2025,09:49:20,9857.53,0,0,0,0,0,0
LRGCAP.BSE_IDX,01/07/2025,09:49:28,9858.16,0,0,0,0,0,0
LRGCAP.BSE_IDX,01/07/2025,09:49:36,9858.47,0,0,0,0,0,0
LRGCAP.BSE_IDX,01/07/2025,09:49:44,9858.98,0,0,0,0,0,0
LRGCAP.BSE_IDX,01/07/2025,09:49:52,9859.44,0,0,0,0,0,0
LRGCAP.BSE_IDX,01/07/2025,09:50:00,9859.16,0,0,0,0,0,0
LRGCAP.BSE_IDX,01/07/2025,09:50:08,9859.57,0,0,0,0,0,0
LRGCAP.BSE_IDX,01/07/2025,09:50:16,9859.37,0,0,0,0,0,0
LRGCAP.BSE_IDX,01/07/2025,09:50:24,9859.54,0,0,0,0,0,0
LRGCAP.BSE_IDX,01/07/2025,09:50:32,9858.17,0,0,0,0,0,0
LRGCAP.BSE_IDX,01/07/2025,09:50:40,9856.55,0,0,0,0,0,0
LRGCAP.BSE_IDX,01/07/2025,09:50:48,9857,0,0,0,0,0,0
LRGCAP.BSE_IDX,01/07/2025,09:50:57,9856.7,0,0,0,0,0,0
LRGCAP.BSE_IDX,01/07/2025,09:51:04,9856.72,0,0,0,0,0,0
LRGCAP.BSE_IDX,01/07/2025,09:51:12,9858,0,0,0,0,0,0
LRGCAP.BSE_IDX,01/07/2025,09:51:20,9857.86,0,0,0,0,0,0
LRGCAP.BSE_IDX,01/07/2025,09:51:28,9856.61,0,0,0,0,0,0
LRGCAP.BSE_IDX,01/07/2025,09:51:37,9854.9,0,0,0,0,0,0
LRGCAP.BSE_IDX,01/07/2025,09:51:44,9855.83,0,0,0,0,0,0
LRGCAP.BSE_IDX,01/07/2025,09:51:52,9854.66,0,0,0,0,0,0
LRGCAP.BSE_IDX,01/07/2025,09:52:01,9853.7,0,0,0,0,0,0
LRGCAP.BSE_IDX,01/07/2025,09:52:08,9852.31,0,0,0,0,0,0
LRGCAP.BSE_IDX,01/07/2025,09:52:17,9850.28,0,0,0,0,0,0
LRGCAP.BSE_IDX,01/07/2025,09:52:24,9849.92,0,0,0,0,0,0
LRGCAP.BSE_IDX,01/07/2025,09:52:32,9851.27,0,0,0,0,0,0
LRGCAP.BSE_IDX,01/07/2025,09:52:40,9851.22,0,0,0,0,0,0
LRGCAP.BSE_IDX,01/07/2025,09:52:48,9851.86,0,0,0,0,0,0
LRGCAP.BSE_IDX,01/07/2025,09:52:57,9851.7,0,0,0,0,0,0
LRGCAP.BSE_IDX,01/07/2025,09:53:04,9851.69,0,0,0,0,0,0
LRGCAP.BSE_IDX,01/07/2025,09:53:13,9852.08,0,0,0,0,0,0
LRGCAP.BSE_IDX,01/07/2025,09:53:20,9852.67,0,0,0,0,0,0
LRGCAP.BSE_IDX,01/07/2025,09:53:28,9852.66,0,0,0,0,0,0
LRGCAP.BSE_IDX,01/07/2025,09:53:36,9852.45,0,0,0,0,0,0
LRGCAP.BSE_IDX,01/07/2025,09:53:44,9851.73,0,0,0,0,0,0
LRGCAP.BSE_IDX,01/07/2025,09:53:52,9851.25,0,0,0,0,0,0
LRGCAP.BSE_IDX,01/07/2025,09:54:00,9849.64,0,0,0,0,0,0
LRGCAP.BSE_IDX,01/07/2025,09:54:08,9848.56,0,0,0,0,0,0
LRGCAP.BSE_IDX,01/07/2025,09:54:16,9848.68,0,0,0,0,0,0
LRGCAP.BSE_IDX,01/07/2025,09:54:24,9847.56,0,0,0,0,0,0
LRGCAP.BSE_IDX,01/07/2025,09:54:32,9847.19,0,0,0,0,0,0
LRGCAP.BSE_IDX,01/07/2025,09:54:40,9846.84,0,0,0,0,0,0
LRGCAP.BSE_IDX,01/07/2025,09:54:48,9847.05,0,0,0,0,0,0
LRGCAP.BSE_IDX,01/07/2025,09:54:56,9846.86,0,0,0,0,0,0
LRGCAP.BSE_IDX,01/07/2025,09:55:04,9846.44,0,0,0,0,0,0
LRGCAP.BSE_IDX,01/07/2025,09:55:12,9846.64,0,0,0,0,0,0
LRGCAP.BSE_IDX,01/07/2025,09:55:20,9846.21,0,0,0,0,0,0
LRGCAP.BSE_IDX,01/07/2025,09:55:28,9846.27,0,0,0,0,0,0
LRGCAP.BSE_IDX,01/07/2025,09:55:36,9846.27,0,0,0,0,0,0
LRGCAP.BSE_IDX,01/07/2025,09:55:44,9845.65,0,0,0,0,0,0
LRGCAP.BSE_IDX,01/07/2025,09:55:52,9844.98,0,0,0,0,0,0
LRGCAP.BSE_IDX,01/07/2025,09:56:00,9845.18,0,0,0,0,0,0
LRGCAP.BSE_IDX,01/07/2025,09:56:08,9844.89,0,0,0,0,0,0
LRGCAP.BSE_IDX,01/07/2025,09:56:16,9845.13,0,0,0,0,0,0
LRGCAP.BSE_IDX,01/07/2025,09:56:25,9845.46,0,0,0,0,0,0
LRGCAP.BSE_IDX,01/07/2025,09:56:32,9844.65,0,0,0,0,0,0
LRGCAP.BSE_IDX,01/07/2025,09:56:41,9844.56,0,0,0,0,0,0
LRGCAP.BSE_IDX,01/07/2025,09:56:48,9845.15,0,0,0,0,0,0
LRGCAP.BSE_IDX,01/07/2025,09:56:57,9844.65,0,0,0,0,0,0
LRGCAP.BSE_IDX,01/07/2025,09:57:04,9844.75,0,0,0,0,0,0
LRGCAP.BSE_IDX,01/07/2025,09:57:12,9845.29,0,0,0,0,0,0
LRGCAP.BSE_IDX,01/07/2025,09:57:20,9845.96,0,0,0,0,0,0
LRGCAP.BSE_IDX,01/07/2025,09:57:28,9846.09,0,0,0,0,0,0
LRGCAP.BSE_IDX,01/07/2025,09:57:36,9845.52,0,0,0,0,0,0
LRGCAP.BSE_IDX,01/07/2025,09:57:44,9846.49,0,0,0,0,0,0
LRGCAP.BSE_IDX,01/07/2025,09:57:52,9846.18,0,0,0,0,0,0
LRGCAP.BSE_IDX,01/07/2025,09:58:00,9845.88,0,0,0,0,0,0
LRGCAP.BSE_IDX,01/07/2025,09:58:08,9846.23,0,0,0,0,0,0
LRGCAP.BSE_IDX,01/07/2025,09:58:16,9847.02,0,0,0,0,0,0
LRGCAP.BSE_IDX,01/07/2025,09:58:24,9846.15,0,0,0,0,0,0
LRGCAP.BSE_IDX,01/07/2025,09:58:32,9847.01,0,0,0,0,0,0
LRGCAP.BSE_IDX,01/07/2025,09:58:40,9847.74,0,0,0,0,0,0
LRGCAP.BSE_IDX,01/07/2025,09:58:48,9848.16,0,0,0,0,0,0
LRGCAP.BSE_IDX,01/07/2025,09:58:56,9848.96,0,0,0,0,0,0
LRGCAP.BSE_IDX,01/07/2025,09:59:05,9849.89,0,0,0,0,0,0
LRGCAP.BSE_IDX,01/07/2025,09:59:12,9849.55,0,0,0,0,0,0
LRGCAP.BSE_IDX,01/07/2025,09:59:20,9849.96,0,0,0,0,0,0
LRGCAP.BSE_IDX,01/07/2025,09:59:28,9850.37,0,0,0,0,0,0
LRGCAP.BSE_IDX,01/07/2025,09:59:36,9850.25,0,0,0,0,0,0
LRGCAP.BSE_IDX,01/07/2025,09:59:45,9850.26,0,0,0,0,0,0
LRGCAP.BSE_IDX,01/07/2025,09:59:52,9850.26,0,0,0,0,0,0
LRGCAP.BSE_IDX,01/07/2025,10:00:00,9850.09,0,0,0,0,0,0
LRGCAP.BSE_IDX,01/07/2025,10:00:08,9851.66,0,0,0,0,0,0
LRGCAP.BSE_IDX,01/07/2025,10:00:16,9852.13,0,0,0,0,0,0
LRGCAP.BSE_IDX,01/07/2025,10:00:24,9851.52,0,0,0,0,0,0
LRGCAP.BSE_IDX,01/07/2025,10:00:32,9851.2,0,0,0,0,0,0
LRGCAP.BSE_IDX,01/07/2025,10:00:40,9851.21,0,0,0,0,0,0
LRGCAP.BSE_IDX,01/07/2025,10:00:48,9851.05,0,0,0,0,0,0
LRGCAP.BSE_IDX,01/07/2025,10:00:56,9850.89,0,0,0,0,0,0
LRGCAP.BSE_IDX,01/07/2025,10:01:04,9849.72,0,0,0,0,0,0
LRGCAP.BSE_IDX,01/07/2025,10:01:12,9848.18,0,0,0,0,0,0
LRGCAP.BSE_IDX,01/07/2025,10:01:21,9848.06,0,0,0,0,0,0
LRGCAP.BSE_IDX,01/07/2025,10:01:28,9847.41,0,0,0,0,0,0
LRGCAP.BSE_IDX,01/07/2025,10:01:36,9846.99,0,0,0,0,0,0
LRGCAP.BSE_IDX,01/07/2025,10:01:44,9846.95,0,0,0,0,0,0
LRGCAP.BSE_IDX,01/07/2025,10:01:52,9845.99,0,0,0,0,0,0
LRGCAP.BSE_IDX,01/07/2025,10:02:00,9845.56,0,0,0,0,0,0
LRGCAP.BSE_IDX,01/07/2025,10:02:08,9845.39,0,0,0,0,0,0
LRGCAP.BSE_IDX,01/07/2025,10:02:17,9844.93,0,0,0,0,0,0
LRGCAP.BSE_IDX,01/07/2025,10:02:24,9845.25,0,0,0,0,0,0
LRGCAP.BSE_IDX,01/07/2025,10:02:32,9843.97,0,0,0,0,0,0
LRGCAP.BSE_IDX,01/07/2025,10:02:41,9844.15,0,0,0,0,0,0
LRGCAP.BSE_IDX,01/07/2025,10:02:49,9844.31,0,0,0,0,0,0
LRGCAP.BSE_IDX,01/07/2025,10:02:56,9843.51,0,0,0,0,0,0
LRGCAP.BSE_IDX,01/07/2025,10:03:04,9843.19,0,0,0,0,0,0
LRGCAP.BSE_IDX,01/07/2025,10:03:13,9842.4,0,0,0,0,0,0
LRGCAP.BSE_IDX,01/07/2025,10:03:20,9840.76,0,0,0,0,0,0
LRGCAP.BSE_IDX,01/07/2025,10:03:29,9840.59,0,0,0,0,0,0
LRGCAP.BSE_IDX,01/07/2025,10:03:37,9841.57,0,0,0,0,0,0
LRGCAP.BSE_IDX,01/07/2025,10:03:45,9841.79,0,0,0,0,0,0
LRGCAP.BSE_IDX,01/07/2025,10:03:53,9842.36,0,0,0,0,0,0
LRGCAP.BSE_IDX,01/07/2025,10:04:01,9842.94,0,0,0,0,0,0
LRGCAP.BSE_IDX,01/07/2025,10:04:09,9842.78,0,0,0,0,0,0
LRGCAP.BSE_IDX,01/07/2025,10:04:17,9842.48,0,0,0,0,0,0
LRGCAP.BSE_IDX,01/07/2025,10:04:25,9842.24,0,0,0,0,0,0
LRGCAP.BSE_IDX,01/07/2025,10:04:33,9844.64,0,0,0,0,0,0
LRGCAP.BSE_IDX,01/07/2025,10:04:41,9845.8,0,0,0,0,0,0
LRGCAP.BSE_IDX,01/07/2025,10:04:50,9845.87,0,0,0,0,0,0
LRGCAP.BSE_IDX,01/07/2025,10:04:57,9845.67,0,0,0,0,0,0
LRGCAP.BSE_IDX,01/07/2025,10:05:05,9843.35,0,0,0,0,0,0
LRGCAP.BSE_IDX,01/07/2025,10:05:14,9842.81,0,0,0,0,0,0
LRGCAP.BSE_IDX,01/07/2025,10:05:21,9841.73,0,0,0,0,0,0
LRGCAP.BSE_IDX,01/07/2025,10:05:29,9839.04,0,0,0,0,0,0
LRGCAP.BSE_IDX,01/07/2025,10:05:37,9838.36,0,0,0,0,0,0
LRGCAP.BSE_IDX,01/07/2025,10:05:45,9840.7,0,0,0,0,0,0
LRGCAP.BSE_IDX,01/07/2025,10:05:53,9841.62,0,0,0,0,0,0
LRGCAP.BSE_IDX,01/07/2025,10:06:01,9841.73,0,0,0,0,0,0
LRGCAP.BSE_IDX,01/07/2025,10:06:09,9842.18,0,0,0,0,0,0
LRGCAP.BSE_IDX,01/07/2025,10:06:17,9843.06,0,0,0,0,0,0
LRGCAP.BSE_IDX,01/07/2025,10:06:25,9843.57,0,0,0,0,0,0
LRGCAP.BSE_IDX,01/07/2025,10:06:33,9844,0,0,0,0,0,0
LRGCAP.BSE_IDX,01/07/2025,10:06:41,9844.09,0,0,0,0,0,0
LRGCAP.BSE_IDX,01/07/2025,10:06:49,9843.71,0,0,0,0,0,0
LRGCAP.BSE_IDX,01/07/2025,10:06:57,9843.82,0,0,0,0,0,0
LRGCAP.BSE_IDX,01/07/2025,10:07:05,9844.49,0,0,0,0,0,0
LRGCAP.BSE_IDX,01/07/2025,10:07:13,9844.75,0,0,0,0,0,0
LRGCAP.BSE_IDX,01/07/2025,10:07:21,9844.93,0,0,0,0,0,0
LRGCAP.BSE_IDX,01/07/2025,10:07:29,9845.35,0,0,0,0,0,0
LRGCAP.BSE_IDX,01/07/2025,10:07:37,9846.08,0,0,0,0,0,0
LRGCAP.BSE_IDX,01/07/2025,10:07:45,9846.36,0,0,0,0,0,0
LRGCAP.BSE_IDX,01/07/2025,10:07:53,9846.36,0,0,0,0,0,0
LRGCAP.BSE_IDX,01/07/2025,10:08:01,9846.47,0,0,0,0,0,0
LRGCAP.BSE_IDX,01/07/2025,10:08:09,9846.49,0,0,0,0,0,0
LRGCAP.BSE_IDX,01/07/2025,10:08:17,9847.45,0,0,0,0,0,0
LRGCAP.BSE_IDX,01/07/2025,10:08:25,9847.53,0,0,0,0,0,0
LRGCAP.BSE_IDX,01/07/2025,10:08:33,9847.27,0,0,0,0,0,0
LRGCAP.BSE_IDX,01/07/2025,10:08:41,9846.5,0,0,0,0,0,0
LRGCAP.BSE_IDX,01/07/2025,10:08:49,9846.51,0,0,0,0,0,0
LRGCAP.BSE_IDX,01/07/2025,10:08:57,9845.68,0,0,0,0,0,0
LRGCAP.BSE_IDX,01/07/2025,10:09:05,9843.51,0,0,0,0,0,0
LRGCAP.BSE_IDX,01/07/2025,10:09:13,9843.14,0,0,0,0,0,0
LRGCAP.BSE_IDX,01/07/2025,10:09:21,9842.28,0,0,0,0,0,0
LRGCAP.BSE_IDX,01/07/2025,10:09:29,9841.99,0,0,0,0,0,0
LRGCAP.BSE_IDX,01/07/2025,10:09:37,9843.07,0,0,0,0,0,0
LRGCAP.BSE_IDX,01/07/2025,10:09:45,9843.13,0,0,0,0,0,0
LRGCAP.BSE_IDX,01/07/2025,10:09:53,9843.37,0,0,0,0,0,0
LRGCAP.BSE_IDX,01/07/2025,10:10:01,9844.26,0,0,0,0,0,0
LRGCAP.BSE_IDX,01/07/2025,10:10:09,9843.73,0,0,0,0,0,0
LRGCAP.BSE_IDX,01/07/2025,10:10:17,9843.75,0,0,0,0,0,0
LRGCAP.BSE_IDX,01/07/2025,10:10:25,9843.7,0,0,0,0,0,0
LRGCAP.BSE_IDX,01/07/2025,10:10:33,9843.97,0,0,0,0,0,0
LRGCAP.BSE_IDX,01/07/2025,10:10:41,9843.58,0,0,0,0,0,0
LRGCAP.BSE_IDX,01/07/2025,10:10:49,9843.73,0,0,0,0,0,0
LRGCAP.BSE_IDX,01/07/2025,10:10:57,9843.33,0,0,0,0,0,0
LRGCAP.BSE_IDX,01/07/2025,10:11:05,9843.16,0,0,0,0,0,0
LRGCAP.BSE_IDX,01/07/2025,10:11:13,9842.62,0,0,0,0,0,0
LRGCAP.BSE_IDX,01/07/2025,10:11:22,9842.65,0,0,0,0,0,0
LRGCAP.BSE_IDX,01/07/2025,10:11:29,9841.51,0,0,0,0,0,0
LRGCAP.BSE_IDX,01/07/2025,10:11:37,9841.34,0,0,0,0,0,0
LRGCAP.BSE_IDX,01/07/2025,10:11:45,9841.01,0,0,0,0,0,0
LRGCAP.BSE_IDX,01/07/2025,10:11:53,9841.77,0,0,0,0,0,0
LRGCAP.BSE_IDX,01/07/2025,10:12:01,9843.28,0,0,0,0,0,0
LRGCAP.BSE_IDX,01/07/2025,10:12:09,9843.52,0,0,0,0,0,0
LRGCAP.BSE_IDX,01/07/2025,10:12:17,9841.85,0,0,0,0,0,0
LRGCAP.BSE_IDX,01/07/2025,10:12:25,9841.28,0,0,0,0,0,0
LRGCAP.BSE_IDX,01/07/2025,10:12:33,9840.93,0,0,0,0,0,0
LRGCAP.BSE_IDX,01/07/2025,10:12:41,9840.55,0,0,0,0,0,0
LRGCAP.BSE_IDX,01/07/2025,10:12:49,9839.16,0,0,0,0,0,0
LRGCAP.BSE_IDX,01/07/2025,10:12:57,9836.54,0,0,0,0,0,0
LRGCAP.BSE_IDX,01/07/2025,10:13:05,9836.05,0,0,0,0,0,0
LRGCAP.BSE_IDX,01/07/2025,10:13:13,9836.29,0,0,0,0,0,0
LRGCAP.BSE_IDX,01/07/2025,10:13:21,9838.2,0,0,0,0,0,0
LRGCAP.BSE_IDX,01/07/2025,10:13:29,9838.39,0,0,0,0,0,0
LRGCAP.BSE_IDX,01/07/2025,10:13:37,9838.21,0,0,0,0,0,0
LRGCAP.BSE_IDX,01/07/2025,10:13:45,9837.88,0,0,0,0,0,0
LRGCAP.BSE_IDX,01/07/2025,10:13:53,9837.72,0,0,0,0,0,0
LRGCAP.BSE_IDX,01/07/2025,10:14:01,9836.54,0,0,0,0,0,0
LRGCAP.BSE_IDX,01/07/2025,10:14:09,9836.31,0,0,0,0,0,0
LRGCAP.BSE_IDX,01/07/2025,10:14:17,9836.84,0,0,0,0,0,0
LRGCAP.BSE_IDX,01/07/2025,10:14:25,9836.45,0,0,0,0,0,0
LRGCAP.BSE_IDX,01/07/2025,10:14:33,9837,0,0,0,0,0,0
LRGCAP.BSE_IDX,01/07/2025,10:14:41,9835.69,0,0,0,0,0,0
LRGCAP.BSE_IDX,01/07/2025,10:14:49,9835.83,0,0,0,0,0,0
LRGCAP.BSE_IDX,01/07/2025,10:14:57,9836.19,0,0,0,0,0,0
LRGCAP.BSE_IDX,01/07/2025,10:15:05,9835.37,0,0,0,0,0,0
LRGCAP.BSE_IDX,01/07/2025,10:15:13,9834.74,0,0,0,0,0,0
LRGCAP.BSE_IDX,01/07/2025,10:15:21,9834.95,0,0,0,0,0,0
LRGCAP.BSE_IDX,01/07/2025,10:15:29,9833.92,0,0,0,0,0,0
LRGCAP.BSE_IDX,01/07/2025,10:15:37,9834.88,0,0,0,0,0,0
LRGCAP.BSE_IDX,01/07/2025,10:15:45,9835.95,0,0,0,0,0,0
LRGCAP.BSE_IDX,01/07/2025,10:15:53,9836.35,0,0,0,0,0,0
LRGCAP.BSE_IDX,01/07/2025,10:16:01,9835.92,0,0,0,0,0,0
LRGCAP.BSE_IDX,01/07/2025,10:16:09,9836.9,0,0,0,0,0,0
LRGCAP.BSE_IDX,01/07/2025,10:16:17,9836.6,0,0,0,0,0,0
LRGCAP.BSE_IDX,01/07/2025,10:16:25,9837.1,0,0,0,0,0,0
LRGCAP.BSE_IDX,01/07/2025,10:16:33,9836.78,0,0,0,0,0,0
LRGCAP.BSE_IDX,01/07/2025,10:16:41,9836.64,0,0,0,0,0,0
LRGCAP.BSE_IDX,01/07/2025,10:16:49,9836.63,0,0,0,0,0,0
LRGCAP.BSE_IDX,01/07/2025,10:16:57,9836.57,0,0,0,0,0,0
LRGCAP.BSE_IDX,01/07/2025,10:17:05,9836.66,0,0,0,0,0,0
LRGCAP.BSE_IDX,01/07/2025,10:17:13,9836.26,0,0,0,0,0,0
LRGCAP.BSE_IDX,01/07/2025,10:17:21,9837.49,0,0,0,0,0,0
LRGCAP.BSE_IDX,01/07/2025,10:17:29,9837.16,0,0,0,0,0,0
LRGCAP.BSE_IDX,01/07/2025,10:17:37,9837.76,0,0,0,0,0,0
LRGCAP.BSE_IDX,01/07/2025,10:17:45,9838.31,0,0,0,0,0,0
LRGCAP.BSE_IDX,01/07/2025,10:17:53,9838.97,0,0,0,0,0,0
LRGCAP.BSE_IDX,01/07/2025,10:18:01,9839.19,0,0,0,0,0,0
LRGCAP.BSE_IDX,01/07/2025,10:18:09,9839.55,0,0,0,0,0,0
LRGCAP.BSE_IDX,01/07/2025,10:18:17,9840.34,0,0,0,0,0,0
LRGCAP.BSE_IDX,01/07/2025,10:18:25,9840.42,0,0,0,0,0,0
LRGCAP.BSE_IDX,01/07/2025,10:18:33,9840.22,0,0,0,0,0,0
LRGCAP.BSE_IDX,01/07/2025,10:18:41,9839.83,0,0,0,0,0,0
LRGCAP.BSE_IDX,01/07/2025,10:18:49,9839.12,0,0,0,0,0,0
LRGCAP.BSE_IDX,01/07/2025,10:18:57,9838.53,0,0,0,0,0,0
LRGCAP.BSE_IDX,01/07/2025,10:19:05,9837.49,0,0,0,0,0,0
LRGCAP.BSE_IDX,01/07/2025,10:19:13,9837.64,0,0,0,0,0,0
LRGCAP.BSE_IDX,01/07/2025,10:19:21,9838.16,0,0,0,0,0,0
LRGCAP.BSE_IDX,01/07/2025,10:19:29,9838.52,0,0,0,0,0,0
LRGCAP.BSE_IDX,01/07/2025,10:19:37,9837.34,0,0,0,0,0,0
LRGCAP.BSE_IDX,01/07/2025,10:19:45,9838.1,0,0,0,0,0,0
LRGCAP.BSE_IDX,01/07/2025,10:19:53,9837.17,0,0,0,0,0,0
LRGCAP.BSE_IDX,01/07/2025,10:20:01,9837.37,0,0,0,0,0,0
LRGCAP.BSE_IDX,01/07/2025,10:20:09,9837.95,0,0,0,0,0,0
LRGCAP.BSE_IDX,01/07/2025,10:20:17,9838.01,0,0,0,0,0,0
LRGCAP.BSE_IDX,01/07/2025,10:20:25,9837.7,0,0,0,0,0,0
LRGCAP.BSE_IDX,01/07/2025,10:20:33,9837.54,0,0,0,0,0,0
LRGCAP.BSE_IDX,01/07/2025,10:20:41,9837.93,0,0,0,0,0,0
LRGCAP.BSE_IDX,01/07/2025,10:20:49,9836.86,0,0,0,0,0,0
LRGCAP.BSE_IDX,01/07/2025,10:20:57,9836.45,0,0,0,0,0,0
LRGCAP.BSE_IDX,01/07/2025,10:21:05,9836.03,0,0,0,0,0,0
LRGCAP.BSE_IDX,01/07/2025,10:21:13,9835.31,0,0,0,0,0,0
LRGCAP.BSE_IDX,01/07/2025,10:21:21,9835.59,0,0,0,0,0,0
LRGCAP.BSE_IDX,01/07/2025,10:21:29,9835.3,0,0,0,0,0,0
LRGCAP.BSE_IDX,01/07/2025,10:21:37,9835.23,0,0,0,0,0,0
LRGCAP.BSE_IDX,01/07/2025,10:21:45,9834.16,0,0,0,0,0,0
LRGCAP.BSE_IDX,01/07/2025,10:21:53,9834.93,0,0,0,0,0,0
LRGCAP.BSE_IDX,01/07/2025,10:22:01,9834.91,0,0,0,0,0,0
LRGCAP.BSE_IDX,01/07/2025,10:22:09,9834.89,0,0,0,0,0,0
LRGCAP.BSE_IDX,01/07/2025,10:22:17,9834.13,0,0,0,0,0,0
LRGCAP.BSE_IDX,01/07/2025,10:22:25,9834.25,0,0,0,0,0,0
LRGCAP.BSE_IDX,01/07/2025,10:22:33,9833.64,0,0,0,0,0,0
LRGCAP.BSE_IDX,01/07/2025,10:22:41,9833.95,0,0,0,0,0,0
LRGCAP.BSE_IDX,01/07/2025,10:22:49,9833.65,0,0,0,0,0,0
LRGCAP.BSE_IDX,01/07/2025,10:22:57,9834.41,0,0,0,0,0,0
LRGCAP.BSE_IDX,01/07/2025,10:23:05,9834.07,0,0,0,0,0,0
LRGCAP.BSE_IDX,01/07/2025,10:23:13,9834.38,0,0,0,0,0,0
LRGCAP.BSE_IDX,01/07/2025,10:23:21,9834.04,0,0,0,0,0,0
LRGCAP.BSE_IDX,01/07/2025,10:23:29,9834.65,0,0,0,0,0,0
LRGCAP.BSE_IDX,01/07/2025,10:23:37,9834.94,0,0,0,0,0,0
LRGCAP.BSE_IDX,01/07/2025,10:23:45,9835.04,0,0,0,0,0,0
LRGCAP.BSE_IDX,01/07/2025,10:23:53,9834.73,0,0,0,0,0,0
LRGCAP.BSE_IDX,01/07/2025,10:24:01,9835.06,0,0,0,0,0,0
LRGCAP.BSE_IDX,01/07/2025,10:24:09,9834.55,0,0,0,0,0,0
LRGCAP.BSE_IDX,01/07/2025,10:24:17,9833.85,0,0,0,0,0,0
LRGCAP.BSE_IDX,01/07/2025,10:24:25,9833.88,0,0,0,0,0,0
LRGCAP.BSE_IDX,01/07/2025,10:24:33,9833.02,0,0,0,0,0,0
LRGCAP.BSE_IDX,01/07/2025,10:24:41,9832.98,0,0,0,0,0,0
LRGCAP.BSE_IDX,01/07/2025,10:24:49,9833.35,0,0,0,0,0,0
LRGCAP.BSE_IDX,01/07/2025,10:24:57,9833.4,0,0,0,0,0,0
LRGCAP.BSE_IDX,01/07/2025,10:25:05,9833,0,0,0,0,0,0
LRGCAP.BSE_IDX,01/07/2025,10:25:13,9833.28,0,0,0,0,0,0
LRGCAP.BSE_IDX,01/07/2025,10:25:21,9833,0,0,0,0,0,0
LRGCAP.BSE_IDX,01/07/2025,10:25:29,9832.65,0,0,0,0,0,0
LRGCAP.BSE_IDX,01/07/2025,10:25:37,9832.91,0,0,0,0,0,0
LRGCAP.BSE_IDX,01/07/2025,10:25:45,9833.02,0,0,0,0,0,0
LRGCAP.BSE_IDX,01/07/2025,10:25:53,9833.46,0,0,0,0,0,0
LRGCAP.BSE_IDX,01/07/2025,10:26:01,9834.09,0,0,0,0,0,0
LRGCAP.BSE_IDX,01/07/2025,10:26:09,9834.22,0,0,0,0,0,0
LRGCAP.BSE_IDX,01/07/2025,10:26:17,9834.21,0,0,0,0,0,0
LRGCAP.BSE_IDX,01/07/2025,10:26:25,9834.4,0,0,0,0,0,0
LRGCAP.BSE_IDX,01/07/2025,10:26:33,9834.24,0,0,0,0,0,0
LRGCAP.BSE_IDX,01/07/2025,10:26:41,9834.87,0,0,0,0,0,0
LRGCAP.BSE_IDX,01/07/2025,10:26:49,9834.37,0,0,0,0,0,0
LRGCAP.BSE_IDX,01/07/2025,10:26:57,9834.46,0,0,0,0,0,0
LRGCAP.BSE_IDX,01/07/2025,10:27:05,9834.97,0,0,0,0,0,0
LRGCAP.BSE_IDX,01/07/2025,10:27:13,9835.24,0,0,0,0,0,0
LRGCAP.BSE_IDX,01/07/2025,10:27:21,9834.79,0,0,0,0,0,0
LRGCAP.BSE_IDX,01/07/2025,10:27:29,9835.67,0,0,0,0,0,0
LRGCAP.BSE_IDX,01/07/2025,10:27:37,9835.63,0,0,0,0,0,0
LRGCAP.BSE_IDX,01/07/2025,10:27:45,9835.9,0,0,0,0,0,0
LRGCAP.BSE_IDX,01/07/2025,10:27:53,9836.41,0,0,0,0,0,0
LRGCAP.BSE_IDX,01/07/2025,10:28:01,9837.44,0,0,0,0,0,0
LRGCAP.BSE_IDX,01/07/2025,10:28:09,9838.02,0,0,0,0,0,0
LRGCAP.BSE_IDX,01/07/2025,10:28:17,9837.22,0,0,0,0,0,0
LRGCAP.BSE_IDX,01/07/2025,10:28:25,9836.98,0,0,0,0,0,0
LRGCAP.BSE_IDX,01/07/2025,10:28:33,9837.73,0,0,0,0,0,0
LRGCAP.BSE_IDX,01/07/2025,10:28:41,9837.56,0,0,0,0,0,0
LRGCAP.BSE_IDX,01/07/2025,10:28:49,9838.64,0,0,0,0,0,0
LRGCAP.BSE_IDX,01/07/2025,10:28:57,9838.55,0,0,0,0,0,0
LRGCAP.BSE_IDX,01/07/2025,10:29:05,9839.36,0,0,0,0,0,0
LRGCAP.BSE_IDX,01/07/2025,10:29:13,9839.48,0,0,0,0,0,0
LRGCAP.BSE_IDX,01/07/2025,10:29:21,9839.77,0,0,0,0,0,0
LRGCAP.BSE_IDX,01/07/2025,10:29:29,9839.23,0,0,0,0,0,0
LRGCAP.BSE_IDX,01/07/2025,10:29:37,9838.81,0,0,0,0,0,0
LRGCAP.BSE_IDX,01/07/2025,10:29:46,9838.8,0,0,0,0,0,0
LRGCAP.BSE_IDX,01/07/2025,10:29:54,9839.38,0,0,0,0,0,0
LRGCAP.BSE_IDX,01/07/2025,10:30:01,9839.49,0,0,0,0,0,0
LRGCAP.BSE_IDX,01/07/2025,10:30:09,9839.42,0,0,0,0,0,0
LRGCAP.BSE_IDX,01/07/2025,10:30:17,9840.4,0,0,0,0,0,0
LRGCAP.BSE_IDX,01/07/2025,10:30:25,9841.62,0,0,0,0,0,0
LRGCAP.BSE_IDX,01/07/2025,10:30:33,9841.3,0,0,0,0,0,0
LRGCAP.BSE_IDX,01/07/2025,10:30:41,9841.39,0,0,0,0,0,0
LRGCAP.BSE_IDX,01/07/2025,10:30:49,9840.96,0,0,0,0,0,0
LRGCAP.BSE_IDX,01/07/2025,10:30:57,9839.7,0,0,0,0,0,0
LRGCAP.BSE_IDX,01/07/2025,10:31:05,9840.33,0,0,0,0,0,0
LRGCAP.BSE_IDX,01/07/2025,10:31:13,9840.06,0,0,0,0,0,0
LRGCAP.BSE_IDX,01/07/2025,10:31:21,9839.68,0,0,0,0,0,0
LRGCAP.BSE_IDX,01/07/2025,10:31:29,9839.6,0,0,0,0,0,0
LRGCAP.BSE_IDX,01/07/2025,10:31:37,9839.07,0,0,0,0,0,0
LRGCAP.BSE_IDX,01/07/2025,10:31:45,9838.28,0,0,0,0,0,0
LRGCAP.BSE_IDX,01/07/2025,10:31:53,9839.02,0,0,0,0,0,0
LRGCAP.BSE_IDX,01/07/2025,10:32:01,9839.63,0,0,0,0,0,0
LRGCAP.BSE_IDX,01/07/2025,10:32:09,9838.5,0,0,0,0,0,0
LRGCAP.BSE_IDX,01/07/2025,10:32:17,9838.71,0,0,0,0,0,0
LRGCAP.BSE_IDX,01/07/2025,10:32:25,9839.2,0,0,0,0,0,0
LRGCAP.BSE_IDX,01/07/2025,10:32:33,9839.43,0,0,0,0,0,0
LRGCAP.BSE_IDX,01/07/2025,10:32:41,9839.46,0,0,0,0,0,0
LRGCAP.BSE_IDX,01/07/2025,10:32:49,9839.95,0,0,0,0,0,0
LRGCAP.BSE_IDX,01/07/2025,10:32:57,9840.76,0,0,0,0,0,0
LRGCAP.BSE_IDX,01/07/2025,10:33:05,9841.09,0,0,0,0,0,0
LRGCAP.BSE_IDX,01/07/2025,10:33:13,9841.58,0,0,0,0,0,0
LRGCAP.BSE_IDX,01/07/2025,10:33:21,9841.55,0,0,0,0,0,0
LRGCAP.BSE_IDX,01/07/2025,10:33:29,9841.54,0,0,0,0,0,0
LRGCAP.BSE_IDX,01/07/2025,10:33:37,9841.92,0,0,0,0,0,0
LRGCAP.BSE_IDX,01/07/2025,10:33:45,9842.17,0,0,0,0,0,0
LRGCAP.BSE_IDX,01/07/2025,10:33:53,9841.83,0,0,0,0,0,0
LRGCAP.BSE_IDX,01/07/2025,10:34:01,9841.08,0,0,0,0,0,0
LRGCAP.BSE_IDX,01/07/2025,10:34:09,9840.94,0,0,0,0,0,0
LRGCAP.BSE_IDX,01/07/2025,10:34:17,9840.43,0,0,0,0,0,0
LRGCAP.BSE_IDX,01/07/2025,10:34:25,9840.68,0,0,0,0,0,0
LRGCAP.BSE_IDX,01/07/2025,10:34:33,9841.03,0,0,0,0,0,0
LRGCAP.BSE_IDX,01/07/2025,10:34:41,9840.56,0,0,0,0,0,0
LRGCAP.BSE_IDX,01/07/2025,10:34:49,9840.66,0,0,0,0,0,0
LRGCAP.BSE_IDX,01/07/2025,10:34:58,9840.39,0,0,0,0,0,0
LRGCAP.BSE_IDX,01/07/2025,10:35:06,9840.76,0,0,0,0,0,0
LRGCAP.BSE_IDX,01/07/2025,10:35:14,9840.66,0,0,0,0,0,0
LRGCAP.BSE_IDX,01/07/2025,10:35:21,9840.69,0,0,0,0,0,0
LRGCAP.BSE_IDX,01/07/2025,10:35:29,9839.98,0,0,0,0,0,0
LRGCAP.BSE_IDX,01/07/2025,10:35:37,9839.33,0,0,0,0,0,0
LRGCAP.BSE_IDX,01/07/2025,10:35:45,9839.16,0,0,0,0,0,0
LRGCAP.BSE_IDX,01/07/2025,10:35:54,9839.46,0,0,0,0,0,0
LRGCAP.BSE_IDX,01/07/2025,10:36:02,9839.63,0,0,0,0,0,0
LRGCAP.BSE_IDX,01/07/2025,10:36:10,9839.05,0,0,0,0,0,0
LRGCAP.BSE_IDX,01/07/2025,10:36:17,9839.06,0,0,0,0,0,0
LRGCAP.BSE_IDX,01/07/2025,10:36:25,9838.66,0,0,0,0,0,0
LRGCAP.BSE_IDX,01/07/2025,10:36:34,9839.76,0,0,0,0,0,0
LRGCAP.BSE_IDX,01/07/2025,10:36:42,9839.81,0,0,0,0,0,0
LRGCAP.BSE_IDX,01/07/2025,10:36:49,9839.74,0,0,0,0,0,0
LRGCAP.BSE_IDX,01/07/2025,10:36:58,9839.37,0,0,0,0,0,0
LRGCAP.BSE_IDX,01/07/2025,10:37:05,9839.42,0,0,0,0,0,0
LRGCAP.BSE_IDX,01/07/2025,10:37:14,9838.76,0,0,0,0,0,0
LRGCAP.BSE_IDX,01/07/2025,10:37:21,9838.58,0,0,0,0,0,0
LRGCAP.BSE_IDX,01/07/2025,10:37:30,9838.54,0,0,0,0,0,0
LRGCAP.BSE_IDX,01/07/2025,10:37:38,9838.08,0,0,0,0,0,0
LRGCAP.BSE_IDX,01/07/2025,10:37:46,9837.78,0,0,0,0,0,0
LRGCAP.BSE_IDX,01/07/2025,10:37:54,9836.99,0,0,0,0,0,0
LRGCAP.BSE_IDX,01/07/2025,10:38:02,9836.8,0,0,0,0,0,0
LRGCAP.BSE_IDX,01/07/2025,10:38:10,9837.09,0,0,0,0,0,0
LRGCAP.BSE_IDX,01/07/2025,10:38:18,9837.34,0,0,0,0,0,0
LRGCAP.BSE_IDX,01/07/2025,10:38:26,9837.68,0,0,0,0,0,0
LRGCAP.BSE_IDX,01/07/2025,10:38:34,9837.14,0,0,0,0,0,0
LRGCAP.BSE_IDX,01/07/2025,10:38:42,9837.7,0,0,0,0,0,0
LRGCAP.BSE_IDX,01/07/2025,10:38:50,9838.12,0,0,0,0,0,0
LRGCAP.BSE_IDX,01/07/2025,10:38:58,9838.47,0,0,0,0,0,0
LRGCAP.BSE_IDX,01/07/2025,10:39:06,9839.92,0,0,0,0,0,0
LRGCAP.BSE_IDX,01/07/2025,10:39:14,9840.49,0,0,0,0,0,0
LRGCAP.BSE_IDX,01/07/2025,10:39:22,9840.94,0,0,0,0,0,0
LRGCAP.BSE_IDX,01/07/2025,10:39:30,9841.17,0,0,0,0,0,0
LRGCAP.BSE_IDX,01/07/2025,10:39:38,9841.19,0,0,0,0,0,0
LRGCAP.BSE_IDX,01/07/2025,10:39:46,9841.24,0,0,0,0,0,0
LRGCAP.BSE_IDX,01/07/2025,10:39:54,9841.82,0,0,0,0,0,0
LRGCAP.BSE_IDX,01/07/2025,10:40:02,9842.31,0,0,0,0,0,0
LRGCAP.BSE_IDX,01/07/2025,10:40:10,9841.25,0,0,0,0,0,0
LRGCAP.BSE_IDX,01/07/2025,10:40:18,9841.63,0,0,0,0,0,0
LRGCAP.BSE_IDX,01/07/2025,10:40:26,9840.95,0,0,0,0,0,0
LRGCAP.BSE_IDX,01/07/2025,10:40:34,9841.26,0,0,0,0,0,0
LRGCAP.BSE_IDX,01/07/2025,10:40:42,9840.81,0,0,0,0,0,0
LRGCAP.BSE_IDX,01/07/2025,10:40:50,9840.99,0,0,0,0,0,0
LRGCAP.BSE_IDX,01/07/2025,10:40:58,9841.11,0,0,0,0,0,0
LRGCAP.BSE_IDX,01/07/2025,10:41:06,9841.03,0,0,0,0,0,0
LRGCAP.BSE_IDX,01/07/2025,10:41:14,9840.31,0,0,0,0,0,0
LRGCAP.BSE_IDX,01/07/2025,10:41:22,9841.06,0,0,0,0,0,0
LRGCAP.BSE_IDX,01/07/2025,10:41:30,9840.82,0,0,0,0,0,0
LRGCAP.BSE_IDX,01/07/2025,10:41:38,9842.31,0,0,0,0,0,0
LRGCAP.BSE_IDX,01/07/2025,10:41:46,9841.59,0,0,0,0,0,0
LRGCAP.BSE_IDX,01/07/2025,10:41:54,9841.49,0,0,0,0,0,0
LRGCAP.BSE_IDX,01/07/2025,10:42:02,9841.64,0,0,0,0,0,0
LRGCAP.BSE_IDX,01/07/2025,10:42:10,9841.8,0,0,0,0,0,0
LRGCAP.BSE_IDX,01/07/2025,10:42:18,9842.29,0,0,0,0,0,0
LRGCAP.BSE_IDX,01/07/2025,10:42:26,9842.23,0,0,0,0,0,0
LRGCAP.BSE_IDX,01/07/2025,10:42:34,9841.74,0,0,0,0,0,0
LRGCAP.BSE_IDX,01/07/2025,10:42:42,9841.26,0,0,0,0,0,0
LRGCAP.BSE_IDX,01/07/2025,10:42:50,9841.22,0,0,0,0,0,0
LRGCAP.BSE_IDX,01/07/2025,10:42:58,9840.48,0,0,0,0,0,0
LRGCAP.BSE_IDX,01/07/2025,10:43:06,9840.91,0,0,0,0,0,0
LRGCAP.BSE_IDX,01/07/2025,10:43:14,9841.27,0,0,0,0,0,0
LRGCAP.BSE_IDX,01/07/2025,10:43:22,9841,0,0,0,0,0,0
LRGCAP.BSE_IDX,01/07/2025,10:43:30,9841.1,0,0,0,0,0,0
LRGCAP.BSE_IDX,01/07/2025,10:43:38,9840.27,0,0,0,0,0,0
LRGCAP.BSE_IDX,01/07/2025,10:43:46,9840.88,0,0,0,0,0,0
LRGCAP.BSE_IDX,01/07/2025,10:43:54,9840.21,0,0,0,0,0,0
LRGCAP.BSE_IDX,01/07/2025,10:44:02,9839.68,0,0,0,0,0,0
LRGCAP.BSE_IDX,01/07/2025,10:44:10,9838.84,0,0,0,0,0,0
LRGCAP.BSE_IDX,01/07/2025,10:44:18,9838.65,0,0,0,0,0,0
LRGCAP.BSE_IDX,01/07/2025,10:44:26,9838.66,0,0,0,0,0,0
LRGCAP.BSE_IDX,01/07/2025,10:44:34,9838.58,0,0,0,0,0,0
LRGCAP.BSE_IDX,01/07/2025,10:44:42,9838.67,0,0,0,0,0,0
LRGCAP.BSE_IDX,01/07/2025,10:44:50,9839.01,0,0,0,0,0,0
LRGCAP.BSE_IDX,01/07/2025,10:44:58,9837.92,0,0,0,0,0,0
LRGCAP.BSE_IDX,01/07/2025,10:45:07,9837.61,0,0,0,0,0,0
LRGCAP.BSE_IDX,01/07/2025,10:45:14,9837.95,0,0,0,0,0,0
LRGCAP.BSE_IDX,01/07/2025,10:45:22,9837.5,0,0,0,0,0,0
LRGCAP.BSE_IDX,01/07/2025,10:45:30,9837.86,0,0,0,0,0,0
LRGCAP.BSE_IDX,01/07/2025,10:45:38,9837.5,0,0,0,0,0,0
LRGCAP.BSE_IDX,01/07/2025,10:45:46,9838.29,0,0,0,0,0,0
LRGCAP.BSE_IDX,01/07/2025,10:45:54,9837.35,0,0,0,0,0,0
LRGCAP.BSE_IDX,01/07/2025,10:46:02,9837.18,0,0,0,0,0,0
LRGCAP.BSE_IDX,01/07/2025,10:46:10,9836.85,0,0,0,0,0,0
LRGCAP.BSE_IDX,01/07/2025,10:46:18,9837.1,0,0,0,0,0,0
LRGCAP.BSE_IDX,01/07/2025,10:46:26,9837.39,0,0,0,0,0,0
LRGCAP.BSE_IDX,01/07/2025,10:46:34,9836.85,0,0,0,0,0,0
LRGCAP.BSE_IDX,01/07/2025,10:46:42,9836.86,0,0,0,0,0,0
LRGCAP.BSE_IDX,01/07/2025,10:46:50,9837.38,0,0,0,0,0,0
LRGCAP.BSE_IDX,01/07/2025,10:46:58,9836.9,0,0,0,0,0,0
LRGCAP.BSE_IDX,01/07/2025,10:47:06,9837.14,0,0,0,0,0,0
LRGCAP.BSE_IDX,01/07/2025,10:47:14,9836.64,0,0,0,0,0,0
LRGCAP.BSE_IDX,01/07/2025,10:47:22,9836.41,0,0,0,0,0,0
LRGCAP.BSE_IDX,01/07/2025,10:47:30,9836.31,0,0,0,0,0,0
LRGCAP.BSE_IDX,01/07/2025,10:47:38,9836.75,0,0,0,0,0,0
LRGCAP.BSE_IDX,01/07/2025,10:47:46,9836.97,0,0,0,0,0,0
LRGCAP.BSE_IDX,01/07/2025,10:47:54,9837.65,0,0,0,0,0,0
LRGCAP.BSE_IDX,01/07/2025,10:48:02,9837.71,0,0,0,0,0,0
LRGCAP.BSE_IDX,01/07/2025,10:48:10,9837.5,0,0,0,0,0,0
LRGCAP.BSE_IDX,01/07/2025,10:48:18,9837.66,0,0,0,0,0,0
LRGCAP.BSE_IDX,01/07/2025,10:48:26,9838.23,0,0,0,0,0,0
LRGCAP.BSE_IDX,01/07/2025,10:48:34,9837.99,0,0,0,0,0,0
LRGCAP.BSE_IDX,01/07/2025,10:48:42,9838.06,0,0,0,0,0,0
LRGCAP.BSE_IDX,01/07/2025,10:48:50,9839.09,0,0,0,0,0,0
LRGCAP.BSE_IDX,01/07/2025,10:48:58,9838.68,0,0,0,0,0,0
LRGCAP.BSE_IDX,01/07/2025,10:49:06,9838.6,0,0,0,0,0,0
LRGCAP.BSE_IDX,01/07/2025,10:49:14,9837.63,0,0,0,0,0,0
LRGCAP.BSE_IDX,01/07/2025,10:49:22,9836.85,0,0,0,0,0,0
LRGCAP.BSE_IDX,01/07/2025,10:49:30,9836.67,0,0,0,0,0,0
LRGCAP.BSE_IDX,01/07/2025,10:49:38,9836.23,0,0,0,0,0,0
LRGCAP.BSE_IDX,01/07/2025,10:49:46,9836.42,0,0,0,0,0,0
LRGCAP.BSE_IDX,01/07/2025,10:49:54,9835.84,0,0,0,0,0,0
LRGCAP.BSE_IDX,01/07/2025,10:50:02,9835.67,0,0,0,0,0,0
LRGCAP.BSE_IDX,01/07/2025,10:50:10,9835.26,0,0,0,0,0,0
LRGCAP.BSE_IDX,01/07/2025,10:50:18,9835.29,0,0,0,0,0,0
LRGCAP.BSE_IDX,01/07/2025,10:50:26,9835.1,0,0,0,0,0,0
LRGCAP.BSE_IDX,01/07/2025,10:50:34,9835.99,0,0,0,0,0,0
LRGCAP.BSE_IDX,01/07/2025,10:50:42,9835.88,0,0,0,0,0,0
LRGCAP.BSE_IDX,01/07/2025,10:50:50,9835.45,0,0,0,0,0,0
LRGCAP.BSE_IDX,01/07/2025,10:50:58,9835.49,0,0,0,0,0,0
LRGCAP.BSE_IDX,01/07/2025,10:51:06,9835.2,0,0,0,0,0,0
LRGCAP.BSE_IDX,01/07/2025,10:51:14,9835.24,0,0,0,0,0,0
LRGCAP.BSE_IDX,01/07/2025,10:51:22,9834.81,0,0,0,0,0,0
LRGCAP.BSE_IDX,01/07/2025,10:51:30,9834.72,0,0,0,0,0,0
LRGCAP.BSE_IDX,01/07/2025,10:51:38,9834.89,0,0,0,0,0,0
LRGCAP.BSE_IDX,01/07/2025,10:51:46,9834.74,0,0,0,0,0,0
LRGCAP.BSE_IDX,01/07/2025,10:51:54,9833.83,0,0,0,0,0,0
LRGCAP.BSE_IDX,01/07/2025,10:52:02,9833.63,0,0,0,0,0,0
LRGCAP.BSE_IDX,01/07/2025,10:52:10,9833.8,0,0,0,0,0,0
LRGCAP.BSE_IDX,01/07/2025,10:52:18,9832.75,0,0,0,0,0,0
LRGCAP.BSE_IDX,01/07/2025,10:52:26,9832.18,0,0,0,0,0,0
LRGCAP.BSE_IDX,01/07/2025,10:52:34,9831.92,0,0,0,0,0,0
LRGCAP.BSE_IDX,01/07/2025,10:52:43,9830.86,0,0,0,0,0,0
LRGCAP.BSE_IDX,01/07/2025,10:52:50,9830.66,0,0,0,0,0,0
LRGCAP.BSE_IDX,01/07/2025,10:52:58,9830.04,0,0,0,0,0,0
LRGCAP.BSE_IDX,01/07/2025,10:53:06,9829.9,0,0,0,0,0,0
LRGCAP.BSE_IDX,01/07/2025,10:53:14,9829.84,0,0,0,0,0,0
LRGCAP.BSE_IDX,01/07/2025,10:53:22,9829.8,0,0,0,0,0,0
LRGCAP.BSE_IDX,01/07/2025,10:53:30,9830.52,0,0,0,0,0,0
LRGCAP.BSE_IDX,01/07/2025,10:53:38,9830.9,0,0,0,0,0,0
LRGCAP.BSE_IDX,01/07/2025,10:53:46,9831.31,0,0,0,0,0,0
LRGCAP.BSE_IDX,01/07/2025,10:53:54,9831.23,0,0,0,0,0,0
LRGCAP.BSE_IDX,01/07/2025,10:54:02,9831.59,0,0,0,0,0,0
LRGCAP.BSE_IDX,01/07/2025,10:54:10,9831.58,0,0,0,0,0,0
LRGCAP.BSE_IDX,01/07/2025,10:54:18,9831.76,0,0,0,0,0,0
LRGCAP.BSE_IDX,01/07/2025,10:54:26,9831.58,0,0,0,0,0,0
LRGCAP.BSE_IDX,01/07/2025,10:54:34,9832.27,0,0,0,0,0,0
LRGCAP.BSE_IDX,01/07/2025,10:54:42,9833.05,0,0,0,0,0,0
LRGCAP.BSE_IDX,01/07/2025,10:54:51,9833.33,0,0,0,0,0,0
LRGCAP.BSE_IDX,01/07/2025,10:54:58,9833.09,0,0,0,0,0,0
LRGCAP.BSE_IDX,01/07/2025,10:55:06,9833.16,0,0,0,0,0,0
LRGCAP.BSE_IDX,01/07/2025,10:55:14,9832.58,0,0,0,0,0,0
LRGCAP.BSE_IDX,01/07/2025,10:55:22,9832.69,0,0,0,0,0,0
LRGCAP.BSE_IDX,01/07/2025,10:55:30,9832.53,0,0,0,0,0,0
LRGCAP.BSE_IDX,01/07/2025,10:55:38,9832.41,0,0,0,0,0,0
LRGCAP.BSE_IDX,01/07/2025,10:55:46,9832,0,0,0,0,0,0
LRGCAP.BSE_IDX,01/07/2025,10:55:54,9831.98,0,0,0,0,0,0
LRGCAP.BSE_IDX,01/07/2025,10:56:02,9831.25,0,0,0,0,0,0
LRGCAP.BSE_IDX,01/07/2025,10:56:10,9831.16,0,0,0,0,0,0
LRGCAP.BSE_IDX,01/07/2025,10:56:18,9830.7,0,0,0,0,0,0
LRGCAP.BSE_IDX,01/07/2025,10:56:26,9829.96,0,0,0,0,0,0
LRGCAP.BSE_IDX,01/07/2025,10:56:34,9830.33,0,0,0,0,0,0
LRGCAP.BSE_IDX,01/07/2025,10:56:42,9830.05,0,0,0,0,0,0
LRGCAP.BSE_IDX,01/07/2025,10:56:50,9830.12,0,0,0,0,0,0
LRGCAP.BSE_IDX,01/07/2025,10:56:58,9829.25,0,0,0,0,0,0
LRGCAP.BSE_IDX,01/07/2025,10:57:06,9829.12,0,0,0,0,0,0
LRGCAP.BSE_IDX,01/07/2025,10:57:14,9828.9,0,0,0,0,0,0
LRGCAP.BSE_IDX,01/07/2025,10:57:22,9828.98,0,0,0,0,0,0
LRGCAP.BSE_IDX,01/07/2025,10:57:30,9828.63,0,0,0,0,0,0
LRGCAP.BSE_IDX,01/07/2025,10:57:39,9829.25,0,0,0,0,0,0
LRGCAP.BSE_IDX,01/07/2025,10:57:46,9829.46,0,0,0,0,0,0
LRGCAP.BSE_IDX,01/07/2025,10:57:54,9829.29,0,0,0,0,0,0
LRGCAP.BSE_IDX,01/07/2025,10:58:02,9829.19,0,0,0,0,0,0
LRGCAP.BSE_IDX,01/07/2025,10:58:10,9829.33,0,0,0,0,0,0
LRGCAP.BSE_IDX,01/07/2025,10:58:18,9828.42,0,0,0,0,0,0
LRGCAP.BSE_IDX,01/07/2025,10:58:26,9828.33,0,0,0,0,0,0
LRGCAP.BSE_IDX,01/07/2025,10:58:34,9828.77,0,0,0,0,0,0
LRGCAP.BSE_IDX,01/07/2025,10:58:42,9828.69,0,0,0,0,0,0
LRGCAP.BSE_IDX,01/07/2025,10:58:50,9829.57,0,0,0,0,0,0
LRGCAP.BSE_IDX,01/07/2025,10:58:58,9828.58,0,0,0,0,0,0
LRGCAP.BSE_IDX,01/07/2025,10:59:06,9828.43,0,0,0,0,0,0
LRGCAP.BSE_IDX,01/07/2025,10:59:14,9828.46,0,0,0,0,0,0
LRGCAP.BSE_IDX,01/07/2025,10:59:22,9828.31,0,0,0,0,0,0
LRGCAP.BSE_IDX,01/07/2025,10:59:30,9828.18,0,0,0,0,0,0
LRGCAP.BSE_IDX,01/07/2025,10:59:38,9827.59,0,0,0,0,0,0
LRGCAP.BSE_IDX,01/07/2025,10:59:47,9827.79,0,0,0,0,0,0
LRGCAP.BSE_IDX,01/07/2025,10:59:55,9827.85,0,0,0,0,0,0
LRGCAP.BSE_IDX,01/07/2025,11:00:03,9827.76,0,0,0,0,0,0
LRGCAP.BSE_IDX,01/07/2025,11:00:11,9827.19,0,0,0,0,0,0
LRGCAP.BSE_IDX,01/07/2025,11:00:18,9827.81,0,0,0,0,0,0
LRGCAP.BSE_IDX,01/07/2025,11:00:26,9828.02,0,0,0,0,0,0
LRGCAP.BSE_IDX,01/07/2025,11:00:34,9828.27,0,0,0,0,0,0
LRGCAP.BSE_IDX,01/07/2025,11:00:42,9827.96,0,0,0,0,0,0
LRGCAP.BSE_IDX,01/07/2025,11:00:50,9828.53,0,0,0,0,0,0
LRGCAP.BSE_IDX,01/07/2025,11:00:58,9828.68,0,0,0,0,0,0
LRGCAP.BSE_IDX,01/07/2025,11:01:06,9828.71,0,0,0,0,0,0
LRGCAP.BSE_IDX,01/07/2025,11:01:15,9829.01,0,0,0,0,0,0
LRGCAP.BSE_IDX,01/07/2025,11:01:22,9827.61,0,0,0,0,0,0
LRGCAP.BSE_IDX,01/07/2025,11:01:30,9827.62,0,0,0,0,0,0
LRGCAP.BSE_IDX,01/07/2025,11:01:38,9827.2,0,0,0,0,0,0
LRGCAP.BSE_IDX,01/07/2025,11:01:46,9826.21,0,0,0,0,0,0
LRGCAP.BSE_IDX,01/07/2025,11:01:54,9825.87,0,0,0,0,0,0
LRGCAP.BSE_IDX,01/07/2025,11:02:02,9826.59,0,0,0,0,0,0
LRGCAP.BSE_IDX,01/07/2025,11:02:10,9825.56,0,0,0,0,0,0
LRGCAP.BSE_IDX,01/07/2025,11:02:18,9825.85,0,0,0,0,0,0
LRGCAP.BSE_IDX,01/07/2025,11:02:27,9826.16,0,0,0,0,0,0
LRGCAP.BSE_IDX,01/07/2025,11:02:34,9826.52,0,0,0,0,0,0
LRGCAP.BSE_IDX,01/07/2025,11:02:42,9825.62,0,0,0,0,0,0
LRGCAP.BSE_IDX,01/07/2025,11:02:51,9825.89,0,0,0,0,0,0
LRGCAP.BSE_IDX,01/07/2025,11:02:58,9825.41,0,0,0,0,0,0
LRGCAP.BSE_IDX,01/07/2025,11:03:06,9825.15,0,0,0,0,0,0
LRGCAP.BSE_IDX,01/07/2025,11:03:14,9825.15,0,0,0,0,0,0
LRGCAP.BSE_IDX,01/07/2025,11:03:22,9825.12,0,0,0,0,0,0
LRGCAP.BSE_IDX,01/07/2025,11:03:31,9824.82,0,0,0,0,0,0
LRGCAP.BSE_IDX,01/07/2025,11:03:38,9825.04,0,0,0,0,0,0
LRGCAP.BSE_IDX,01/07/2025,11:03:46,9825.23,0,0,0,0,0,0
LRGCAP.BSE_IDX,01/07/2025,11:03:54,9824.94,0,0,0,0,0,0
LRGCAP.BSE_IDX,01/07/2025,11:04:02,9825.32,0,0,0,0,0,0
LRGCAP.BSE_IDX,01/07/2025,11:04:10,9824.85,0,0,0,0,0,0
LRGCAP.BSE_IDX,01/07/2025,11:04:18,9825.03,0,0,0,0,0,0
LRGCAP.BSE_IDX,01/07/2025,11:04:27,9824.98,0,0,0,0,0,0
LRGCAP.BSE_IDX,01/07/2025,11:04:34,9825.26,0,0,0,0,0,0
LRGCAP.BSE_IDX,01/07/2025,11:04:42,9824.88,0,0,0,0,0,0
LRGCAP.BSE_IDX,01/07/2025,11:04:51,9825.6,0,0,0,0,0,0
LRGCAP.BSE_IDX,01/07/2025,11:04:58,9825.64,0,0,0,0,0,0
LRGCAP.BSE_IDX,01/07/2025,11:05:06,9826.25,0,0,0,0,0,0
LRGCAP.BSE_IDX,01/07/2025,11:05:14,9826.53,0,0,0,0,0,0
LRGCAP.BSE_IDX,01/07/2025,11:05:22,9826.3,0,0,0,0,0,0
LRGCAP.BSE_IDX,01/07/2025,11:05:30,9826.73,0,0,0,0,0,0
LRGCAP.BSE_IDX,01/07/2025,11:05:38,9826.56,0,0,0,0,0,0
LRGCAP.BSE_IDX,01/07/2025,11:05:46,9826.8,0,0,0,0,0,0
LRGCAP.BSE_IDX,01/07/2025,11:05:54,9826.99,0,0,0,0,0,0
LRGCAP.BSE_IDX,01/07/2025,11:06:02,9826.96,0,0,0,0,0,0
LRGCAP.BSE_IDX,01/07/2025,11:06:11,9827.83,0,0,0,0,0,0
LRGCAP.BSE_IDX,01/07/2025,11:06:19,9828.76,0,0,0,0,0,0
LRGCAP.BSE_IDX,01/07/2025,11:06:26,9828.55,0,0,0,0,0,0
LRGCAP.BSE_IDX,01/07/2025,11:06:34,9827.63,0,0,0,0,0,0
LRGCAP.BSE_IDX,01/07/2025,11:06:42,9827.82,0,0,0,0,0,0
LRGCAP.BSE_IDX,01/07/2025,11:06:50,9828.36,0,0,0,0,0,0
LRGCAP.BSE_IDX,01/07/2025,11:06:58,9828.41,0,0,0,0,0,0
LRGCAP.BSE_IDX,01/07/2025,11:07:06,9828.33,0,0,0,0,0,0
LRGCAP.BSE_IDX,01/07/2025,11:07:15,9828.37,0,0,0,0,0,0
LRGCAP.BSE_IDX,01/07/2025,11:07:22,9828.37,0,0,0,0,0,0
LRGCAP.BSE_IDX,01/07/2025,11:07:30,9828.41,0,0,0,0,0,0
LRGCAP.BSE_IDX,01/07/2025,11:07:38,9828.46,0,0,0,0,0,0
LRGCAP.BSE_IDX,01/07/2025,11:07:46,9829.01,0,0,0,0,0,0
LRGCAP.BSE_IDX,01/07/2025,11:07:54,9829.63,0,0,0,0,0,0
LRGCAP.BSE_IDX,01/07/2025,11:08:02,9829.86,0,0,0,0,0,0
LRGCAP.BSE_IDX,01/07/2025,11:08:11,9829.59,0,0,0,0,0,0
LRGCAP.BSE_IDX,01/07/2025,11:08:18,9829.66,0,0,0,0,0,0
LRGCAP.BSE_IDX,01/07/2025,11:08:27,9829.89,0,0,0,0,0,0
LRGCAP.BSE_IDX,01/07/2025,11:08:35,9828.65,0,0,0,0,0,0
LRGCAP.BSE_IDX,01/07/2025,11:08:43,9828.88,0,0,0,0,0,0
LRGCAP.BSE_IDX,01/07/2025,11:08:51,9829.45,0,0,0,0,0,0
LRGCAP.BSE_IDX,01/07/2025,11:08:58,9829.96,0,0,0,0,0,0
LRGCAP.BSE_IDX,01/07/2025,11:09:07,9829.89,0,0,0,0,0,0
LRGCAP.BSE_IDX,01/07/2025,11:09:15,9828.5,0,0,0,0,0,0
LRGCAP.BSE_IDX,01/07/2025,11:09:23,9827.85,0,0,0,0,0,0
LRGCAP.BSE_IDX,01/07/2025,11:09:31,9828.51,0,0,0,0,0,0
LRGCAP.BSE_IDX,01/07/2025,11:09:39,9828.33,0,0,0,0,0,0
LRGCAP.BSE_IDX,01/07/2025,11:09:46,9829.07,0,0,0,0,0,0
LRGCAP.BSE_IDX,01/07/2025,11:09:55,9828.69,0,0,0,0,0,0
LRGCAP.BSE_IDX,01/07/2025,11:10:03,9829.04,0,0,0,0,0,0
LRGCAP.BSE_IDX,01/07/2025,11:10:11,9829.22,0,0,0,0,0,0
LRGCAP.BSE_IDX,01/07/2025,11:10:19,9828.8,0,0,0,0,0,0
LRGCAP.BSE_IDX,01/07/2025,11:10:27,9828.94,0,0,0,0,0,0
LRGCAP.BSE_IDX,01/07/2025,11:10:35,9829.51,0,0,0,0,0,0
LRGCAP.BSE_IDX,01/07/2025,11:10:43,9829.59,0,0,0,0,0,0
LRGCAP.BSE_IDX,01/07/2025,11:10:51,9829.51,0,0,0,0,0,0
LRGCAP.BSE_IDX,01/07/2025,11:10:59,9829.57,0,0,0,0,0,0
LRGCAP.BSE_IDX,01/07/2025,11:11:07,9830.14,0,0,0,0,0,0
LRGCAP.BSE_IDX,01/07/2025,11:11:15,9829.73,0,0,0,0,0,0
LRGCAP.BSE_IDX,01/07/2025,11:11:23,9829.69,0,0,0,0,0,0
LRGCAP.BSE_IDX,01/07/2025,11:11:31,9829.44,0,0,0,0,0,0
LRGCAP.BSE_IDX,01/07/2025,11:11:39,9829.26,0,0,0,0,0,0
LRGCAP.BSE_IDX,01/07/2025,11:11:47,9828.99,0,0,0,0,0,0
LRGCAP.BSE_IDX,01/07/2025,11:11:55,9829.17,0,0,0,0,0,0
LRGCAP.BSE_IDX,01/07/2025,11:12:03,9829.18,0,0,0,0,0,0
LRGCAP.BSE_IDX,01/07/2025,11:12:11,9829.45,0,0,0,0,0,0
LRGCAP.BSE_IDX,01/07/2025,11:12:19,9829.24,0,0,0,0,0,0
LRGCAP.BSE_IDX,01/07/2025,11:12:27,9829.05,0,0,0,0,0,0
LRGCAP.BSE_IDX,01/07/2025,11:12:35,9829.42,0,0,0,0,0,0
LRGCAP.BSE_IDX,01/07/2025,11:12:43,9828.67,0,0,0,0,0,0
LRGCAP.BSE_IDX,01/07/2025,11:12:51,9828.85,0,0,0,0,0,0
LRGCAP.BSE_IDX,01/07/2025,11:12:59,9828.96,0,0,0,0,0,0
LRGCAP.BSE_IDX,01/07/2025,11:13:07,9829.19,0,0,0,0,0,0
LRGCAP.BSE_IDX,01/07/2025,11:13:16,9828.94,0,0,0,0,0,0
LRGCAP.BSE_IDX,01/07/2025,11:13:23,9828.5,0,0,0,0,0,0
LRGCAP.BSE_IDX,01/07/2025,11:13:31,9828.27,0,0,0,0,0,0
LRGCAP.BSE_IDX,01/07/2025,11:13:39,9828.32,0,0,0,0,0,0
LRGCAP.BSE_IDX,01/07/2025,11:13:47,9828.88,0,0,0,0,0,0
LRGCAP.BSE_IDX,01/07/2025,11:13:55,9829.08,0,0,0,0,0,0
LRGCAP.BSE_IDX,01/07/2025,11:14:03,9829.59,0,0,0,0,0,0
LRGCAP.BSE_IDX,01/07/2025,11:14:11,9828.93,0,0,0,0,0,0
LRGCAP.BSE_IDX,01/07/2025,11:14:19,9829.46,0,0,0,0,0,0
LRGCAP.BSE_IDX,01/07/2025,11:14:27,9830.15,0,0,0,0,0,0
LRGCAP.BSE_IDX,01/07/2025,11:14:35,9830.25,0,0,0,0,0,0
LRGCAP.BSE_IDX,01/07/2025,11:14:43,9830.44,0,0,0,0,0,0
LRGCAP.BSE_IDX,01/07/2025,11:14:51,9830.67,0,0,0,0,0,0
LRGCAP.BSE_IDX,01/07/2025,11:14:59,9830.75,0,0,0,0,0,0
LRGCAP.BSE_IDX,01/07/2025,11:15:07,9830.95,0,0,0,0,0,0
LRGCAP.BSE_IDX,01/07/2025,11:15:15,9830.99,0,0,0,0,0,0
LRGCAP.BSE_IDX,01/07/2025,11:15:23,9831.62,0,0,0,0,0,0
LRGCAP.BSE_IDX,01/07/2025,11:15:31,9830.8,0,0,0,0,0,0
LRGCAP.BSE_IDX,01/07/2025,11:15:39,9831.44,0,0,0,0,0,0
LRGCAP.BSE_IDX,01/07/2025,11:15:47,9831.6,0,0,0,0,0,0
LRGCAP.BSE_IDX,01/07/2025,11:15:56,9832.25,0,0,0,0,0,0
LRGCAP.BSE_IDX,01/07/2025,11:16:03,9831.49,0,0,0,0,0,0
LRGCAP.BSE_IDX,01/07/2025,11:16:11,9831.29,0,0,0,0,0,0
LRGCAP.BSE_IDX,01/07/2025,11:16:19,9831.34,0,0,0,0,0,0
LRGCAP.BSE_IDX,01/07/2025,11:16:27,9830.17,0,0,0,0,0,0
LRGCAP.BSE_IDX,01/07/2025,11:16:35,9829.96,0,0,0,0,0,0
LRGCAP.BSE_IDX,01/07/2025,11:16:43,9829.37,0,0,0,0,0,0
LRGCAP.BSE_IDX,01/07/2025,11:16:51,9829.54,0,0,0,0,0,0
LRGCAP.BSE_IDX,01/07/2025,11:16:59,9829.48,0,0,0,0,0,0
LRGCAP.BSE_IDX,01/07/2025,11:17:07,9829.55,0,0,0,0,0,0
LRGCAP.BSE_IDX,01/07/2025,11:17:15,9829.98,0,0,0,0,0,0
LRGCAP.BSE_IDX,01/07/2025,11:17:23,9831.09,0,0,0,0,0,0
LRGCAP.BSE_IDX,01/07/2025,11:17:31,9832.39,0,0,0,0,0,0
LRGCAP.BSE_IDX,01/07/2025,11:17:39,9833.05,0,0,0,0,0,0
LRGCAP.BSE_IDX,01/07/2025,11:17:47,9834.21,0,0,0,0,0,0
LRGCAP.BSE_IDX,01/07/2025,11:17:57,9834.31,0,0,0,0,0,0
LRGCAP.BSE_IDX,01/07/2025,11:18:03,9834.19,0,0,0,0,0,0
LRGCAP.BSE_IDX,01/07/2025,11:18:11,9834.01,0,0,0,0,0,0
LRGCAP.BSE_IDX,01/07/2025,11:18:19,9833.91,0,0,0,0,0,0
LRGCAP.BSE_IDX,01/07/2025,11:18:27,9834.16,0,0,0,0,0,0
LRGCAP.BSE_IDX,01/07/2025,11:18:35,9835.03,0,0,0,0,0,0
LRGCAP.BSE_IDX,01/07/2025,11:18:44,9834.82,0,0,0,0,0,0
LRGCAP.BSE_IDX,01/07/2025,11:18:51,9835.57,0,0,0,0,0,0
LRGCAP.BSE_IDX,01/07/2025,11:18:59,9834.63,0,0,0,0,0,0
LRGCAP.BSE_IDX,01/07/2025,11:19:08,9834.34,0,0,0,0,0,0
LRGCAP.BSE_IDX,01/07/2025,11:19:15,9834.7,0,0,0,0,0,0
LRGCAP.BSE_IDX,01/07/2025,11:19:23,9834.49,0,0,0,0,0,0
LRGCAP.BSE_IDX,01/07/2025,11:19:31,9834.02,0,0,0,0,0,0
LRGCAP.BSE_IDX,01/07/2025,11:19:39,9833.62,0,0,0,0,0,0
LRGCAP.BSE_IDX,01/07/2025,11:19:47,9833.35,0,0,0,0,0,0
LRGCAP.BSE_IDX,01/07/2025,11:19:55,9831.79,0,0,0,0,0,0
LRGCAP.BSE_IDX,01/07/2025,11:20:03,9831.7,0,0,0,0,0,0
LRGCAP.BSE_IDX,01/07/2025,11:20:11,9832.49,0,0,0,0,0,0
LRGCAP.BSE_IDX,01/07/2025,11:20:19,9832.56,0,0,0,0,0,0
LRGCAP.BSE_IDX,01/07/2025,11:20:27,9832.78,0,0,0,0,0,0
LRGCAP.BSE_IDX,01/07/2025,11:20:35,9833.14,0,0,0,0,0,0
LRGCAP.BSE_IDX,01/07/2025,11:20:43,9833.12,0,0,0,0,0,0
LRGCAP.BSE_IDX,01/07/2025,11:20:51,9833.15,0,0,0,0,0,0
LRGCAP.BSE_IDX,01/07/2025,11:20:59,9833.38,0,0,0,0,0,0
LRGCAP.BSE_IDX,01/07/2025,11:21:07,9833.08,0,0,0,0,0,0
LRGCAP.BSE_IDX,01/07/2025,11:21:15,9833.37,0,0,0,0,0,0
LRGCAP.BSE_IDX,01/07/2025,11:21:24,9833.52,0,0,0,0,0,0
LRGCAP.BSE_IDX,01/07/2025,11:21:31,9833.55,0,0,0,0,0,0
LRGCAP.BSE_IDX,01/07/2025,11:21:39,9832.68,0,0,0,0,0,0
LRGCAP.BSE_IDX,01/07/2025,11:21:47,9832.56,0,0,0,0,0,0
LRGCAP.BSE_IDX,01/07/2025,11:21:56,9832.87,0,0,0,0,0,0
LRGCAP.BSE_IDX,01/07/2025,11:22:03,9833.03,0,0,0,0,0,0
LRGCAP.BSE_IDX,01/07/2025,11:22:11,9832.66,0,0,0,0,0,0
LRGCAP.BSE_IDX,01/07/2025,11:22:19,9832.78,0,0,0,0,0,0
LRGCAP.BSE_IDX,01/07/2025,11:22:28,9832.69,0,0,0,0,0,0
LRGCAP.BSE_IDX,01/07/2025,11:22:35,9832.88,0,0,0,0,0,0
LRGCAP.BSE_IDX,01/07/2025,11:22:43,9832.58,0,0,0,0,0,0
LRGCAP.BSE_IDX,01/07/2025,11:22:51,9832.47,0,0,0,0,0,0
LRGCAP.BSE_IDX,01/07/2025,11:22:59,9832.71,0,0,0,0,0,0
LRGCAP.BSE_IDX,01/07/2025,11:23:07,9832.56,0,0,0,0,0,0
LRGCAP.BSE_IDX,01/07/2025,11:23:15,9833.25,0,0,0,0,0,0
LRGCAP.BSE_IDX,01/07/2025,11:23:23,9832.99,0,0,0,0,0,0
LRGCAP.BSE_IDX,01/07/2025,11:23:31,9832.82,0,0,0,0,0,0
LRGCAP.BSE_IDX,01/07/2025,11:23:39,9832.74,0,0,0,0,0,0
LRGCAP.BSE_IDX,01/07/2025,11:23:47,9833.01,0,0,0,0,0,0
LRGCAP.BSE_IDX,01/07/2025,11:23:55,9832.7,0,0,0,0,0,0
LRGCAP.BSE_IDX,01/07/2025,11:24:04,9832.05,0,0,0,0,0,0
LRGCAP.BSE_IDX,01/07/2025,11:24:11,9832.45,0,0,0,0,0,0
LRGCAP.BSE_IDX,01/07/2025,11:24:19,9832.12,0,0,0,0,0,0
LRGCAP.BSE_IDX,01/07/2025,11:24:27,9831.93,0,0,0,0,0,0
LRGCAP.BSE_IDX,01/07/2025,11:24:35,9831.32,0,0,0,0,0,0
LRGCAP.BSE_IDX,01/07/2025,11:24:43,9831.37,0,0,0,0,0,0
LRGCAP.BSE_IDX,01/07/2025,11:24:52,9831,0,0,0,0,0,0
LRGCAP.BSE_IDX,01/07/2025,11:25:00,9831.29,0,0,0,0,0,0
LRGCAP.BSE_IDX,01/07/2025,11:25:07,9831.76,0,0,0,0,0,0
LRGCAP.BSE_IDX,01/07/2025,11:25:15,9831.48,0,0,0,0,0,0
LRGCAP.BSE_IDX,01/07/2025,11:25:23,9831.09,0,0,0,0,0,0
LRGCAP.BSE_IDX,01/07/2025,11:25:31,9831.34,0,0,0,0,0,0
LRGCAP.BSE_IDX,01/07/2025,11:25:41,9830.96,0,0,0,0,0,0
LRGCAP.BSE_IDX,01/07/2025,11:25:47,9830.38,0,0,0,0,0,0
LRGCAP.BSE_IDX,01/07/2025,11:25:55,9830.27,0,0,0,0,0,0
LRGCAP.BSE_IDX,01/07/2025,11:26:03,9830.59,0,0,0,0,0,0
LRGCAP.BSE_IDX,01/07/2025,11:26:11,9829.98,0,0,0,0,0,0
LRGCAP.BSE_IDX,01/07/2025,11:26:19,9830.36,0,0,0,0,0,0
LRGCAP.BSE_IDX,01/07/2025,11:26:27,9830.27,0,0,0,0,0,0
LRGCAP.BSE_IDX,01/07/2025,11:26:35,9830.59,0,0,0,0,0,0
LRGCAP.BSE_IDX,01/07/2025,11:26:43,9830.62,0,0,0,0,0,0
LRGCAP.BSE_IDX,01/07/2025,11:26:51,9830.25,0,0,0,0,0,0
LRGCAP.BSE_IDX,01/07/2025,11:26:59,9830.66,0,0,0,0,0,0
LRGCAP.BSE_IDX,01/07/2025,11:27:07,9830.52,0,0,0,0,0,0
LRGCAP.BSE_IDX,01/07/2025,11:27:15,9830.88,0,0,0,0,0,0
LRGCAP.BSE_IDX,01/07/2025,11:27:23,9830.31,0,0,0,0,0,0
LRGCAP.BSE_IDX,01/07/2025,11:27:31,9830.76,0,0,0,0,0,0
LRGCAP.BSE_IDX,01/07/2025,11:27:39,9830.97,0,0,0,0,0,0
LRGCAP.BSE_IDX,01/07/2025,11:27:47,9830.78,0,0,0,0,0,0
LRGCAP.BSE_IDX,01/07/2025,11:27:55,9830.93,0,0,0,0,0,0
LRGCAP.BSE_IDX,01/07/2025,11:28:03,9830.89,0,0,0,0,0,0
LRGCAP.BSE_IDX,01/07/2025,11:28:11,9830.37,0,0,0,0,0,0
LRGCAP.BSE_IDX,01/07/2025,11:28:19,9829.81,0,0,0,0,0,0
LRGCAP.BSE_IDX,01/07/2025,11:28:27,9830.1,0,0,0,0,0,0
LRGCAP.BSE_IDX,01/07/2025,11:28:36,9831.08,0,0,0,0,0,0
LRGCAP.BSE_IDX,01/07/2025,11:28:43,9831.02,0,0,0,0,0,0
LRGCAP.BSE_IDX,01/07/2025,11:28:51,9831.2,0,0,0,0,0,0
LRGCAP.BSE_IDX,01/07/2025,11:28:59,9831.19,0,0,0,0,0,0
LRGCAP.BSE_IDX,01/07/2025,11:29:07,9831.14,0,0,0,0,0,0
LRGCAP.BSE_IDX,01/07/2025,11:29:16,9831.11,0,0,0,0,0,0
LRGCAP.BSE_IDX,01/07/2025,11:29:24,9830.73,0,0,0,0,0,0
LRGCAP.BSE_IDX,01/07/2025,11:29:31,9831.01,0,0,0,0,0,0
LRGCAP.BSE_IDX,01/07/2025,11:29:39,9831.42,0,0,0,0,0,0
LRGCAP.BSE_IDX,01/07/2025,11:29:47,9831.98,0,0,0,0,0,0
LRGCAP.BSE_IDX,01/07/2025,11:29:55,9832.08,0,0,0,0,0,0
LRGCAP.BSE_IDX,01/07/2025,11:30:03,9832.68,0,0,0,0,0,0
LRGCAP.BSE_IDX,01/07/2025,11:30:11,9832.32,0,0,0,0,0,0
LRGCAP.BSE_IDX,01/07/2025,11:30:19,9832.44,0,0,0,0,0,0
LRGCAP.BSE_IDX,01/07/2025,11:30:27,9832.54,0,0,0,0,0,0
LRGCAP.BSE_IDX,01/07/2025,11:30:35,9832.45,0,0,0,0,0,0
LRGCAP.BSE_IDX,01/07/2025,11:30:43,9833.04,0,0,0,0,0,0
LRGCAP.BSE_IDX,01/07/2025,11:30:51,9833.19,0,0,0,0,0,0
LRGCAP.BSE_IDX,01/07/2025,11:30:59,9833.05,0,0,0,0,0,0
LRGCAP.BSE_IDX,01/07/2025,11:31:07,9832.1,0,0,0,0,0,0
LRGCAP.BSE_IDX,01/07/2025,11:31:15,9831.56,0,0,0,0,0,0
LRGCAP.BSE_IDX,01/07/2025,11:31:23,9831.18,0,0,0,0,0,0
LRGCAP.BSE_IDX,01/07/2025,11:31:31,9830.96,0,0,0,0,0,0
LRGCAP.BSE_IDX,01/07/2025,11:31:39,9830.96,0,0,0,0,0,0
LRGCAP.BSE_IDX,01/07/2025,11:31:47,9831.17,0,0,0,0,0,0
LRGCAP.BSE_IDX,01/07/2025,11:31:55,9831.33,0,0,0,0,0,0
LRGCAP.BSE_IDX,01/07/2025,11:32:04,9831.04,0,0,0,0,0,0
LRGCAP.BSE_IDX,01/07/2025,11:32:11,9830.81,0,0,0,0,0,0
LRGCAP.BSE_IDX,01/07/2025,11:32:19,9831.42,0,0,0,0,0,0
LRGCAP.BSE_IDX,01/07/2025,11:32:27,9831.11,0,0,0,0,0,0
LRGCAP.BSE_IDX,01/07/2025,11:32:35,9831.27,0,0,0,0,0,0
LRGCAP.BSE_IDX,01/07/2025,11:32:43,9831.2,0,0,0,0,0,0
LRGCAP.BSE_IDX,01/07/2025,11:32:51,9830.47,0,0,0,0,0,0
LRGCAP.BSE_IDX,01/07/2025,11:32:59,9830.38,0,0,0,0,0,0
LRGCAP.BSE_IDX,01/07/2025,11:33:07,9829.86,0,0,0,0,0,0
LRGCAP.BSE_IDX,01/07/2025,11:33:15,9828.95,0,0,0,0,0,0
LRGCAP.BSE_IDX,01/07/2025,11:33:23,9829.36,0,0,0,0,0,0
LRGCAP.BSE_IDX,01/07/2025,11:33:31,9829,0,0,0,0,0,0
LRGCAP.BSE_IDX,01/07/2025,11:33:39,9829.53,0,0,0,0,0,0
LRGCAP.BSE_IDX,01/07/2025,11:33:47,9828.99,0,0,0,0,0,0
LRGCAP.BSE_IDX,01/07/2025,11:33:55,9829.08,0,0,0,0,0,0
LRGCAP.BSE_IDX,01/07/2025,11:34:03,9829.06,0,0,0,0,0,0
LRGCAP.BSE_IDX,01/07/2025,11:34:12,9828.49,0,0,0,0,0,0
LRGCAP.BSE_IDX,01/07/2025,11:34:19,9828.57,0,0,0,0,0,0
LRGCAP.BSE_IDX,01/07/2025,11:34:27,9828.19,0,0,0,0,0,0
LRGCAP.BSE_IDX,01/07/2025,11:34:35,9828.02,0,0,0,0,0,0
LRGCAP.BSE_IDX,01/07/2025,11:34:43,9828.46,0,0,0,0,0,0
LRGCAP.BSE_IDX,01/07/2025,11:34:51,9828.8,0,0,0,0,0,0
LRGCAP.BSE_IDX,01/07/2025,11:34:59,9828.55,0,0,0,0,0,0
LRGCAP.BSE_IDX,01/07/2025,11:35:07,9828.66,0,0,0,0,0,0
LRGCAP.BSE_IDX,01/07/2025,11:35:16,9828.81,0,0,0,0,0,0
LRGCAP.BSE_IDX,01/07/2025,11:35:23,9829.67,0,0,0,0,0,0
LRGCAP.BSE_IDX,01/07/2025,11:35:32,9829.3,0,0,0,0,0,0
LRGCAP.BSE_IDX,01/07/2025,11:35:39,9829.37,0,0,0,0,0,0
LRGCAP.BSE_IDX,01/07/2025,11:35:47,9829.62,0,0,0,0,0,0
LRGCAP.BSE_IDX,01/07/2025,11:35:55,9829.41,0,0,0,0,0,0
LRGCAP.BSE_IDX,01/07/2025,11:36:04,9829.26,0,0,0,0,0,0
LRGCAP.BSE_IDX,01/07/2025,11:36:11,9829.71,0,0,0,0,0,0
LRGCAP.BSE_IDX,01/07/2025,11:36:19,9829.25,0,0,0,0,0,0
LRGCAP.BSE_IDX,01/07/2025,11:36:28,9829.62,0,0,0,0,0,0
LRGCAP.BSE_IDX,01/07/2025,11:36:35,9829.05,0,0,0,0,0,0
LRGCAP.BSE_IDX,01/07/2025,11:36:43,9829.16,0,0,0,0,0,0
LRGCAP.BSE_IDX,01/07/2025,11:36:54,9829.66,0,0,0,0,0,0
LRGCAP.BSE_IDX,01/07/2025,11:36:59,9829.87,0,0,0,0,0,0
LRGCAP.BSE_IDX,01/07/2025,11:37:07,9829.91,0,0,0,0,0,0
LRGCAP.BSE_IDX,01/07/2025,11:37:15,9830.03,0,0,0,0,0,0
LRGCAP.BSE_IDX,01/07/2025,11:37:23,9829.82,0,0,0,0,0,0
LRGCAP.BSE_IDX,01/07/2025,11:37:31,9830.08,0,0,0,0,0,0
LRGCAP.BSE_IDX,01/07/2025,11:37:41,9829.51,0,0,0,0,0,0
LRGCAP.BSE_IDX,01/07/2025,11:37:47,9829.77,0,0,0,0,0,0
LRGCAP.BSE_IDX,01/07/2025,11:37:55,9830.43,0,0,0,0,0,0
LRGCAP.BSE_IDX,01/07/2025,11:38:03,9830.4,0,0,0,0,0,0
LRGCAP.BSE_IDX,01/07/2025,11:38:11,9830.03,0,0,0,0,0,0
LRGCAP.BSE_IDX,01/07/2025,11:38:20,9829.59,0,0,0,0,0,0
LRGCAP.BSE_IDX,01/07/2025,11:38:27,9829.88,0,0,0,0,0,0
LRGCAP.BSE_IDX,01/07/2025,11:38:35,9830.22,0,0,0,0,0,0
LRGCAP.BSE_IDX,01/07/2025,11:38:43,9829.85,0,0,0,0,0,0
LRGCAP.BSE_IDX,01/07/2025,11:38:51,9829.96,0,0,0,0,0,0
LRGCAP.BSE_IDX,01/07/2025,11:38:59,9829.64,0,0,0,0,0,0
LRGCAP.BSE_IDX,01/07/2025,11:39:07,9829.81,0,0,0,0,0,0
LRGCAP.BSE_IDX,01/07/2025,11:39:16,9830.05,0,0,0,0,0,0
LRGCAP.BSE_IDX,01/07/2025,11:39:23,9830.46,0,0,0,0,0,0
LRGCAP.BSE_IDX,01/07/2025,11:39:31,9830.7,0,0,0,0,0,0
LRGCAP.BSE_IDX,01/07/2025,11:39:39,9829.99,0,0,0,0,0,0
LRGCAP.BSE_IDX,01/07/2025,11:39:47,9830.15,0,0,0,0,0,0
LRGCAP.BSE_IDX,01/07/2025,11:39:55,9830.01,0,0,0,0,0,0
LRGCAP.BSE_IDX,01/07/2025,11:40:03,9830.74,0,0,0,0,0,0
LRGCAP.BSE_IDX,01/07/2025,11:40:11,9831.02,0,0,0,0,0,0
LRGCAP.BSE_IDX,01/07/2025,11:40:19,9830.72,0,0,0,0,0,0
LRGCAP.BSE_IDX,01/07/2025,11:40:27,9830.75,0,0,0,0,0,0
LRGCAP.BSE_IDX,01/07/2025,11:40:35,9830.47,0,0,0,0,0,0
LRGCAP.BSE_IDX,01/07/2025,11:40:43,9830.7,0,0,0,0,0,0
LRGCAP.BSE_IDX,01/07/2025,11:40:51,9830.4,0,0,0,0,0,0
LRGCAP.BSE_IDX,01/07/2025,11:41:00,9831.15,0,0,0,0,0,0
LRGCAP.BSE_IDX,01/07/2025,11:41:07,9830.84,0,0,0,0,0,0
LRGCAP.BSE_IDX,01/07/2025,11:41:15,9830.74,0,0,0,0,0,0
LRGCAP.BSE_IDX,01/07/2025,11:41:24,9830.96,0,0,0,0,0,0
LRGCAP.BSE_IDX,01/07/2025,11:41:32,9831,0,0,0,0,0,0
LRGCAP.BSE_IDX,01/07/2025,11:41:39,9831.4,0,0,0,0,0,0
LRGCAP.BSE_IDX,01/07/2025,11:41:48,9830.78,0,0,0,0,0,0
LRGCAP.BSE_IDX,01/07/2025,11:41:56,9830.32,0,0,0,0,0,0
LRGCAP.BSE_IDX,01/07/2025,11:42:04,9831.25,0,0,0,0,0,0
LRGCAP.BSE_IDX,01/07/2025,11:42:12,9831.21,0,0,0,0,0,0
LRGCAP.BSE_IDX,01/07/2025,11:42:20,9831.02,0,0,0,0,0,0
LRGCAP.BSE_IDX,01/07/2025,11:42:28,9830.98,0,0,0,0,0,0
LRGCAP.BSE_IDX,01/07/2025,11:42:36,9831.59,0,0,0,0,0,0
LRGCAP.BSE_IDX,01/07/2025,11:42:44,9831.77,0,0,0,0,0,0
LRGCAP.BSE_IDX,01/07/2025,11:42:52,9832.18,0,0,0,0,0,0
LRGCAP.BSE_IDX,01/07/2025,11:43:00,9831.86,0,0,0,0,0,0
LRGCAP.BSE_IDX,01/07/2025,11:43:08,9831.6,0,0,0,0,0,0
LRGCAP.BSE_IDX,01/07/2025,11:43:16,9832.2,0,0,0,0,0,0
LRGCAP.BSE_IDX,01/07/2025,11:43:24,9832.49,0,0,0,0,0,0
LRGCAP.BSE_IDX,01/07/2025,11:43:32,9832.07,0,0,0,0,0,0
LRGCAP.BSE_IDX,01/07/2025,11:43:40,9831.59,0,0,0,0,0,0
LRGCAP.BSE_IDX,01/07/2025,11:43:48,9831.74,0,0,0,0,0,0
LRGCAP.BSE_IDX,01/07/2025,11:43:56,9831.25,0,0,0,0,0,0
LRGCAP.BSE_IDX,01/07/2025,11:44:04,9831.71,0,0,0,0,0,0
LRGCAP.BSE_IDX,01/07/2025,11:44:12,9832.05,0,0,0,0,0,0
LRGCAP.BSE_IDX,01/07/2025,11:44:20,9831.85,0,0,0,0,0,0
LRGCAP.BSE_IDX,01/07/2025,11:44:28,9830.84,0,0,0,0,0,0
LRGCAP.BSE_IDX,01/07/2025,11:44:36,9828.73,0,0,0,0,0,0
LRGCAP.BSE_IDX,01/07/2025,11:44:44,9828.33,0,0,0,0,0,0
LRGCAP.BSE_IDX,01/07/2025,11:44:52,9827.74,0,0,0,0,0,0
LRGCAP.BSE_IDX,01/07/2025,11:45:00,9827.12,0,0,0,0,0,0
LRGCAP.BSE_IDX,01/07/2025,11:45:08,9828.79,0,0,0,0,0,0
LRGCAP.BSE_IDX,01/07/2025,11:45:16,9828.99,0,0,0,0,0,0
LRGCAP.BSE_IDX,01/07/2025,11:45:24,9829.69,0,0,0,0,0,0
LRGCAP.BSE_IDX,01/07/2025,11:45:32,9829.73,0,0,0,0,0,0
LRGCAP.BSE_IDX,01/07/2025,11:45:40,9830.95,0,0,0,0,0,0
LRGCAP.BSE_IDX,01/07/2025,11:45:48,9830.99,0,0,0,0,0,0
LRGCAP.BSE_IDX,01/07/2025,11:45:56,9831.79,0,0,0,0,0,0
LRGCAP.BSE_IDX,01/07/2025,11:46:04,9833.72,0,0,0,0,0,0
LRGCAP.BSE_IDX,01/07/2025,11:46:12,9834.91,0,0,0,0,0,0
LRGCAP.BSE_IDX,01/07/2025,11:46:20,9833.85,0,0,0,0,0,0
LRGCAP.BSE_IDX,01/07/2025,11:46:28,9833.41,0,0,0,0,0,0
LRGCAP.BSE_IDX,01/07/2025,11:46:36,9833.36,0,0,0,0,0,0
LRGCAP.BSE_IDX,01/07/2025,11:46:44,9832.92,0,0,0,0,0,0
LRGCAP.BSE_IDX,01/07/2025,11:46:52,9833.19,0,0,0,0,0,0
LRGCAP.BSE_IDX,01/07/2025,11:47:00,9832.71,0,0,0,0,0,0
LRGCAP.BSE_IDX,01/07/2025,11:47:08,9832.71,0,0,0,0,0,0
LRGCAP.BSE_IDX,01/07/2025,11:47:16,9831.56,0,0,0,0,0,0
LRGCAP.BSE_IDX,01/07/2025,11:47:24,9831.24,0,0,0,0,0,0
LRGCAP.BSE_IDX,01/07/2025,11:47:32,9831.33,0,0,0,0,0,0
LRGCAP.BSE_IDX,01/07/2025,11:47:40,9831.44,0,0,0,0,0,0
LRGCAP.BSE_IDX,01/07/2025,11:47:48,9831.38,0,0,0,0,0,0
LRGCAP.BSE_IDX,01/07/2025,11:47:56,9830.1,0,0,0,0,0,0
LRGCAP.BSE_IDX,01/07/2025,11:48:04,9830.13,0,0,0,0,0,0
LRGCAP.BSE_IDX,01/07/2025,11:48:12,9830.35,0,0,0,0,0,0
LRGCAP.BSE_IDX,01/07/2025,11:48:20,9831.01,0,0,0,0,0,0
LRGCAP.BSE_IDX,01/07/2025,11:48:28,9831.2,0,0,0,0,0,0
LRGCAP.BSE_IDX,01/07/2025,11:48:36,9831,0,0,0,0,0,0
LRGCAP.BSE_IDX,01/07/2025,11:48:44,9831.49,0,0,0,0,0,0
LRGCAP.BSE_IDX,01/07/2025,11:48:52,9831.48,0,0,0,0,0,0
LRGCAP.BSE_IDX,01/07/2025,11:49:01,9831.23,0,0,0,0,0,0
LRGCAP.BSE_IDX,01/07/2025,11:49:09,9831.24,0,0,0,0,0,0
LRGCAP.BSE_IDX,01/07/2025,11:49:16,9831.37,0,0,0,0,0,0
LRGCAP.BSE_IDX,01/07/2025,11:49:24,9831.23,0,0,0,0,0,0
LRGCAP.BSE_IDX,01/07/2025,11:49:32,9831.19,0,0,0,0,0,0
LRGCAP.BSE_IDX,01/07/2025,11:49:40,9831.23,0,0,0,0,0,0
LRGCAP.BSE_IDX,01/07/2025,11:49:49,9830.6,0,0,0,0,0,0
LRGCAP.BSE_IDX,01/07/2025,11:49:56,9830.65,0,0,0,0,0,0
LRGCAP.BSE_IDX,01/07/2025,11:50:04,9830.81,0,0,0,0,0,0
LRGCAP.BSE_IDX,01/07/2025,11:50:12,9830.28,0,0,0,0,0,0
LRGCAP.BSE_IDX,01/07/2025,11:50:20,9830.03,0,0,0,0,0,0
LRGCAP.BSE_IDX,01/07/2025,11:50:28,9830.4,0,0,0,0,0,0
LRGCAP.BSE_IDX,01/07/2025,11:50:36,9830.33,0,0,0,0,0,0
LRGCAP.BSE_IDX,01/07/2025,11:50:44,9830.29,0,0,0,0,0,0
LRGCAP.BSE_IDX,01/07/2025,11:50:52,9830.25,0,0,0,0,0,0
LRGCAP.BSE_IDX,01/07/2025,11:51:00,9830.26,0,0,0,0,0,0
LRGCAP.BSE_IDX,01/07/2025,11:51:08,9830.86,0,0,0,0,0,0
LRGCAP.BSE_IDX,01/07/2025,11:51:16,9830.98,0,0,0,0,0,0
LRGCAP.BSE_IDX,01/07/2025,11:51:24,9829.99,0,0,0,0,0,0
LRGCAP.BSE_IDX,01/07/2025,11:51:32,9830.07,0,0,0,0,0,0
LRGCAP.BSE_IDX,01/07/2025,11:51:40,9830.2,0,0,0,0,0,0
LRGCAP.BSE_IDX,01/07/2025,11:51:48,9830.62,0,0,0,0,0,0
LRGCAP.BSE_IDX,01/07/2025,11:51:56,9830.61,0,0,0,0,0,0
LRGCAP.BSE_IDX,01/07/2025,11:52:04,9830.43,0,0,0,0,0,0
LRGCAP.BSE_IDX,01/07/2025,11:52:12,9829.67,0,0,0,0,0,0
LRGCAP.BSE_IDX,01/07/2025,11:52:20,9829.67,0,0,0,0,0,0
LRGCAP.BSE_IDX,01/07/2025,11:52:28,9830.13,0,0,0,0,0,0
LRGCAP.BSE_IDX,01/07/2025,11:52:36,9829.67,0,0,0,0,0,0
LRGCAP.BSE_IDX,01/07/2025,11:52:44,9829.47,0,0,0,0,0,0
LRGCAP.BSE_IDX,01/07/2025,11:52:52,9829.25,0,0,0,0,0,0
LRGCAP.BSE_IDX,01/07/2025,11:53:00,9828.56,0,0,0,0,0,0
LRGCAP.BSE_IDX,01/07/2025,11:53:08,9828.23,0,0,0,0,0,0
LRGCAP.BSE_IDX,01/07/2025,11:53:16,9827.7,0,0,0,0,0,0
LRGCAP.BSE_IDX,01/07/2025,11:53:24,9827.31,0,0,0,0,0,0
LRGCAP.BSE_IDX,01/07/2025,11:53:32,9827.23,0,0,0,0,0,0
LRGCAP.BSE_IDX,01/07/2025,11:53:40,9827.72,0,0,0,0,0,0
LRGCAP.BSE_IDX,01/07/2025,11:53:48,9827.3,0,0,0,0,0,0
LRGCAP.BSE_IDX,01/07/2025,11:53:56,9826.86,0,0,0,0,0,0
LRGCAP.BSE_IDX,01/07/2025,11:54:04,9826.24,0,0,0,0,0,0
LRGCAP.BSE_IDX,01/07/2025,11:54:12,9825.05,0,0,0,0,0,0
LRGCAP.BSE_IDX,01/07/2025,11:54:20,9825.01,0,0,0,0,0,0
LRGCAP.BSE_IDX,01/07/2025,11:54:28,9825.33,0,0,0,0,0,0
LRGCAP.BSE_IDX,01/07/2025,11:54:36,9825.15,0,0,0,0,0,0
LRGCAP.BSE_IDX,01/07/2025,11:54:44,9825.06,0,0,0,0,0,0
LRGCAP.BSE_IDX,01/07/2025,11:54:52,9824.96,0,0,0,0,0,0
LRGCAP.BSE_IDX,01/07/2025,11:55:00,9824.88,0,0,0,0,0,0
LRGCAP.BSE_IDX,01/07/2025,11:55:08,9825.25,0,0,0,0,0,0
LRGCAP.BSE_IDX,01/07/2025,11:55:17,9824.97,0,0,0,0,0,0
LRGCAP.BSE_IDX,01/07/2025,11:55:24,9824.98,0,0,0,0,0,0
LRGCAP.BSE_IDX,01/07/2025,11:55:32,9824.87,0,0,0,0,0,0
LRGCAP.BSE_IDX,01/07/2025,11:55:40,9824.85,0,0,0,0,0,0
LRGCAP.BSE_IDX,01/07/2025,11:55:48,9824.33,0,0,0,0,0,0
LRGCAP.BSE_IDX,01/07/2025,11:55:56,9824.69,0,0,0,0,0,0
LRGCAP.BSE_IDX,01/07/2025,11:56:05,9824.76,0,0,0,0,0,0
LRGCAP.BSE_IDX,01/07/2025,11:56:12,9824.34,0,0,0,0,0,0
LRGCAP.BSE_IDX,01/07/2025,11:56:20,9822.27,0,0,0,0,0,0
LRGCAP.BSE_IDX,01/07/2025,11:56:28,9821.56,0,0,0,0,0,0
LRGCAP.BSE_IDX,01/07/2025,11:56:36,9821.69,0,0,0,0,0,0
LRGCAP.BSE_IDX,01/07/2025,11:56:44,9823.22,0,0,0,0,0,0
LRGCAP.BSE_IDX,01/07/2025,11:56:52,9822.06,0,0,0,0,0,0
LRGCAP.BSE_IDX,01/07/2025,11:57:00,9822.03,0,0,0,0,0,0
LRGCAP.BSE_IDX,01/07/2025,11:57:08,9821.65,0,0,0,0,0,0
LRGCAP.BSE_IDX,01/07/2025,11:57:16,9821.99,0,0,0,0,0,0
LRGCAP.BSE_IDX,01/07/2025,11:57:24,9822.24,0,0,0,0,0,0
LRGCAP.BSE_IDX,01/07/2025,11:57:32,9822.17,0,0,0,0,0,0
LRGCAP.BSE_IDX,01/07/2025,11:57:40,9821.99,0,0,0,0,0,0
LRGCAP.BSE_IDX,01/07/2025,11:57:48,9822.19,0,0,0,0,0,0
LRGCAP.BSE_IDX,01/07/2025,11:57:56,9822.26,0,0,0,0,0,0
LRGCAP.BSE_IDX,01/07/2025,11:58:04,9822.22,0,0,0,0,0,0
LRGCAP.BSE_IDX,01/07/2025,11:58:12,9822.3,0,0,0,0,0,0
LRGCAP.BSE_IDX,01/07/2025,11:58:20,9822.21,0,0,0,0,0,0
LRGCAP.BSE_IDX,01/07/2025,11:58:28,9821.98,0,0,0,0,0,0
LRGCAP.BSE_IDX,01/07/2025,11:58:36,9822.62,0,0,0,0,0,0
LRGCAP.BSE_IDX,01/07/2025,11:58:44,9823.28,0,0,0,0,0,0
LRGCAP.BSE_IDX,01/07/2025,11:58:52,9823.41,0,0,0,0,0,0
LRGCAP.BSE_IDX,01/07/2025,11:59:00,9822.95,0,0,0,0,0,0
LRGCAP.BSE_IDX,01/07/2025,11:59:08,9823.57,0,0,0,0,0,0
LRGCAP.BSE_IDX,01/07/2025,11:59:16,9823.66,0,0,0,0,0,0
LRGCAP.BSE_IDX,01/07/2025,11:59:24,9824.17,0,0,0,0,0,0
LRGCAP.BSE_IDX,01/07/2025,11:59:32,9824.99,0,0,0,0,0,0
LRGCAP.BSE_IDX,01/07/2025,11:59:40,9825.23,0,0,0,0,0,0
LRGCAP.BSE_IDX,01/07/2025,11:59:48,9825.64,0,0,0,0,0,0
LRGCAP.BSE_IDX,01/07/2025,11:59:56,9825.76,0,0,0,0,0,0
LRGCAP.BSE_IDX,01/07/2025,12:00:05,9826.06,0,0,0,0,0,0
LRGCAP.BSE_IDX,01/07/2025,12:00:12,9825.78,0,0,0,0,0,0
LRGCAP.BSE_IDX,01/07/2025,12:00:20,9825.11,0,0,0,0,0,0
LRGCAP.BSE_IDX,01/07/2025,12:00:28,9824.76,0,0,0,0,0,0
LRGCAP.BSE_IDX,01/07/2025,12:00:37,9824.7,0,0,0,0,0,0
LRGCAP.BSE_IDX,01/07/2025,12:00:44,9824.37,0,0,0,0,0,0
LRGCAP.BSE_IDX,01/07/2025,12:00:52,9824.45,0,0,0,0,0,0
LRGCAP.BSE_IDX,01/07/2025,12:01:00,9824.62,0,0,0,0,0,0
LRGCAP.BSE_IDX,01/07/2025,12:01:08,9824.71,0,0,0,0,0,0
LRGCAP.BSE_IDX,01/07/2025,12:01:16,9824.97,0,0,0,0,0,0
LRGCAP.BSE_IDX,01/07/2025,12:01:24,9825.22,0,0,0,0,0,0
LRGCAP.BSE_IDX,01/07/2025,12:01:32,9825.32,0,0,0,0,0,0
LRGCAP.BSE_IDX,01/07/2025,12:01:40,9825.47,0,0,0,0,0,0
LRGCAP.BSE_IDX,01/07/2025,12:01:48,9825.23,0,0,0,0,0,0
LRGCAP.BSE_IDX,01/07/2025,12:01:57,9824.99,0,0,0,0,0,0
LRGCAP.BSE_IDX,01/07/2025,12:02:04,9825.28,0,0,0,0,0,0
LRGCAP.BSE_IDX,01/07/2025,12:02:12,9825.53,0,0,0,0,0,0
LRGCAP.BSE_IDX,01/07/2025,12:02:20,9825.28,0,0,0,0,0,0
LRGCAP.BSE_IDX,01/07/2025,12:02:28,9824.64,0,0,0,0,0,0
LRGCAP.BSE_IDX,01/07/2025,12:02:36,9824.98,0,0,0,0,0,0
LRGCAP.BSE_IDX,01/07/2025,12:02:44,9825.11,0,0,0,0,0,0
LRGCAP.BSE_IDX,01/07/2025,12:02:52,9825.71,0,0,0,0,0,0
LRGCAP.BSE_IDX,01/07/2025,12:03:00,9825.57,0,0,0,0,0,0
LRGCAP.BSE_IDX,01/07/2025,12:03:08,9825.34,0,0,0,0,0,0
LRGCAP.BSE_IDX,01/07/2025,12:03:17,9825.47,0,0,0,0,0,0
LRGCAP.BSE_IDX,01/07/2025,12:03:24,9825.54,0,0,0,0,0,0
LRGCAP.BSE_IDX,01/07/2025,12:03:32,9826,0,0,0,0,0,0
LRGCAP.BSE_IDX,01/07/2025,12:03:40,9826.12,0,0,0,0,0,0
LRGCAP.BSE_IDX,01/07/2025,12:03:48,9825.7,0,0,0,0,0,0
LRGCAP.BSE_IDX,01/07/2025,12:03:56,9825.52,0,0,0,0,0,0
LRGCAP.BSE_IDX,01/07/2025,12:04:04,9825.73,0,0,0,0,0,0
LRGCAP.BSE_IDX,01/07/2025,12:04:12,9825.77,0,0,0,0,0,0
LRGCAP.BSE_IDX,01/07/2025,12:04:20,9825.56,0,0,0,0,0,0
LRGCAP.BSE_IDX,01/07/2025,12:04:28,9826.18,0,0,0,0,0,0
LRGCAP.BSE_IDX,01/07/2025,12:04:36,9826.56,0,0,0,0,0,0
LRGCAP.BSE_IDX,01/07/2025,12:04:44,9826.47,0,0,0,0,0,0
LRGCAP.BSE_IDX,01/07/2025,12:04:52,9826.23,0,0,0,0,0,0
LRGCAP.BSE_IDX,01/07/2025,12:05:01,9825.97,0,0,0,0,0,0
LRGCAP.BSE_IDX,01/07/2025,12:05:08,9826.07,0,0,0,0,0,0
LRGCAP.BSE_IDX,01/07/2025,12:05:16,9826.36,0,0,0,0,0,0
LRGCAP.BSE_IDX,01/07/2025,12:05:24,9825.89,0,0,0,0,0,0
LRGCAP.BSE_IDX,01/07/2025,12:05:32,9825.34,0,0,0,0,0,0
LRGCAP.BSE_IDX,01/07/2025,12:05:40,9825.75,0,0,0,0,0,0
LRGCAP.BSE_IDX,01/07/2025,12:05:48,9824.87,0,0,0,0,0,0
LRGCAP.BSE_IDX,01/07/2025,12:05:56,9825.56,0,0,0,0,0,0
LRGCAP.BSE_IDX,01/07/2025,12:06:04,9825.87,0,0,0,0,0,0
LRGCAP.BSE_IDX,01/07/2025,12:06:12,9826.13,0,0,0,0,0,0
LRGCAP.BSE_IDX,01/07/2025,12:06:20,9826.23,0,0,0,0,0,0
LRGCAP.BSE_IDX,01/07/2025,12:06:28,9825.79,0,0,0,0,0,0
LRGCAP.BSE_IDX,01/07/2025,12:06:36,9825.39,0,0,0,0,0,0
LRGCAP.BSE_IDX,01/07/2025,12:06:44,9825.81,0,0,0,0,0,0
LRGCAP.BSE_IDX,01/07/2025,12:06:53,9825.54,0,0,0,0,0,0
LRGCAP.BSE_IDX,01/07/2025,12:07:00,9825.07,0,0,0,0,0,0
LRGCAP.BSE_IDX,01/07/2025,12:07:08,9825.16,0,0,0,0,0,0
LRGCAP.BSE_IDX,01/07/2025,12:07:16,9825.24,0,0,0,0,0,0
LRGCAP.BSE_IDX,01/07/2025,12:07:24,9824.93,0,0,0,0,0,0
LRGCAP.BSE_IDX,01/07/2025,12:07:32,9824.53,0,0,0,0,0,0
LRGCAP.BSE_IDX,01/07/2025,12:07:40,9824.55,0,0,0,0,0,0
LRGCAP.BSE_IDX,01/07/2025,12:07:48,9824.98,0,0,0,0,0,0
LRGCAP.BSE_IDX,01/07/2025,12:07:56,9824.47,0,0,0,0,0,0
LRGCAP.BSE_IDX,01/07/2025,12:08:04,9824.72,0,0,0,0,0,0
LRGCAP.BSE_IDX,01/07/2025,12:08:12,9824.83,0,0,0,0,0,0
LRGCAP.BSE_IDX,01/07/2025,12:08:20,9824.26,0,0,0,0,0,0
LRGCAP.BSE_IDX,01/07/2025,12:08:28,9824.14,0,0,0,0,0,0
LRGCAP.BSE_IDX,01/07/2025,12:08:36,9824.03,0,0,0,0,0,0
LRGCAP.BSE_IDX,01/07/2025,12:08:44,9824.46,0,0,0,0,0,0
LRGCAP.BSE_IDX,01/07/2025,12:08:52,9825.14,0,0,0,0,0,0
LRGCAP.BSE_IDX,01/07/2025,12:09:00,9825.18,0,0,0,0,0,0
LRGCAP.BSE_IDX,01/07/2025,12:09:08,9825,0,0,0,0,0,0
LRGCAP.BSE_IDX,01/07/2025,12:09:16,9825.52,0,0,0,0,0,0
LRGCAP.BSE_IDX,01/07/2025,12:09:25,9825.26,0,0,0,0,0,0
LRGCAP.BSE_IDX,01/07/2025,12:09:32,9825.59,0,0,0,0,0,0
LRGCAP.BSE_IDX,01/07/2025,12:09:40,9826.18,0,0,0,0,0,0
LRGCAP.BSE_IDX,01/07/2025,12:09:48,9826.02,0,0,0,0,0,0
LRGCAP.BSE_IDX,01/07/2025,12:09:57,9826.22,0,0,0,0,0,0
LRGCAP.BSE_IDX,01/07/2025,12:10:05,9825.74,0,0,0,0,0,0
LRGCAP.BSE_IDX,01/07/2025,12:10:13,9825.36,0,0,0,0,0,0
LRGCAP.BSE_IDX,01/07/2025,12:10:22,9826.14,0,0,0,0,0,0
LRGCAP.BSE_IDX,01/07/2025,12:10:28,9826.1,0,0,0,0,0,0
LRGCAP.BSE_IDX,01/07/2025,12:10:36,9825.68,0,0,0,0,0,0
LRGCAP.BSE_IDX,01/07/2025,12:10:45,9825.47,0,0,0,0,0,0
LRGCAP.BSE_IDX,01/07/2025,12:10:52,9825.77,0,0,0,0,0,0
LRGCAP.BSE_IDX,01/07/2025,12:11:00,9825.81,0,0,0,0,0,0
LRGCAP.BSE_IDX,01/07/2025,12:11:08,9826.11,0,0,0,0,0,0
LRGCAP.BSE_IDX,01/07/2025,12:11:17,9826.14,0,0,0,0,0,0
LRGCAP.BSE_IDX,01/07/2025,12:11:24,9826.4,0,0,0,0,0,0
LRGCAP.BSE_IDX,01/07/2025,12:11:32,9826.21,0,0,0,0,0,0
LRGCAP.BSE_IDX,01/07/2025,12:11:40,9826.45,0,0,0,0,0,0
LRGCAP.BSE_IDX,01/07/2025,12:11:49,9827.53,0,0,0,0,0,0
LRGCAP.BSE_IDX,01/07/2025,12:11:57,9828.1,0,0,0,0,0,0
LRGCAP.BSE_IDX,01/07/2025,12:12:05,9828.42,0,0,0,0,0,0
LRGCAP.BSE_IDX,01/07/2025,12:12:13,9828.82,0,0,0,0,0,0
LRGCAP.BSE_IDX,01/07/2025,12:12:21,9829.3,0,0,0,0,0,0
LRGCAP.BSE_IDX,01/07/2025,12:12:29,9828.99,0,0,0,0,0,0
LRGCAP.BSE_IDX,01/07/2025,12:12:37,9829.3,0,0,0,0,0,0
LRGCAP.BSE_IDX,01/07/2025,12:12:45,9829.24,0,0,0,0,0,0
LRGCAP.BSE_IDX,01/07/2025,12:12:53,9828.46,0,0,0,0,0,0
LRGCAP.BSE_IDX,01/07/2025,12:13:01,9828.76,0,0,0,0,0,0
LRGCAP.BSE_IDX,01/07/2025,12:13:09,9829.01,0,0,0,0,0,0
LRGCAP.BSE_IDX,01/07/2025,12:13:17,9829.16,0,0,0,0,0,0
LRGCAP.BSE_IDX,01/07/2025,12:13:25,9829.33,0,0,0,0,0,0
LRGCAP.BSE_IDX,01/07/2025,12:13:33,9829.57,0,0,0,0,0,0
LRGCAP.BSE_IDX,01/07/2025,12:13:41,9830.08,0,0,0,0,0,0
LRGCAP.BSE_IDX,01/07/2025,12:13:49,9829.63,0,0,0,0,0,0
LRGCAP.BSE_IDX,01/07/2025,12:13:57,9829.56,0,0,0,0,0,0
LRGCAP.BSE_IDX,01/07/2025,12:14:05,9829.73,0,0,0,0,0,0
LRGCAP.BSE_IDX,01/07/2025,12:14:13,9829.77,0,0,0,0,0,0
LRGCAP.BSE_IDX,01/07/2025,12:14:21,9830.17,0,0,0,0,0,0
LRGCAP.BSE_IDX,01/07/2025,12:14:29,9830.05,0,0,0,0,0,0
LRGCAP.BSE_IDX,01/07/2025,12:14:37,9830.05,0,0,0,0,0,0
LRGCAP.BSE_IDX,01/07/2025,12:14:46,9830.23,0,0,0,0,0,0
LRGCAP.BSE_IDX,01/07/2025,12:14:54,9829.78,0,0,0,0,0,0
LRGCAP.BSE_IDX,01/07/2025,12:15:01,9829.72,0,0,0,0,0,0
LRGCAP.BSE_IDX,01/07/2025,12:15:09,9829.91,0,0,0,0,0,0
LRGCAP.BSE_IDX,01/07/2025,12:15:17,9830.46,0,0,0,0,0,0
LRGCAP.BSE_IDX,01/07/2025,12:15:25,9830.5,0,0,0,0,0,0
LRGCAP.BSE_IDX,01/07/2025,12:15:33,9830.34,0,0,0,0,0,0
LRGCAP.BSE_IDX,01/07/2025,12:15:41,9830.13,0,0,0,0,0,0
LRGCAP.BSE_IDX,01/07/2025,12:15:49,9829.68,0,0,0,0,0,0
LRGCAP.BSE_IDX,01/07/2025,12:15:57,9830.06,0,0,0,0,0,0
LRGCAP.BSE_IDX,01/07/2025,12:16:05,9829.91,0,0,0,0,0,0
LRGCAP.BSE_IDX,01/07/2025,12:16:13,9830.2,0,0,0,0,0,0
LRGCAP.BSE_IDX,01/07/2025,12:16:21,9830.61,0,0,0,0,0,0
LRGCAP.BSE_IDX,01/07/2025,12:16:29,9831.18,0,0,0,0,0,0
LRGCAP.BSE_IDX,01/07/2025,12:16:37,9831.64,0,0,0,0,0,0
LRGCAP.BSE_IDX,01/07/2025,12:16:45,9831.3,0,0,0,0,0,0
LRGCAP.BSE_IDX,01/07/2025,12:16:53,9830.34,0,0,0,0,0,0
LRGCAP.BSE_IDX,01/07/2025,12:17:01,9830.17,0,0,0,0,0,0
LRGCAP.BSE_IDX,01/07/2025,12:17:09,9830.61,0,0,0,0,0,0
LRGCAP.BSE_IDX,01/07/2025,12:17:17,9831.29,0,0,0,0,0,0
LRGCAP.BSE_IDX,01/07/2025,12:17:25,9830.49,0,0,0,0,0,0
LRGCAP.BSE_IDX,01/07/2025,12:17:33,9831.08,0,0,0,0,0,0
LRGCAP.BSE_IDX,01/07/2025,12:17:41,9830.91,0,0,0,0,0,0
LRGCAP.BSE_IDX,01/07/2025,12:17:49,9831.22,0,0,0,0,0,0
LRGCAP.BSE_IDX,01/07/2025,12:17:57,9831.35,0,0,0,0,0,0
LRGCAP.BSE_IDX,01/07/2025,12:18:05,9831.73,0,0,0,0,0,0
LRGCAP.BSE_IDX,01/07/2025,12:18:13,9831.85,0,0,0,0,0,0
LRGCAP.BSE_IDX,01/07/2025,12:18:21,9831.59,0,0,0,0,0,0
LRGCAP.BSE_IDX,01/07/2025,12:18:29,9831.92,0,0,0,0,0,0
LRGCAP.BSE_IDX,01/07/2025,12:18:37,9831.99,0,0,0,0,0,0
LRGCAP.BSE_IDX,01/07/2025,12:18:45,9832.24,0,0,0,0,0,0
LRGCAP.BSE_IDX,01/07/2025,12:18:53,9832.35,0,0,0,0,0,0
LRGCAP.BSE_IDX,01/07/2025,12:19:01,9832.89,0,0,0,0,0,0
LRGCAP.BSE_IDX,01/07/2025,12:19:09,9833.41,0,0,0,0,0,0
LRGCAP.BSE_IDX,01/07/2025,12:19:17,9833.23,0,0,0,0,0,0
LRGCAP.BSE_IDX,01/07/2025,12:19:25,9833.57,0,0,0,0,0,0
LRGCAP.BSE_IDX,01/07/2025,12:19:33,9833.92,0,0,0,0,0,0
LRGCAP.BSE_IDX,01/07/2025,12:19:41,9834.51,0,0,0,0,0,0
LRGCAP.BSE_IDX,01/07/2025,12:19:49,9834.82,0,0,0,0,0,0
LRGCAP.BSE_IDX,01/07/2025,12:19:57,9834.99,0,0,0,0,0,0
LRGCAP.BSE_IDX,01/07/2025,12:20:05,9835.56,0,0,0,0,0,0
LRGCAP.BSE_IDX,01/07/2025,12:20:13,9834.96,0,0,0,0,0,0
LRGCAP.BSE_IDX,01/07/2025,12:20:21,9836.3,0,0,0,0,0,0
LRGCAP.BSE_IDX,01/07/2025,12:20:29,9837.83,0,0,0,0,0,0
LRGCAP.BSE_IDX,01/07/2025,12:20:37,9838.26,0,0,0,0,0,0
LRGCAP.BSE_IDX,01/07/2025,12:20:45,9837.38,0,0,0,0,0,0
LRGCAP.BSE_IDX,01/07/2025,12:20:53,9837.95,0,0,0,0,0,0
LRGCAP.BSE_IDX,01/07/2025,12:21:01,9837.94,0,0,0,0,0,0
LRGCAP.BSE_IDX,01/07/2025,12:21:09,9837.89,0,0,0,0,0,0
LRGCAP.BSE_IDX,01/07/2025,12:21:17,9836.8,0,0,0,0,0,0
LRGCAP.BSE_IDX,01/07/2025,12:21:25,9837,0,0,0,0,0,0
LRGCAP.BSE_IDX,01/07/2025,12:21:33,9837.09,0,0,0,0,0,0
LRGCAP.BSE_IDX,01/07/2025,12:21:41,9837.93,0,0,0,0,0,0
LRGCAP.BSE_IDX,01/07/2025,12:21:49,9838.36,0,0,0,0,0,0
LRGCAP.BSE_IDX,01/07/2025,12:21:57,9838.42,0,0,0,0,0,0
LRGCAP.BSE_IDX,01/07/2025,12:22:05,9839.11,0,0,0,0,0,0
LRGCAP.BSE_IDX,01/07/2025,12:22:13,9838.79,0,0,0,0,0,0
LRGCAP.BSE_IDX,01/07/2025,12:22:21,9838.65,0,0,0,0,0,0
LRGCAP.BSE_IDX,01/07/2025,12:22:29,9838.32,0,0,0,0,0,0
LRGCAP.BSE_IDX,01/07/2025,12:22:37,9837.63,0,0,0,0,0,0
LRGCAP.BSE_IDX,01/07/2025,12:22:45,9837.22,0,0,0,0,0,0
LRGCAP.BSE_IDX,01/07/2025,12:22:53,9837.15,0,0,0,0,0,0
LRGCAP.BSE_IDX,01/07/2025,12:23:02,9837.62,0,0,0,0,0,0
LRGCAP.BSE_IDX,01/07/2025,12:23:09,9837.68,0,0,0,0,0,0
LRGCAP.BSE_IDX,01/07/2025,12:23:17,9837.6,0,0,0,0,0,0
LRGCAP.BSE_IDX,01/07/2025,12:23:25,9837.34,0,0,0,0,0,0
LRGCAP.BSE_IDX,01/07/2025,12:23:33,9836.99,0,0,0,0,0,0
LRGCAP.BSE_IDX,01/07/2025,12:23:41,9837.43,0,0,0,0,0,0
LRGCAP.BSE_IDX,01/07/2025,12:23:49,9837.68,0,0,0,0,0,0
LRGCAP.BSE_IDX,01/07/2025,12:23:57,9837.79,0,0,0,0,0,0
LRGCAP.BSE_IDX,01/07/2025,12:24:05,9837.93,0,0,0,0,0,0
LRGCAP.BSE_IDX,01/07/2025,12:24:13,9838.5,0,0,0,0,0,0
LRGCAP.BSE_IDX,01/07/2025,12:24:21,9838.97,0,0,0,0,0,0
LRGCAP.BSE_IDX,01/07/2025,12:24:29,9838.66,0,0,0,0,0,0
LRGCAP.BSE_IDX,01/07/2025,12:24:37,9838.68,0,0,0,0,0,0
LRGCAP.BSE_IDX,01/07/2025,12:24:45,9838.99,0,0,0,0,0,0
LRGCAP.BSE_IDX,01/07/2025,12:24:53,9838.62,0,0,0,0,0,0
LRGCAP.BSE_IDX,01/07/2025,12:25:01,9838.78,0,0,0,0,0,0
LRGCAP.BSE_IDX,01/07/2025,12:25:09,9838.81,0,0,0,0,0,0
LRGCAP.BSE_IDX,01/07/2025,12:25:17,9838.67,0,0,0,0,0,0
LRGCAP.BSE_IDX,01/07/2025,12:25:25,9839.01,0,0,0,0,0,0
LRGCAP.BSE_IDX,01/07/2025,12:25:33,9839.52,0,0,0,0,0,0
LRGCAP.BSE_IDX,01/07/2025,12:25:41,9839.64,0,0,0,0,0,0
LRGCAP.BSE_IDX,01/07/2025,12:25:49,9839.44,0,0,0,0,0,0
LRGCAP.BSE_IDX,01/07/2025,12:25:57,9839.98,0,0,0,0,0,0
LRGCAP.BSE_IDX,01/07/2025,12:26:05,9840.01,0,0,0,0,0,0
LRGCAP.BSE_IDX,01/07/2025,12:26:13,9839.99,0,0,0,0,0,0
LRGCAP.BSE_IDX,01/07/2025,12:26:21,9839.65,0,0,0,0,0,0
LRGCAP.BSE_IDX,01/07/2025,12:26:31,9839.82,0,0,0,0,0,0
LRGCAP.BSE_IDX,01/07/2025,12:26:37,9840.67,0,0,0,0,0,0
LRGCAP.BSE_IDX,01/07/2025,12:26:45,9840.85,0,0,0,0,0,0
LRGCAP.BSE_IDX,01/07/2025,12:26:53,9840.58,0,0,0,0,0,0
LRGCAP.BSE_IDX,01/07/2025,12:27:01,9839.71,0,0,0,0,0,0
LRGCAP.BSE_IDX,01/07/2025,12:27:09,9839.5,0,0,0,0,0,0
LRGCAP.BSE_IDX,01/07/2025,12:27:17,9839.75,0,0,0,0,0,0
LRGCAP.BSE_IDX,01/07/2025,12:27:25,9839.96,0,0,0,0,0,0
LRGCAP.BSE_IDX,01/07/2025,12:27:33,9839.49,0,0,0,0,0,0
LRGCAP.BSE_IDX,01/07/2025,12:27:41,9839.96,0,0,0,0,0,0
LRGCAP.BSE_IDX,01/07/2025,12:27:49,9839.55,0,0,0,0,0,0
LRGCAP.BSE_IDX,01/07/2025,12:27:57,9839.54,0,0,0,0,0,0
LRGCAP.BSE_IDX,01/07/2025,12:28:05,9839.42,0,0,0,0,0,0
LRGCAP.BSE_IDX,01/07/2025,12:28:13,9839.65,0,0,0,0,0,0
LRGCAP.BSE_IDX,01/07/2025,12:28:21,9839.27,0,0,0,0,0,0
LRGCAP.BSE_IDX,01/07/2025,12:28:29,9838.71,0,0,0,0,0,0
LRGCAP.BSE_IDX,01/07/2025,12:28:37,9839.21,0,0,0,0,0,0
LRGCAP.BSE_IDX,01/07/2025,12:28:45,9838.25,0,0,0,0,0,0
LRGCAP.BSE_IDX,01/07/2025,12:28:53,9837.21,0,0,0,0,0,0
LRGCAP.BSE_IDX,01/07/2025,12:29:01,9836.8,0,0,0,0,0,0
LRGCAP.BSE_IDX,01/07/2025,12:29:10,9836.33,0,0,0,0,0,0
LRGCAP.BSE_IDX,01/07/2025,12:29:18,9836.5,0,0,0,0,0,0
LRGCAP.BSE_IDX,01/07/2025,12:29:25,9837.26,0,0,0,0,0,0
LRGCAP.BSE_IDX,01/07/2025,12:29:33,9836.77,0,0,0,0,0,0
LRGCAP.BSE_IDX,01/07/2025,12:29:41,9836.42,0,0,0,0,0,0
LRGCAP.BSE_IDX,01/07/2025,12:29:49,9836.34,0,0,0,0,0,0
LRGCAP.BSE_IDX,01/07/2025,12:29:57,9836.85,0,0,0,0,0,0
LRGCAP.BSE_IDX,01/07/2025,12:30:05,9838.8,0,0,0,0,0,0
LRGCAP.BSE_IDX,01/07/2025,12:30:13,9838.96,0,0,0,0,0,0
LRGCAP.BSE_IDX,01/07/2025,12:30:22,9838.75,0,0,0,0,0,0
LRGCAP.BSE_IDX,01/07/2025,12:30:29,9837.91,0,0,0,0,0,0
LRGCAP.BSE_IDX,01/07/2025,12:30:37,9837.54,0,0,0,0,0,0
LRGCAP.BSE_IDX,01/07/2025,12:30:45,9837.86,0,0,0,0,0,0
LRGCAP.BSE_IDX,01/07/2025,12:30:53,9838.14,0,0,0,0,0,0
LRGCAP.BSE_IDX,01/07/2025,12:31:01,9838.52,0,0,0,0,0,0
LRGCAP.BSE_IDX,01/07/2025,12:31:09,9837,0,0,0,0,0,0
LRGCAP.BSE_IDX,01/07/2025,12:31:17,9835.78,0,0,0,0,0,0
LRGCAP.BSE_IDX,01/07/2025,12:31:25,9835.44,0,0,0,0,0,0
LRGCAP.BSE_IDX,01/07/2025,12:31:34,9835.14,0,0,0,0,0,0
LRGCAP.BSE_IDX,01/07/2025,12:31:41,9834.52,0,0,0,0,0,0
LRGCAP.BSE_IDX,01/07/2025,12:31:49,9834.32,0,0,0,0,0,0
LRGCAP.BSE_IDX,01/07/2025,12:31:57,9834.14,0,0,0,0,0,0
LRGCAP.BSE_IDX,01/07/2025,12:32:05,9834.3,0,0,0,0,0,0
LRGCAP.BSE_IDX,01/07/2025,12:32:13,9834.63,0,0,0,0,0,0
LRGCAP.BSE_IDX,01/07/2025,12:32:21,9834.59,0,0,0,0,0,0
LRGCAP.BSE_IDX,01/07/2025,12:32:29,9834.75,0,0,0,0,0,0
LRGCAP.BSE_IDX,01/07/2025,12:32:37,9834.52,0,0,0,0,0,0
LRGCAP.BSE_IDX,01/07/2025,12:32:45,9834.37,0,0,0,0,0,0
LRGCAP.BSE_IDX,01/07/2025,12:32:53,9833.99,0,0,0,0,0,0
LRGCAP.BSE_IDX,01/07/2025,12:33:01,9834.22,0,0,0,0,0,0
LRGCAP.BSE_IDX,01/07/2025,12:33:09,9834.03,0,0,0,0,0,0
LRGCAP.BSE_IDX,01/07/2025,12:33:17,9833.63,0,0,0,0,0,0
LRGCAP.BSE_IDX,01/07/2025,12:33:26,9833.69,0,0,0,0,0,0
LRGCAP.BSE_IDX,01/07/2025,12:33:33,9833.77,0,0,0,0,0,0
LRGCAP.BSE_IDX,01/07/2025,12:33:41,9834.13,0,0,0,0,0,0
LRGCAP.BSE_IDX,01/07/2025,12:33:49,9834,0,0,0,0,0,0
LRGCAP.BSE_IDX,01/07/2025,12:33:57,9833.92,0,0,0,0,0,0
LRGCAP.BSE_IDX,01/07/2025,12:34:05,9834.43,0,0,0,0,0,0
LRGCAP.BSE_IDX,01/07/2025,12:34:13,9834.85,0,0,0,0,0,0
LRGCAP.BSE_IDX,01/07/2025,12:34:21,9834.99,0,0,0,0,0,0
LRGCAP.BSE_IDX,01/07/2025,12:34:29,9835.66,0,0,0,0,0,0
LRGCAP.BSE_IDX,01/07/2025,12:34:37,9835.71,0,0,0,0,0,0
LRGCAP.BSE_IDX,01/07/2025,12:34:45,9835.93,0,0,0,0,0,0
LRGCAP.BSE_IDX,01/07/2025,12:34:53,9836.5,0,0,0,0,0,0
LRGCAP.BSE_IDX,01/07/2025,12:35:01,9836.95,0,0,0,0,0,0
LRGCAP.BSE_IDX,01/07/2025,12:35:09,9837.09,0,0,0,0,0,0
LRGCAP.BSE_IDX,01/07/2025,12:35:17,9837.56,0,0,0,0,0,0
LRGCAP.BSE_IDX,01/07/2025,12:35:25,9838.03,0,0,0,0,0,0
LRGCAP.BSE_IDX,01/07/2025,12:35:33,9838.21,0,0,0,0,0,0
LRGCAP.BSE_IDX,01/07/2025,12:35:41,9837.9,0,0,0,0,0,0
LRGCAP.BSE_IDX,01/07/2025,12:35:49,9838.8,0,0,0,0,0,0
LRGCAP.BSE_IDX,01/07/2025,12:35:57,9838.08,0,0,0,0,0,0
LRGCAP.BSE_IDX,01/07/2025,12:36:05,9839.05,0,0,0,0,0,0
LRGCAP.BSE_IDX,01/07/2025,12:36:13,9839.22,0,0,0,0,0,0
LRGCAP.BSE_IDX,01/07/2025,12:36:21,9838.45,0,0,0,0,0,0
LRGCAP.BSE_IDX,01/07/2025,12:36:29,9838.67,0,0,0,0,0,0
LRGCAP.BSE_IDX,01/07/2025,12:36:37,9838.7,0,0,0,0,0,0
LRGCAP.BSE_IDX,01/07/2025,12:36:45,9839.24,0,0,0,0,0,0
LRGCAP.BSE_IDX,01/07/2025,12:36:53,9839.31,0,0,0,0,0,0
LRGCAP.BSE_IDX,01/07/2025,12:37:01,9839.67,0,0,0,0,0,0
LRGCAP.BSE_IDX,01/07/2025,12:37:09,9839.91,0,0,0,0,0,0
LRGCAP.BSE_IDX,01/07/2025,12:37:17,9839.6,0,0,0,0,0,0
LRGCAP.BSE_IDX,01/07/2025,12:37:25,9838.84,0,0,0,0,0,0
LRGCAP.BSE_IDX,01/07/2025,12:37:33,9838.78,0,0,0,0,0,0
LRGCAP.BSE_IDX,01/07/2025,12:37:41,9838.09,0,0,0,0,0,0
LRGCAP.BSE_IDX,01/07/2025,12:37:49,9838,0,0,0,0,0,0
LRGCAP.BSE_IDX,01/07/2025,12:37:57,9837.54,0,0,0,0,0,0
LRGCAP.BSE_IDX,01/07/2025,12:38:05,9837.82,0,0,0,0,0,0
LRGCAP.BSE_IDX,01/07/2025,12:38:13,9837.94,0,0,0,0,0,0
LRGCAP.BSE_IDX,01/07/2025,12:38:22,9838.58,0,0,0,0,0,0
LRGCAP.BSE_IDX,01/07/2025,12:38:29,9838.38,0,0,0,0,0,0
LRGCAP.BSE_IDX,01/07/2025,12:38:39,9838.48,0,0,0,0,0,0
LRGCAP.BSE_IDX,01/07/2025,12:38:45,9838.51,0,0,0,0,0,0
LRGCAP.BSE_IDX,01/07/2025,12:38:53,9838.95,0,0,0,0,0,0
LRGCAP.BSE_IDX,01/07/2025,12:39:01,9838.88,0,0,0,0,0,0
LRGCAP.BSE_IDX,01/07/2025,12:39:10,9838.32,0,0,0,0,0,0
LRGCAP.BSE_IDX,01/07/2025,12:39:17,9838.94,0,0,0,0,0,0
LRGCAP.BSE_IDX,01/07/2025,12:39:25,9838.81,0,0,0,0,0,0
LRGCAP.BSE_IDX,01/07/2025,12:39:34,9838.76,0,0,0,0,0,0
LRGCAP.BSE_IDX,01/07/2025,12:39:42,9839.16,0,0,0,0,0,0
LRGCAP.BSE_IDX,01/07/2025,12:39:49,9839.05,0,0,0,0,0,0
LRGCAP.BSE_IDX,01/07/2025,12:39:57,9839.1,0,0,0,0,0,0
LRGCAP.BSE_IDX,01/07/2025,12:40:05,9839.45,0,0,0,0,0,0
LRGCAP.BSE_IDX,01/07/2025,12:40:14,9838.97,0,0,0,0,0,0
LRGCAP.BSE_IDX,01/07/2025,12:40:21,9839.06,0,0,0,0,0,0
LRGCAP.BSE_IDX,01/07/2025,12:40:29,9838.79,0,0,0,0,0,0
LRGCAP.BSE_IDX,01/07/2025,12:40:37,9839.02,0,0,0,0,0,0
LRGCAP.BSE_IDX,01/07/2025,12:40:45,9838.84,0,0,0,0,0,0
LRGCAP.BSE_IDX,01/07/2025,12:40:54,9838.95,0,0,0,0,0,0
LRGCAP.BSE_IDX,01/07/2025,12:41:01,9838.75,0,0,0,0,0,0
LRGCAP.BSE_IDX,01/07/2025,12:41:09,9838.31,0,0,0,0,0,0
LRGCAP.BSE_IDX,01/07/2025,12:41:17,9838.46,0,0,0,0,0,0
LRGCAP.BSE_IDX,01/07/2025,12:41:25,9838.37,0,0,0,0,0,0
LRGCAP.BSE_IDX,01/07/2025,12:41:33,9838.37,0,0,0,0,0,0
LRGCAP.BSE_IDX,01/07/2025,12:41:41,9838.6,0,0,0,0,0,0
LRGCAP.BSE_IDX,01/07/2025,12:41:49,9839.29,0,0,0,0,0,0
LRGCAP.BSE_IDX,01/07/2025,12:41:57,9839.22,0,0,0,0,0,0
LRGCAP.BSE_IDX,01/07/2025,12:42:05,9838.88,0,0,0,0,0,0
LRGCAP.BSE_IDX,01/07/2025,12:42:13,9839.12,0,0,0,0,0,0
LRGCAP.BSE_IDX,01/07/2025,12:42:21,9839.07,0,0,0,0,0,0
LRGCAP.BSE_IDX,01/07/2025,12:42:29,9839.74,0,0,0,0,0,0
LRGCAP.BSE_IDX,01/07/2025,12:42:37,9839.31,0,0,0,0,0,0
LRGCAP.BSE_IDX,01/07/2025,12:42:45,9839.27,0,0,0,0,0,0
LRGCAP.BSE_IDX,01/07/2025,12:42:53,9839.27,0,0,0,0,0,0
LRGCAP.BSE_IDX,01/07/2025,12:43:01,9839.55,0,0,0,0,0,0
LRGCAP.BSE_IDX,01/07/2025,12:43:10,9839.51,0,0,0,0,0,0
LRGCAP.BSE_IDX,01/07/2025,12:43:17,9839.62,0,0,0,0,0,0
LRGCAP.BSE_IDX,01/07/2025,12:43:26,9839.81,0,0,0,0,0,0
LRGCAP.BSE_IDX,01/07/2025,12:43:33,9839.66,0,0,0,0,0,0
LRGCAP.BSE_IDX,01/07/2025,12:43:41,9838.65,0,0,0,0,0,0
LRGCAP.BSE_IDX,01/07/2025,12:43:49,9838.57,0,0,0,0,0,0
LRGCAP.BSE_IDX,01/07/2025,12:43:58,9838.48,0,0,0,0,0,0
LRGCAP.BSE_IDX,01/07/2025,12:44:05,9838.76,0,0,0,0,0,0
LRGCAP.BSE_IDX,01/07/2025,12:44:14,9838.51,0,0,0,0,0,0
LRGCAP.BSE_IDX,01/07/2025,12:44:21,9837.62,0,0,0,0,0,0
LRGCAP.BSE_IDX,01/07/2025,12:44:29,9837.41,0,0,0,0,0,0
LRGCAP.BSE_IDX,01/07/2025,12:44:38,9837.16,0,0,0,0,0,0
LRGCAP.BSE_IDX,01/07/2025,12:44:45,9837.42,0,0,0,0,0,0
LRGCAP.BSE_IDX,01/07/2025,12:44:53,9836.98,0,0,0,0,0,0
LRGCAP.BSE_IDX,01/07/2025,12:45:01,9837.11,0,0,0,0,0,0
LRGCAP.BSE_IDX,01/07/2025,12:45:11,9837.12,0,0,0,0,0,0
LRGCAP.BSE_IDX,01/07/2025,12:45:17,9836.73,0,0,0,0,0,0
LRGCAP.BSE_IDX,01/07/2025,12:45:25,9836.6,0,0,0,0,0,0
LRGCAP.BSE_IDX,01/07/2025,12:45:34,9836.71,0,0,0,0,0,0
LRGCAP.BSE_IDX,01/07/2025,12:45:42,9836.31,0,0,0,0,0,0
LRGCAP.BSE_IDX,01/07/2025,12:45:50,9836.73,0,0,0,0,0,0
LRGCAP.BSE_IDX,01/07/2025,12:45:58,9836.47,0,0,0,0,0,0
LRGCAP.BSE_IDX,01/07/2025,12:46:06,9836.69,0,0,0,0,0,0
LRGCAP.BSE_IDX,01/07/2025,12:46:14,9836.39,0,0,0,0,0,0
LRGCAP.BSE_IDX,01/07/2025,12:46:22,9836.42,0,0,0,0,0,0
LRGCAP.BSE_IDX,01/07/2025,12:46:30,9835.94,0,0,0,0,0,0
LRGCAP.BSE_IDX,01/07/2025,12:46:38,9835.85,0,0,0,0,0,0
LRGCAP.BSE_IDX,01/07/2025,12:46:46,9836.1,0,0,0,0,0,0
LRGCAP.BSE_IDX,01/07/2025,12:46:54,9835.44,0,0,0,0,0,0
LRGCAP.BSE_IDX,01/07/2025,12:47:02,9835.46,0,0,0,0,0,0
LRGCAP.BSE_IDX,01/07/2025,12:47:10,9835.39,0,0,0,0,0,0
LRGCAP.BSE_IDX,01/07/2025,12:47:18,9835.48,0,0,0,0,0,0
LRGCAP.BSE_IDX,01/07/2025,12:47:26,9835.59,0,0,0,0,0,0
LRGCAP.BSE_IDX,01/07/2025,12:47:34,9835.99,0,0,0,0,0,0
LRGCAP.BSE_IDX,01/07/2025,12:47:42,9835.3,0,0,0,0,0,0
LRGCAP.BSE_IDX,01/07/2025,12:47:50,9835.83,0,0,0,0,0,0
LRGCAP.BSE_IDX,01/07/2025,12:47:58,9835.86,0,0,0,0,0,0
LRGCAP.BSE_IDX,01/07/2025,12:48:06,9836.12,0,0,0,0,0,0
LRGCAP.BSE_IDX,01/07/2025,12:48:14,9836.47,0,0,0,0,0,0
LRGCAP.BSE_IDX,01/07/2025,12:48:22,9836.35,0,0,0,0,0,0
LRGCAP.BSE_IDX,01/07/2025,12:48:30,9837.01,0,0,0,0,0,0
LRGCAP.BSE_IDX,01/07/2025,12:48:38,9836.94,0,0,0,0,0,0
LRGCAP.BSE_IDX,01/07/2025,12:48:46,9836.76,0,0,0,0,0,0
LRGCAP.BSE_IDX,01/07/2025,12:48:54,9836.99,0,0,0,0,0,0
LRGCAP.BSE_IDX,01/07/2025,12:49:02,9836.87,0,0,0,0,0,0
LRGCAP.BSE_IDX,01/07/2025,12:49:10,9836.97,0,0,0,0,0,0
LRGCAP.BSE_IDX,01/07/2025,12:49:18,9836.87,0,0,0,0,0,0
LRGCAP.BSE_IDX,01/07/2025,12:49:26,9836.93,0,0,0,0,0,0
LRGCAP.BSE_IDX,01/07/2025,12:49:34,9836.83,0,0,0,0,0,0
LRGCAP.BSE_IDX,01/07/2025,12:49:42,9837.07,0,0,0,0,0,0
LRGCAP.BSE_IDX,01/07/2025,12:49:50,9837.5,0,0,0,0,0,0
LRGCAP.BSE_IDX,01/07/2025,12:49:58,9837.7,0,0,0,0,0,0
LRGCAP.BSE_IDX,01/07/2025,12:50:06,9837.77,0,0,0,0,0,0
LRGCAP.BSE_IDX,01/07/2025,12:50:14,9837.58,0,0,0,0,0,0
LRGCAP.BSE_IDX,01/07/2025,12:50:22,9838.09,0,0,0,0,0,0
LRGCAP.BSE_IDX,01/07/2025,12:50:30,9838.25,0,0,0,0,0,0
LRGCAP.BSE_IDX,01/07/2025,12:50:38,9838.06,0,0,0,0,0,0
LRGCAP.BSE_IDX,01/07/2025,12:50:47,9838.35,0,0,0,0,0,0
LRGCAP.BSE_IDX,01/07/2025,12:50:54,9838.3,0,0,0,0,0,0
LRGCAP.BSE_IDX,01/07/2025,12:51:02,9838.33,0,0,0,0,0,0
LRGCAP.BSE_IDX,01/07/2025,12:51:10,9838.72,0,0,0,0,0,0
LRGCAP.BSE_IDX,01/07/2025,12:51:19,9839.27,0,0,0,0,0,0
LRGCAP.BSE_IDX,01/07/2025,12:51:26,9838.94,0,0,0,0,0,0
LRGCAP.BSE_IDX,01/07/2025,12:51:34,9839.08,0,0,0,0,0,0
LRGCAP.BSE_IDX,01/07/2025,12:51:42,9838.91,0,0,0,0,0,0
LRGCAP.BSE_IDX,01/07/2025,12:51:50,9838.76,0,0,0,0,0,0
LRGCAP.BSE_IDX,01/07/2025,12:51:58,9838.85,0,0,0,0,0,0
LRGCAP.BSE_IDX,01/07/2025,12:52:06,9838.56,0,0,0,0,0,0
LRGCAP.BSE_IDX,01/07/2025,12:52:14,9838.48,0,0,0,0,0,0
LRGCAP.BSE_IDX,01/07/2025,12:52:22,9838.79,0,0,0,0,0,0
LRGCAP.BSE_IDX,01/07/2025,12:52:30,9838.87,0,0,0,0,0,0
LRGCAP.BSE_IDX,01/07/2025,12:52:38,9838.67,0,0,0,0,0,0
LRGCAP.BSE_IDX,01/07/2025,12:52:46,9838.56,0,0,0,0,0,0
LRGCAP.BSE_IDX,01/07/2025,12:52:54,9838.66,0,0,0,0,0,0
LRGCAP.BSE_IDX,01/07/2025,12:53:02,9838.88,0,0,0,0,0,0
LRGCAP.BSE_IDX,01/07/2025,12:53:10,9838.83,0,0,0,0,0,0
LRGCAP.BSE_IDX,01/07/2025,12:53:18,9838.6,0,0,0,0,0,0
LRGCAP.BSE_IDX,01/07/2025,12:53:26,9838.13,0,0,0,0,0,0
LRGCAP.BSE_IDX,01/07/2025,12:53:34,9837.87,0,0,0,0,0,0
LRGCAP.BSE_IDX,01/07/2025,12:53:42,9837.23,0,0,0,0,0,0
LRGCAP.BSE_IDX,01/07/2025,12:53:50,9837.16,0,0,0,0,0,0
LRGCAP.BSE_IDX,01/07/2025,12:53:58,9837.24,0,0,0,0,0,0
LRGCAP.BSE_IDX,01/07/2025,12:54:06,9837.36,0,0,0,0,0,0
LRGCAP.BSE_IDX,01/07/2025,12:54:14,9836.96,0,0,0,0,0,0
LRGCAP.BSE_IDX,01/07/2025,12:54:22,9836.78,0,0,0,0,0,0
LRGCAP.BSE_IDX,01/07/2025,12:54:30,9836.79,0,0,0,0,0,0
LRGCAP.BSE_IDX,01/07/2025,12:54:38,9836.71,0,0,0,0,0,0
LRGCAP.BSE_IDX,01/07/2025,12:54:46,9836.47,0,0,0,0,0,0
LRGCAP.BSE_IDX,01/07/2025,12:54:54,9836.16,0,0,0,0,0,0
LRGCAP.BSE_IDX,01/07/2025,12:55:02,9836.02,0,0,0,0,0,0
LRGCAP.BSE_IDX,01/07/2025,12:55:10,9835.4,0,0,0,0,0,0
LRGCAP.BSE_IDX,01/07/2025,12:55:18,9835.65,0,0,0,0,0,0
LRGCAP.BSE_IDX,01/07/2025,12:55:26,9835.81,0,0,0,0,0,0
LRGCAP.BSE_IDX,01/07/2025,12:55:34,9836.52,0,0,0,0,0,0
LRGCAP.BSE_IDX,01/07/2025,12:55:42,9836.74,0,0,0,0,0,0
LRGCAP.BSE_IDX,01/07/2025,12:55:50,9836.91,0,0,0,0,0,0
LRGCAP.BSE_IDX,01/07/2025,12:55:58,9837.2,0,0,0,0,0,0
LRGCAP.BSE_IDX,01/07/2025,12:56:06,9836.7,0,0,0,0,0,0
LRGCAP.BSE_IDX,01/07/2025,12:56:15,9837.18,0,0,0,0,0,0
LRGCAP.BSE_IDX,01/07/2025,12:56:22,9837.87,0,0,0,0,0,0
LRGCAP.BSE_IDX,01/07/2025,12:56:30,9837.25,0,0,0,0,0,0
LRGCAP.BSE_IDX,01/07/2025,12:56:38,9836.64,0,0,0,0,0,0
LRGCAP.BSE_IDX,01/07/2025,12:56:46,9835.91,0,0,0,0,0,0
LRGCAP.BSE_IDX,01/07/2025,12:56:54,9836.32,0,0,0,0,0,0
LRGCAP.BSE_IDX,01/07/2025,12:57:02,9835.55,0,0,0,0,0,0
LRGCAP.BSE_IDX,01/07/2025,12:57:10,9835.41,0,0,0,0,0,0
LRGCAP.BSE_IDX,01/07/2025,12:57:18,9835.57,0,0,0,0,0,0
LRGCAP.BSE_IDX,01/07/2025,12:57:26,9834.98,0,0,0,0,0,0
LRGCAP.BSE_IDX,01/07/2025,12:57:34,9835.42,0,0,0,0,0,0
LRGCAP.BSE_IDX,01/07/2025,12:57:42,9835.46,0,0,0,0,0,0
LRGCAP.BSE_IDX,01/07/2025,12:57:51,9834.86,0,0,0,0,0,0
LRGCAP.BSE_IDX,01/07/2025,12:57:58,9834.83,0,0,0,0,0,0
LRGCAP.BSE_IDX,01/07/2025,12:58:06,9835.29,0,0,0,0,0,0
LRGCAP.BSE_IDX,01/07/2025,12:58:14,9835.17,0,0,0,0,0,0
LRGCAP.BSE_IDX,01/07/2025,12:58:22,9835,0,0,0,0,0,0
LRGCAP.BSE_IDX,01/07/2025,12:58:30,9835.07,0,0,0,0,0,0
