Ticker,Date,Time,LTP,BuyPrice,BuyQty,SellPrice,SellQty,LTQ,OpenInterest
METAL.BSE_IDX,01/07/2025,09:00:07,31610.24,0,0,0,0,0,0
METAL.BSE_IDX,01/07/2025,09:00:15,31466.78,0,0,0,0,0,0
METAL.BSE_IDX,01/07/2025,09:00:23,31668.18,0,0,0,0,0,0
METAL.BSE_IDX,01/07/2025,09:00:31,31805.81,0,0,0,0,0,0
METAL.BSE_IDX,01/07/2025,09:00:39,31805.81,0,0,0,0,0,0
METAL.BSE_IDX,01/07/2025,09:00:47,31798.78,0,0,0,0,0,0
METAL.BSE_IDX,01/07/2025,09:00:55,31777.69,0,0,0,0,0,0
METAL.BSE_IDX,01/07/2025,09:01:03,31750.26,0,0,0,0,0,0
METAL.BSE_IDX,01/07/2025,09:01:11,31762.08,0,0,0,0,0,0
METAL.BSE_IDX,01/07/2025,09:01:19,31762.08,0,0,0,0,0,0
METAL.BSE_IDX,01/07/2025,09:01:27,31762.05,0,0,0,0,0,0
METAL.BSE_IDX,01/07/2025,09:01:35,31593.33,0,0,0,0,0,0
METAL.BSE_IDX,01/07/2025,09:01:43,31629.56,0,0,0,0,0,0
METAL.BSE_IDX,01/07/2025,09:01:51,31590.14,0,0,0,0,0,0
METAL.BSE_IDX,01/07/2025,09:01:59,31590.14,0,0,0,0,0,0
METAL.BSE_IDX,01/07/2025,09:02:07,31590.14,0,0,0,0,0,0
METAL.BSE_IDX,01/07/2025,09:02:15,31590.14,0,0,0,0,0,0
METAL.BSE_IDX,01/07/2025,09:02:23,31548.29,0,0,0,0,0,0
METAL.BSE_IDX,01/07/2025,09:02:31,31636.5,0,0,0,0,0,0
METAL.BSE_IDX,01/07/2025,09:02:39,31636.5,0,0,0,0,0,0
METAL.BSE_IDX,01/07/2025,09:02:47,31741.73,0,0,0,0,0,0
METAL.BSE_IDX,01/07/2025,09:02:55,31792.31,0,0,0,0,0,0
METAL.BSE_IDX,01/07/2025,09:03:03,31783.44,0,0,0,0,0,0
METAL.BSE_IDX,01/07/2025,09:03:11,31783.44,0,0,0,0,0,0
METAL.BSE_IDX,01/07/2025,09:03:19,31783.41,0,0,0,0,0,0
METAL.BSE_IDX,01/07/2025,09:03:27,31783.41,0,0,0,0,0,0
METAL.BSE_IDX,01/07/2025,09:03:35,31783.41,0,0,0,0,0,0
METAL.BSE_IDX,01/07/2025,09:03:43,31783.41,0,0,0,0,0,0
METAL.BSE_IDX,01/07/2025,09:03:51,31760.11,0,0,0,0,0,0
METAL.BSE_IDX,01/07/2025,09:03:59,31758.7,0,0,0,0,0,0
METAL.BSE_IDX,01/07/2025,09:04:07,31758.7,0,0,0,0,0,0
METAL.BSE_IDX,01/07/2025,09:04:15,31757.53,0,0,0,0,0,0
METAL.BSE_IDX,01/07/2025,09:04:23,31757.53,0,0,0,0,0,0
METAL.BSE_IDX,01/07/2025,09:04:31,31822.7,0,0,0,0,0,0
METAL.BSE_IDX,01/07/2025,09:04:39,31822.67,0,0,0,0,0,0
METAL.BSE_IDX,01/07/2025,09:04:47,31819.24,0,0,0,0,0,0
METAL.BSE_IDX,01/07/2025,09:04:55,31820.96,0,0,0,0,0,0
METAL.BSE_IDX,01/07/2025,09:05:03,31820.96,0,0,0,0,0,0
METAL.BSE_IDX,01/07/2025,09:05:11,31799.66,0,0,0,0,0,0
METAL.BSE_IDX,01/07/2025,09:05:19,31795.64,0,0,0,0,0,0
METAL.BSE_IDX,01/07/2025,09:05:27,31815.76,0,0,0,0,0,0
METAL.BSE_IDX,01/07/2025,09:05:35,31815.76,0,0,0,0,0,0
METAL.BSE_IDX,01/07/2025,09:05:43,31815.76,0,0,0,0,0,0
METAL.BSE_IDX,01/07/2025,09:05:51,31811.06,0,0,0,0,0,0
METAL.BSE_IDX,01/07/2025,09:05:59,31811.06,0,0,0,0,0,0
METAL.BSE_IDX,01/07/2025,09:06:07,31804.71,0,0,0,0,0,0
METAL.BSE_IDX,01/07/2025,09:06:15,31805.62,0,0,0,0,0,0
METAL.BSE_IDX,01/07/2025,09:06:23,31804.02,0,0,0,0,0,0
METAL.BSE_IDX,01/07/2025,09:06:31,31804.02,0,0,0,0,0,0
METAL.BSE_IDX,01/07/2025,09:06:39,31804.02,0,0,0,0,0,0
METAL.BSE_IDX,01/07/2025,09:06:47,31779.39,0,0,0,0,0,0
METAL.BSE_IDX,01/07/2025,09:06:55,31797.7,0,0,0,0,0,0
METAL.BSE_IDX,01/07/2025,09:07:04,31793.39,0,0,0,0,0,0
METAL.BSE_IDX,01/07/2025,09:07:11,31793.39,0,0,0,0,0,0
METAL.BSE_IDX,01/07/2025,09:07:19,31793.39,0,0,0,0,0,0
METAL.BSE_IDX,01/07/2025,09:07:27,31793.39,0,0,0,0,0,0
METAL.BSE_IDX,01/07/2025,09:07:35,31793.39,0,0,0,0,0,0
METAL.BSE_IDX,01/07/2025,09:07:43,31793.39,0,0,0,0,0,0
METAL.BSE_IDX,01/07/2025,09:07:51,31793.39,0,0,0,0,0,0
METAL.BSE_IDX,01/07/2025,09:07:59,31793.39,0,0,0,0,0,0
METAL.BSE_IDX,01/07/2025,09:08:07,31793.39,0,0,0,0,0,0
METAL.BSE_IDX,01/07/2025,09:08:15,31793.39,0,0,0,0,0,0
METAL.BSE_IDX,01/07/2025,09:08:23,31793.39,0,0,0,0,0,0
METAL.BSE_IDX,01/07/2025,09:08:31,31793.39,0,0,0,0,0,0
METAL.BSE_IDX,01/07/2025,09:08:39,31793.39,0,0,0,0,0,0
METAL.BSE_IDX,01/07/2025,09:08:47,31793.39,0,0,0,0,0,0
METAL.BSE_IDX,01/07/2025,09:08:55,31793.39,0,0,0,0,0,0
METAL.BSE_IDX,01/07/2025,09:09:03,31793.72,0,0,0,0,0,0
METAL.BSE_IDX,01/07/2025,09:09:11,31793.72,0,0,0,0,0,0
METAL.BSE_IDX,01/07/2025,09:09:19,31793.72,0,0,0,0,0,0
METAL.BSE_IDX,01/07/2025,09:09:27,31793.72,0,0,0,0,0,0
METAL.BSE_IDX,01/07/2025,09:09:35,31793.72,0,0,0,0,0,0
METAL.BSE_IDX,01/07/2025,09:09:43,31793.72,0,0,0,0,0,0
METAL.BSE_IDX,01/07/2025,09:09:51,31793.72,0,0,0,0,0,0
METAL.BSE_IDX,01/07/2025,09:09:59,31793.72,0,0,0,0,0,0
METAL.BSE_IDX,01/07/2025,09:10:07,31793.72,0,0,0,0,0,0
METAL.BSE_IDX,01/07/2025,09:10:15,31793.72,0,0,0,0,0,0
METAL.BSE_IDX,01/07/2025,09:10:23,31793.72,0,0,0,0,0,0
METAL.BSE_IDX,01/07/2025,09:10:31,31793.72,0,0,0,0,0,0
METAL.BSE_IDX,01/07/2025,09:10:39,31793.72,0,0,0,0,0,0
METAL.BSE_IDX,01/07/2025,09:10:47,31793.72,0,0,0,0,0,0
METAL.BSE_IDX,01/07/2025,09:10:55,31793.72,0,0,0,0,0,0
METAL.BSE_IDX,01/07/2025,09:11:03,31793.72,0,0,0,0,0,0
METAL.BSE_IDX,01/07/2025,09:11:11,31793.72,0,0,0,0,0,0
METAL.BSE_IDX,01/07/2025,09:11:19,31793.72,0,0,0,0,0,0
METAL.BSE_IDX,01/07/2025,09:11:27,31793.72,0,0,0,0,0,0
METAL.BSE_IDX,01/07/2025,09:11:35,31793.72,0,0,0,0,0,0
METAL.BSE_IDX,01/07/2025,09:11:43,31793.72,0,0,0,0,0,0
METAL.BSE_IDX,01/07/2025,09:11:51,31793.72,0,0,0,0,0,0
METAL.BSE_IDX,01/07/2025,09:11:59,31793.72,0,0,0,0,0,0
METAL.BSE_IDX,01/07/2025,09:12:07,31793.72,0,0,0,0,0,0
METAL.BSE_IDX,01/07/2025,09:12:16,31793.72,0,0,0,0,0,0
METAL.BSE_IDX,01/07/2025,09:12:23,31793.72,0,0,0,0,0,0
METAL.BSE_IDX,01/07/2025,09:12:31,31793.72,0,0,0,0,0,0
METAL.BSE_IDX,01/07/2025,09:12:39,31793.72,0,0,0,0,0,0
METAL.BSE_IDX,01/07/2025,09:12:47,31793.72,0,0,0,0,0,0
METAL.BSE_IDX,01/07/2025,09:12:55,31793.72,0,0,0,0,0,0
METAL.BSE_IDX,01/07/2025,09:13:03,31793.72,0,0,0,0,0,0
METAL.BSE_IDX,01/07/2025,09:13:11,31793.72,0,0,0,0,0,0
METAL.BSE_IDX,01/07/2025,09:13:19,31793.72,0,0,0,0,0,0
METAL.BSE_IDX,01/07/2025,09:13:27,31793.72,0,0,0,0,0,0
METAL.BSE_IDX,01/07/2025,09:13:35,31793.72,0,0,0,0,0,0
METAL.BSE_IDX,01/07/2025,09:13:43,31793.72,0,0,0,0,0,0
METAL.BSE_IDX,01/07/2025,09:13:51,31793.72,0,0,0,0,0,0
METAL.BSE_IDX,01/07/2025,09:13:59,31793.72,0,0,0,0,0,0
METAL.BSE_IDX,01/07/2025,09:14:07,31793.72,0,0,0,0,0,0
METAL.BSE_IDX,01/07/2025,09:14:15,31793.72,0,0,0,0,0,0
METAL.BSE_IDX,01/07/2025,09:14:23,31793.72,0,0,0,0,0,0
METAL.BSE_IDX,01/07/2025,09:14:31,31793.72,0,0,0,0,0,0
METAL.BSE_IDX,01/07/2025,09:14:39,31793.72,0,0,0,0,0,0
METAL.BSE_IDX,01/07/2025,09:14:47,31793.72,0,0,0,0,0,0
METAL.BSE_IDX,01/07/2025,09:14:55,31793.72,0,0,0,0,0,0
METAL.BSE_IDX,01/07/2025,09:15:04,31753.78,0,0,0,0,0,0
METAL.BSE_IDX,01/07/2025,09:15:11,31712.68,0,0,0,0,0,0
METAL.BSE_IDX,01/07/2025,09:15:19,31671.13,0,0,0,0,0,0
METAL.BSE_IDX,01/07/2025,09:15:27,31634.68,0,0,0,0,0,0
METAL.BSE_IDX,01/07/2025,09:15:35,31621.79,0,0,0,0,0,0
METAL.BSE_IDX,01/07/2025,09:15:43,31629.33,0,0,0,0,0,0
METAL.BSE_IDX,01/07/2025,09:15:51,31621.74,0,0,0,0,0,0
METAL.BSE_IDX,01/07/2025,09:15:59,31643.65,0,0,0,0,0,0
METAL.BSE_IDX,01/07/2025,09:16:07,31638.57,0,0,0,0,0,0
METAL.BSE_IDX,01/07/2025,09:16:15,31664.16,0,0,0,0,0,0
METAL.BSE_IDX,01/07/2025,09:16:24,31662.24,0,0,0,0,0,0
METAL.BSE_IDX,01/07/2025,09:16:31,31658.41,0,0,0,0,0,0
METAL.BSE_IDX,01/07/2025,09:16:39,31641.82,0,0,0,0,0,0
METAL.BSE_IDX,01/07/2025,09:16:48,31646.61,0,0,0,0,0,0
METAL.BSE_IDX,01/07/2025,09:16:55,31648.38,0,0,0,0,0,0
METAL.BSE_IDX,01/07/2025,09:17:03,31650.36,0,0,0,0,0,0
METAL.BSE_IDX,01/07/2025,09:17:12,31650.05,0,0,0,0,0,0
METAL.BSE_IDX,01/07/2025,09:17:19,31660.81,0,0,0,0,0,0
METAL.BSE_IDX,01/07/2025,09:17:27,31667.88,0,0,0,0,0,0
METAL.BSE_IDX,01/07/2025,09:17:35,31667.75,0,0,0,0,0,0
METAL.BSE_IDX,01/07/2025,09:17:44,31678.93,0,0,0,0,0,0
METAL.BSE_IDX,01/07/2025,09:17:51,31670.38,0,0,0,0,0,0
METAL.BSE_IDX,01/07/2025,09:17:59,31671.59,0,0,0,0,0,0
METAL.BSE_IDX,01/07/2025,09:18:07,31698.22,0,0,0,0,0,0
METAL.BSE_IDX,01/07/2025,09:18:15,31684.86,0,0,0,0,0,0
METAL.BSE_IDX,01/07/2025,09:18:23,31673.98,0,0,0,0,0,0
METAL.BSE_IDX,01/07/2025,09:18:31,31647.75,0,0,0,0,0,0
METAL.BSE_IDX,01/07/2025,09:18:39,31644.15,0,0,0,0,0,0
METAL.BSE_IDX,01/07/2025,09:18:47,31638.74,0,0,0,0,0,0
METAL.BSE_IDX,01/07/2025,09:18:56,31635.18,0,0,0,0,0,0
METAL.BSE_IDX,01/07/2025,09:19:03,31633.67,0,0,0,0,0,0
METAL.BSE_IDX,01/07/2025,09:19:11,31634.42,0,0,0,0,0,0
METAL.BSE_IDX,01/07/2025,09:19:19,31632.77,0,0,0,0,0,0
METAL.BSE_IDX,01/07/2025,09:19:28,31634.78,0,0,0,0,0,0
METAL.BSE_IDX,01/07/2025,09:19:35,31634.71,0,0,0,0,0,0
METAL.BSE_IDX,01/07/2025,09:19:43,31621.06,0,0,0,0,0,0
METAL.BSE_IDX,01/07/2025,09:19:52,31622.97,0,0,0,0,0,0
METAL.BSE_IDX,01/07/2025,09:19:59,31622.46,0,0,0,0,0,0
METAL.BSE_IDX,01/07/2025,09:20:07,31634.71,0,0,0,0,0,0
METAL.BSE_IDX,01/07/2025,09:20:15,31636.91,0,0,0,0,0,0
METAL.BSE_IDX,01/07/2025,09:20:24,31635.31,0,0,0,0,0,0
METAL.BSE_IDX,01/07/2025,09:20:31,31632.01,0,0,0,0,0,0
METAL.BSE_IDX,01/07/2025,09:20:39,31634.09,0,0,0,0,0,0
METAL.BSE_IDX,01/07/2025,09:20:47,31633.63,0,0,0,0,0,0
METAL.BSE_IDX,01/07/2025,09:20:55,31613.55,0,0,0,0,0,0
METAL.BSE_IDX,01/07/2025,09:21:03,31624.4,0,0,0,0,0,0
METAL.BSE_IDX,01/07/2025,09:21:11,31622.41,0,0,0,0,0,0
METAL.BSE_IDX,01/07/2025,09:21:19,31619.85,0,0,0,0,0,0
METAL.BSE_IDX,01/07/2025,09:21:27,31612.84,0,0,0,0,0,0
METAL.BSE_IDX,01/07/2025,09:21:36,31618.1,0,0,0,0,0,0
METAL.BSE_IDX,01/07/2025,09:21:43,31621.45,0,0,0,0,0,0
METAL.BSE_IDX,01/07/2025,09:21:51,31609.83,0,0,0,0,0,0
METAL.BSE_IDX,01/07/2025,09:21:59,31612.8,0,0,0,0,0,0
METAL.BSE_IDX,01/07/2025,09:22:07,31613.83,0,0,0,0,0,0
METAL.BSE_IDX,01/07/2025,09:22:15,31618.87,0,0,0,0,0,0
METAL.BSE_IDX,01/07/2025,09:22:23,31626.5,0,0,0,0,0,0
METAL.BSE_IDX,01/07/2025,09:22:31,31617.05,0,0,0,0,0,0
METAL.BSE_IDX,01/07/2025,09:22:39,31635.58,0,0,0,0,0,0
METAL.BSE_IDX,01/07/2025,09:22:47,31634.24,0,0,0,0,0,0
METAL.BSE_IDX,01/07/2025,09:22:55,31638.58,0,0,0,0,0,0
METAL.BSE_IDX,01/07/2025,09:23:03,31638.06,0,0,0,0,0,0
METAL.BSE_IDX,01/07/2025,09:23:11,31637.47,0,0,0,0,0,0
METAL.BSE_IDX,01/07/2025,09:23:19,31637.28,0,0,0,0,0,0
METAL.BSE_IDX,01/07/2025,09:23:27,31641.59,0,0,0,0,0,0
METAL.BSE_IDX,01/07/2025,09:23:35,31651.38,0,0,0,0,0,0
METAL.BSE_IDX,01/07/2025,09:23:44,31652.06,0,0,0,0,0,0
METAL.BSE_IDX,01/07/2025,09:23:51,31645.23,0,0,0,0,0,0
METAL.BSE_IDX,01/07/2025,09:23:59,31631.91,0,0,0,0,0,0
METAL.BSE_IDX,01/07/2025,09:24:08,31639.97,0,0,0,0,0,0
METAL.BSE_IDX,01/07/2025,09:24:15,31650.13,0,0,0,0,0,0
METAL.BSE_IDX,01/07/2025,09:24:23,31643.52,0,0,0,0,0,0
METAL.BSE_IDX,01/07/2025,09:24:32,31634.58,0,0,0,0,0,0
METAL.BSE_IDX,01/07/2025,09:24:39,31631.34,0,0,0,0,0,0
METAL.BSE_IDX,01/07/2025,09:24:48,31635.69,0,0,0,0,0,0
METAL.BSE_IDX,01/07/2025,09:24:57,31637.24,0,0,0,0,0,0
METAL.BSE_IDX,01/07/2025,09:25:03,31643.38,0,0,0,0,0,0
METAL.BSE_IDX,01/07/2025,09:25:12,31640.74,0,0,0,0,0,0
METAL.BSE_IDX,01/07/2025,09:25:19,31642.82,0,0,0,0,0,0
METAL.BSE_IDX,01/07/2025,09:25:29,31647.9,0,0,0,0,0,0
METAL.BSE_IDX,01/07/2025,09:25:35,31651.97,0,0,0,0,0,0
METAL.BSE_IDX,01/07/2025,09:25:43,31662.03,0,0,0,0,0,0
METAL.BSE_IDX,01/07/2025,09:25:51,31651.09,0,0,0,0,0,0
METAL.BSE_IDX,01/07/2025,09:25:59,31644.54,0,0,0,0,0,0
METAL.BSE_IDX,01/07/2025,09:26:08,31642.58,0,0,0,0,0,0
METAL.BSE_IDX,01/07/2025,09:26:15,31638.09,0,0,0,0,0,0
METAL.BSE_IDX,01/07/2025,09:26:23,31642.84,0,0,0,0,0,0
METAL.BSE_IDX,01/07/2025,09:26:31,31645.71,0,0,0,0,0,0
METAL.BSE_IDX,01/07/2025,09:26:39,31643.79,0,0,0,0,0,0
METAL.BSE_IDX,01/07/2025,09:26:48,31644.62,0,0,0,0,0,0
METAL.BSE_IDX,01/07/2025,09:26:55,31653.21,0,0,0,0,0,0
METAL.BSE_IDX,01/07/2025,09:27:04,31651.08,0,0,0,0,0,0
METAL.BSE_IDX,01/07/2025,09:27:12,31649,0,0,0,0,0,0
METAL.BSE_IDX,01/07/2025,09:27:19,31649.7,0,0,0,0,0,0
METAL.BSE_IDX,01/07/2025,09:27:28,31643.54,0,0,0,0,0,0
METAL.BSE_IDX,01/07/2025,09:27:36,31645.08,0,0,0,0,0,0
METAL.BSE_IDX,01/07/2025,09:27:44,31651.2,0,0,0,0,0,0
METAL.BSE_IDX,01/07/2025,09:27:51,31657.23,0,0,0,0,0,0
METAL.BSE_IDX,01/07/2025,09:28:00,31652.1,0,0,0,0,0,0
METAL.BSE_IDX,01/07/2025,09:28:08,31651.61,0,0,0,0,0,0
METAL.BSE_IDX,01/07/2025,09:28:16,31635.68,0,0,0,0,0,0
METAL.BSE_IDX,01/07/2025,09:28:24,31631.38,0,0,0,0,0,0
METAL.BSE_IDX,01/07/2025,09:28:32,31627.92,0,0,0,0,0,0
METAL.BSE_IDX,01/07/2025,09:28:40,31629.2,0,0,0,0,0,0
METAL.BSE_IDX,01/07/2025,09:28:48,31635,0,0,0,0,0,0
METAL.BSE_IDX,01/07/2025,09:28:56,31640.25,0,0,0,0,0,0
METAL.BSE_IDX,01/07/2025,09:29:04,31637.02,0,0,0,0,0,0
METAL.BSE_IDX,01/07/2025,09:29:12,31627.47,0,0,0,0,0,0
METAL.BSE_IDX,01/07/2025,09:29:20,31634.5,0,0,0,0,0,0
METAL.BSE_IDX,01/07/2025,09:29:28,31629.37,0,0,0,0,0,0
METAL.BSE_IDX,01/07/2025,09:29:36,31629.76,0,0,0,0,0,0
METAL.BSE_IDX,01/07/2025,09:29:44,31640.96,0,0,0,0,0,0
METAL.BSE_IDX,01/07/2025,09:29:52,31642.18,0,0,0,0,0,0
METAL.BSE_IDX,01/07/2025,09:30:00,31645.19,0,0,0,0,0,0
METAL.BSE_IDX,01/07/2025,09:30:08,31656.01,0,0,0,0,0,0
METAL.BSE_IDX,01/07/2025,09:30:16,31668.73,0,0,0,0,0,0
METAL.BSE_IDX,01/07/2025,09:30:24,31663.18,0,0,0,0,0,0
METAL.BSE_IDX,01/07/2025,09:30:32,31665.8,0,0,0,0,0,0
METAL.BSE_IDX,01/07/2025,09:30:40,31663.82,0,0,0,0,0,0
METAL.BSE_IDX,01/07/2025,09:30:48,31671.95,0,0,0,0,0,0
METAL.BSE_IDX,01/07/2025,09:30:56,31663.46,0,0,0,0,0,0
METAL.BSE_IDX,01/07/2025,09:31:04,31664.06,0,0,0,0,0,0
METAL.BSE_IDX,01/07/2025,09:31:12,31658.02,0,0,0,0,0,0
METAL.BSE_IDX,01/07/2025,09:31:20,31655.93,0,0,0,0,0,0
METAL.BSE_IDX,01/07/2025,09:31:28,31647.31,0,0,0,0,0,0
METAL.BSE_IDX,01/07/2025,09:31:36,31640.12,0,0,0,0,0,0
METAL.BSE_IDX,01/07/2025,09:31:44,31626.5,0,0,0,0,0,0
METAL.BSE_IDX,01/07/2025,09:31:52,31630.14,0,0,0,0,0,0
METAL.BSE_IDX,01/07/2025,09:32:00,31621.31,0,0,0,0,0,0
METAL.BSE_IDX,01/07/2025,09:32:08,31619.78,0,0,0,0,0,0
METAL.BSE_IDX,01/07/2025,09:32:16,31619.62,0,0,0,0,0,0
METAL.BSE_IDX,01/07/2025,09:32:24,31624.54,0,0,0,0,0,0
METAL.BSE_IDX,01/07/2025,09:32:32,31618.62,0,0,0,0,0,0
METAL.BSE_IDX,01/07/2025,09:32:40,31621.47,0,0,0,0,0,0
METAL.BSE_IDX,01/07/2025,09:32:48,31622.72,0,0,0,0,0,0
METAL.BSE_IDX,01/07/2025,09:32:56,31641.35,0,0,0,0,0,0
METAL.BSE_IDX,01/07/2025,09:33:04,31642.09,0,0,0,0,0,0
METAL.BSE_IDX,01/07/2025,09:33:12,31647.71,0,0,0,0,0,0
METAL.BSE_IDX,01/07/2025,09:33:20,31646.29,0,0,0,0,0,0
METAL.BSE_IDX,01/07/2025,09:33:28,31648.17,0,0,0,0,0,0
METAL.BSE_IDX,01/07/2025,09:33:36,31650.72,0,0,0,0,0,0
METAL.BSE_IDX,01/07/2025,09:33:44,31655.65,0,0,0,0,0,0
METAL.BSE_IDX,01/07/2025,09:33:52,31656.04,0,0,0,0,0,0
METAL.BSE_IDX,01/07/2025,09:34:00,31653.49,0,0,0,0,0,0
METAL.BSE_IDX,01/07/2025,09:34:08,31652.38,0,0,0,0,0,0
METAL.BSE_IDX,01/07/2025,09:34:16,31658.49,0,0,0,0,0,0
METAL.BSE_IDX,01/07/2025,09:34:24,31656.18,0,0,0,0,0,0
METAL.BSE_IDX,01/07/2025,09:34:32,31661.12,0,0,0,0,0,0
METAL.BSE_IDX,01/07/2025,09:34:40,31661.99,0,0,0,0,0,0
METAL.BSE_IDX,01/07/2025,09:34:48,31669.55,0,0,0,0,0,0
METAL.BSE_IDX,01/07/2025,09:34:56,31664.52,0,0,0,0,0,0
METAL.BSE_IDX,01/07/2025,09:35:05,31663.71,0,0,0,0,0,0
METAL.BSE_IDX,01/07/2025,09:35:12,31658.95,0,0,0,0,0,0
METAL.BSE_IDX,01/07/2025,09:35:20,31654.81,0,0,0,0,0,0
METAL.BSE_IDX,01/07/2025,09:35:28,31653.5,0,0,0,0,0,0
METAL.BSE_IDX,01/07/2025,09:35:36,31644.1,0,0,0,0,0,0
METAL.BSE_IDX,01/07/2025,09:35:44,31636.08,0,0,0,0,0,0
METAL.BSE_IDX,01/07/2025,09:35:52,31635.86,0,0,0,0,0,0
METAL.BSE_IDX,01/07/2025,09:36:00,31639.52,0,0,0,0,0,0
METAL.BSE_IDX,01/07/2025,09:36:08,31638.94,0,0,0,0,0,0
METAL.BSE_IDX,01/07/2025,09:36:16,31643.62,0,0,0,0,0,0
METAL.BSE_IDX,01/07/2025,09:36:24,31642.44,0,0,0,0,0,0
METAL.BSE_IDX,01/07/2025,09:36:33,31635.9,0,0,0,0,0,0
METAL.BSE_IDX,01/07/2025,09:36:40,31633.14,0,0,0,0,0,0
METAL.BSE_IDX,01/07/2025,09:36:48,31635.44,0,0,0,0,0,0
METAL.BSE_IDX,01/07/2025,09:36:56,31635.08,0,0,0,0,0,0
METAL.BSE_IDX,01/07/2025,09:37:04,31635.99,0,0,0,0,0,0
METAL.BSE_IDX,01/07/2025,09:37:12,31640.14,0,0,0,0,0,0
METAL.BSE_IDX,01/07/2025,09:37:20,31642.33,0,0,0,0,0,0
METAL.BSE_IDX,01/07/2025,09:37:28,31637.05,0,0,0,0,0,0
METAL.BSE_IDX,01/07/2025,09:37:36,31633.67,0,0,0,0,0,0
METAL.BSE_IDX,01/07/2025,09:37:44,31633.9,0,0,0,0,0,0
METAL.BSE_IDX,01/07/2025,09:37:52,31628.54,0,0,0,0,0,0
METAL.BSE_IDX,01/07/2025,09:38:00,31627.07,0,0,0,0,0,0
METAL.BSE_IDX,01/07/2025,09:38:08,31627.39,0,0,0,0,0,0
METAL.BSE_IDX,01/07/2025,09:38:16,31618.36,0,0,0,0,0,0
METAL.BSE_IDX,01/07/2025,09:38:24,31619.34,0,0,0,0,0,0
METAL.BSE_IDX,01/07/2025,09:38:32,31619.67,0,0,0,0,0,0
METAL.BSE_IDX,01/07/2025,09:38:40,31616.51,0,0,0,0,0,0
METAL.BSE_IDX,01/07/2025,09:38:48,31617.37,0,0,0,0,0,0
METAL.BSE_IDX,01/07/2025,09:38:56,31616.17,0,0,0,0,0,0
METAL.BSE_IDX,01/07/2025,09:39:04,31604.13,0,0,0,0,0,0
METAL.BSE_IDX,01/07/2025,09:39:12,31609.75,0,0,0,0,0,0
METAL.BSE_IDX,01/07/2025,09:39:20,31613.62,0,0,0,0,0,0
METAL.BSE_IDX,01/07/2025,09:39:28,31616.23,0,0,0,0,0,0
METAL.BSE_IDX,01/07/2025,09:39:36,31615.57,0,0,0,0,0,0
METAL.BSE_IDX,01/07/2025,09:39:44,31611.28,0,0,0,0,0,0
METAL.BSE_IDX,01/07/2025,09:39:52,31611.53,0,0,0,0,0,0
METAL.BSE_IDX,01/07/2025,09:40:00,31616.28,0,0,0,0,0,0
METAL.BSE_IDX,01/07/2025,09:40:08,31625.29,0,0,0,0,0,0
METAL.BSE_IDX,01/07/2025,09:40:16,31630.62,0,0,0,0,0,0
METAL.BSE_IDX,01/07/2025,09:40:24,31635.09,0,0,0,0,0,0
METAL.BSE_IDX,01/07/2025,09:40:32,31633.97,0,0,0,0,0,0
METAL.BSE_IDX,01/07/2025,09:40:40,31634.22,0,0,0,0,0,0
METAL.BSE_IDX,01/07/2025,09:40:48,31636.12,0,0,0,0,0,0
METAL.BSE_IDX,01/07/2025,09:40:56,31636.22,0,0,0,0,0,0
METAL.BSE_IDX,01/07/2025,09:41:04,31631.16,0,0,0,0,0,0
METAL.BSE_IDX,01/07/2025,09:41:12,31630.68,0,0,0,0,0,0
METAL.BSE_IDX,01/07/2025,09:41:20,31630.64,0,0,0,0,0,0
METAL.BSE_IDX,01/07/2025,09:41:28,31631.9,0,0,0,0,0,0
METAL.BSE_IDX,01/07/2025,09:41:36,31628.3,0,0,0,0,0,0
METAL.BSE_IDX,01/07/2025,09:41:44,31630.54,0,0,0,0,0,0
METAL.BSE_IDX,01/07/2025,09:41:52,31634.05,0,0,0,0,0,0
METAL.BSE_IDX,01/07/2025,09:42:00,31629.82,0,0,0,0,0,0
METAL.BSE_IDX,01/07/2025,09:42:08,31629.15,0,0,0,0,0,0
METAL.BSE_IDX,01/07/2025,09:42:16,31627.18,0,0,0,0,0,0
METAL.BSE_IDX,01/07/2025,09:42:24,31616.21,0,0,0,0,0,0
METAL.BSE_IDX,01/07/2025,09:42:32,31612.56,0,0,0,0,0,0
METAL.BSE_IDX,01/07/2025,09:42:40,31611.44,0,0,0,0,0,0
METAL.BSE_IDX,01/07/2025,09:42:48,31611.01,0,0,0,0,0,0
METAL.BSE_IDX,01/07/2025,09:42:56,31610.35,0,0,0,0,0,0
METAL.BSE_IDX,01/07/2025,09:43:04,31610.84,0,0,0,0,0,0
METAL.BSE_IDX,01/07/2025,09:43:12,31611.69,0,0,0,0,0,0
METAL.BSE_IDX,01/07/2025,09:43:20,31613.59,0,0,0,0,0,0
METAL.BSE_IDX,01/07/2025,09:43:28,31614.11,0,0,0,0,0,0
METAL.BSE_IDX,01/07/2025,09:43:36,31615.88,0,0,0,0,0,0
METAL.BSE_IDX,01/07/2025,09:43:44,31610.91,0,0,0,0,0,0
METAL.BSE_IDX,01/07/2025,09:43:53,31618.22,0,0,0,0,0,0
METAL.BSE_IDX,01/07/2025,09:44:00,31624.11,0,0,0,0,0,0
METAL.BSE_IDX,01/07/2025,09:44:08,31617.48,0,0,0,0,0,0
METAL.BSE_IDX,01/07/2025,09:44:16,31616.79,0,0,0,0,0,0
METAL.BSE_IDX,01/07/2025,09:44:24,31616.9,0,0,0,0,0,0
METAL.BSE_IDX,01/07/2025,09:44:32,31618.07,0,0,0,0,0,0
METAL.BSE_IDX,01/07/2025,09:44:40,31619.57,0,0,0,0,0,0
METAL.BSE_IDX,01/07/2025,09:44:48,31620.05,0,0,0,0,0,0
METAL.BSE_IDX,01/07/2025,09:44:56,31624,0,0,0,0,0,0
METAL.BSE_IDX,01/07/2025,09:45:05,31615.43,0,0,0,0,0,0
METAL.BSE_IDX,01/07/2025,09:45:12,31614.79,0,0,0,0,0,0
METAL.BSE_IDX,01/07/2025,09:45:20,31615.22,0,0,0,0,0,0
METAL.BSE_IDX,01/07/2025,09:45:28,31613.94,0,0,0,0,0,0
METAL.BSE_IDX,01/07/2025,09:45:36,31609.96,0,0,0,0,0,0
METAL.BSE_IDX,01/07/2025,09:45:44,31611.42,0,0,0,0,0,0
METAL.BSE_IDX,01/07/2025,09:45:52,31608.37,0,0,0,0,0,0
METAL.BSE_IDX,01/07/2025,09:46:01,31609.52,0,0,0,0,0,0
METAL.BSE_IDX,01/07/2025,09:46:08,31604.13,0,0,0,0,0,0
METAL.BSE_IDX,01/07/2025,09:46:16,31599.56,0,0,0,0,0,0
METAL.BSE_IDX,01/07/2025,09:46:24,31602.63,0,0,0,0,0,0
METAL.BSE_IDX,01/07/2025,09:46:32,31601.4,0,0,0,0,0,0
METAL.BSE_IDX,01/07/2025,09:46:40,31598.94,0,0,0,0,0,0
METAL.BSE_IDX,01/07/2025,09:46:48,31601.42,0,0,0,0,0,0
METAL.BSE_IDX,01/07/2025,09:46:56,31599.63,0,0,0,0,0,0
METAL.BSE_IDX,01/07/2025,09:47:04,31600.61,0,0,0,0,0,0
METAL.BSE_IDX,01/07/2025,09:47:12,31600.07,0,0,0,0,0,0
METAL.BSE_IDX,01/07/2025,09:47:20,31602.47,0,0,0,0,0,0
METAL.BSE_IDX,01/07/2025,09:47:28,31590.19,0,0,0,0,0,0
METAL.BSE_IDX,01/07/2025,09:47:36,31592.84,0,0,0,0,0,0
METAL.BSE_IDX,01/07/2025,09:47:44,31596.38,0,0,0,0,0,0
METAL.BSE_IDX,01/07/2025,09:47:52,31596.66,0,0,0,0,0,0
METAL.BSE_IDX,01/07/2025,09:48:00,31598.83,0,0,0,0,0,0
METAL.BSE_IDX,01/07/2025,09:48:08,31601.13,0,0,0,0,0,0
METAL.BSE_IDX,01/07/2025,09:48:16,31611.39,0,0,0,0,0,0
METAL.BSE_IDX,01/07/2025,09:48:24,31618.24,0,0,0,0,0,0
METAL.BSE_IDX,01/07/2025,09:48:32,31618.7,0,0,0,0,0,0
METAL.BSE_IDX,01/07/2025,09:48:40,31619.01,0,0,0,0,0,0
METAL.BSE_IDX,01/07/2025,09:48:48,31618.16,0,0,0,0,0,0
METAL.BSE_IDX,01/07/2025,09:48:56,31618.85,0,0,0,0,0,0
METAL.BSE_IDX,01/07/2025,09:49:04,31631.99,0,0,0,0,0,0
METAL.BSE_IDX,01/07/2025,09:49:12,31630.01,0,0,0,0,0,0
METAL.BSE_IDX,01/07/2025,09:49:20,31634.59,0,0,0,0,0,0
METAL.BSE_IDX,01/07/2025,09:49:28,31635.1,0,0,0,0,0,0
METAL.BSE_IDX,01/07/2025,09:49:36,31636.78,0,0,0,0,0,0
METAL.BSE_IDX,01/07/2025,09:49:44,31637.24,0,0,0,0,0,0
METAL.BSE_IDX,01/07/2025,09:49:52,31637.57,0,0,0,0,0,0
METAL.BSE_IDX,01/07/2025,09:50:00,31640.35,0,0,0,0,0,0
METAL.BSE_IDX,01/07/2025,09:50:08,31637.95,0,0,0,0,0,0
METAL.BSE_IDX,01/07/2025,09:50:16,31641.02,0,0,0,0,0,0
METAL.BSE_IDX,01/07/2025,09:50:24,31641.01,0,0,0,0,0,0
METAL.BSE_IDX,01/07/2025,09:50:32,31639.9,0,0,0,0,0,0
METAL.BSE_IDX,01/07/2025,09:50:40,31640.03,0,0,0,0,0,0
METAL.BSE_IDX,01/07/2025,09:50:48,31637.96,0,0,0,0,0,0
METAL.BSE_IDX,01/07/2025,09:50:57,31635.15,0,0,0,0,0,0
METAL.BSE_IDX,01/07/2025,09:51:04,31629.92,0,0,0,0,0,0
METAL.BSE_IDX,01/07/2025,09:51:12,31635.01,0,0,0,0,0,0
METAL.BSE_IDX,01/07/2025,09:51:20,31636.16,0,0,0,0,0,0
METAL.BSE_IDX,01/07/2025,09:51:28,31632.02,0,0,0,0,0,0
METAL.BSE_IDX,01/07/2025,09:51:37,31626.2,0,0,0,0,0,0
METAL.BSE_IDX,01/07/2025,09:51:44,31642.12,0,0,0,0,0,0
METAL.BSE_IDX,01/07/2025,09:51:52,31639.42,0,0,0,0,0,0
METAL.BSE_IDX,01/07/2025,09:52:01,31636.64,0,0,0,0,0,0
METAL.BSE_IDX,01/07/2025,09:52:08,31635.57,0,0,0,0,0,0
METAL.BSE_IDX,01/07/2025,09:52:17,31634.77,0,0,0,0,0,0
METAL.BSE_IDX,01/07/2025,09:52:24,31634.91,0,0,0,0,0,0
METAL.BSE_IDX,01/07/2025,09:52:32,31634.57,0,0,0,0,0,0
METAL.BSE_IDX,01/07/2025,09:52:40,31633.56,0,0,0,0,0,0
METAL.BSE_IDX,01/07/2025,09:52:48,31634.04,0,0,0,0,0,0
METAL.BSE_IDX,01/07/2025,09:52:57,31638.24,0,0,0,0,0,0
METAL.BSE_IDX,01/07/2025,09:53:04,31640.21,0,0,0,0,0,0
METAL.BSE_IDX,01/07/2025,09:53:13,31645.09,0,0,0,0,0,0
METAL.BSE_IDX,01/07/2025,09:53:20,31644.44,0,0,0,0,0,0
METAL.BSE_IDX,01/07/2025,09:53:28,31632.64,0,0,0,0,0,0
METAL.BSE_IDX,01/07/2025,09:53:36,31629.49,0,0,0,0,0,0
METAL.BSE_IDX,01/07/2025,09:53:44,31630.65,0,0,0,0,0,0
METAL.BSE_IDX,01/07/2025,09:53:52,31629.55,0,0,0,0,0,0
METAL.BSE_IDX,01/07/2025,09:54:00,31618.23,0,0,0,0,0,0
METAL.BSE_IDX,01/07/2025,09:54:08,31605.08,0,0,0,0,0,0
METAL.BSE_IDX,01/07/2025,09:54:16,31608.83,0,0,0,0,0,0
METAL.BSE_IDX,01/07/2025,09:54:24,31605.99,0,0,0,0,0,0
METAL.BSE_IDX,01/07/2025,09:54:32,31605.07,0,0,0,0,0,0
METAL.BSE_IDX,01/07/2025,09:54:40,31597.38,0,0,0,0,0,0
METAL.BSE_IDX,01/07/2025,09:54:48,31594.75,0,0,0,0,0,0
METAL.BSE_IDX,01/07/2025,09:54:56,31592.69,0,0,0,0,0,0
METAL.BSE_IDX,01/07/2025,09:55:04,31597.72,0,0,0,0,0,0
METAL.BSE_IDX,01/07/2025,09:55:12,31597.02,0,0,0,0,0,0
METAL.BSE_IDX,01/07/2025,09:55:20,31594.63,0,0,0,0,0,0
METAL.BSE_IDX,01/07/2025,09:55:28,31592.14,0,0,0,0,0,0
METAL.BSE_IDX,01/07/2025,09:55:36,31594.41,0,0,0,0,0,0
METAL.BSE_IDX,01/07/2025,09:55:44,31586.44,0,0,0,0,0,0
METAL.BSE_IDX,01/07/2025,09:55:52,31583.31,0,0,0,0,0,0
METAL.BSE_IDX,01/07/2025,09:56:00,31576.43,0,0,0,0,0,0
METAL.BSE_IDX,01/07/2025,09:56:08,31580.79,0,0,0,0,0,0
METAL.BSE_IDX,01/07/2025,09:56:16,31584.34,0,0,0,0,0,0
METAL.BSE_IDX,01/07/2025,09:56:25,31579.04,0,0,0,0,0,0
METAL.BSE_IDX,01/07/2025,09:56:32,31579.4,0,0,0,0,0,0
METAL.BSE_IDX,01/07/2025,09:56:41,31577.09,0,0,0,0,0,0
METAL.BSE_IDX,01/07/2025,09:56:48,31573.54,0,0,0,0,0,0
METAL.BSE_IDX,01/07/2025,09:56:57,31570.87,0,0,0,0,0,0
METAL.BSE_IDX,01/07/2025,09:57:04,31572.93,0,0,0,0,0,0
METAL.BSE_IDX,01/07/2025,09:57:12,31576.45,0,0,0,0,0,0
METAL.BSE_IDX,01/07/2025,09:57:20,31582.19,0,0,0,0,0,0
METAL.BSE_IDX,01/07/2025,09:57:28,31580.29,0,0,0,0,0,0
METAL.BSE_IDX,01/07/2025,09:57:36,31577.98,0,0,0,0,0,0
METAL.BSE_IDX,01/07/2025,09:57:44,31587.96,0,0,0,0,0,0
METAL.BSE_IDX,01/07/2025,09:57:52,31583.67,0,0,0,0,0,0
METAL.BSE_IDX,01/07/2025,09:58:00,31584.83,0,0,0,0,0,0
METAL.BSE_IDX,01/07/2025,09:58:08,31584.32,0,0,0,0,0,0
METAL.BSE_IDX,01/07/2025,09:58:16,31583.46,0,0,0,0,0,0
METAL.BSE_IDX,01/07/2025,09:58:24,31581.55,0,0,0,0,0,0
METAL.BSE_IDX,01/07/2025,09:58:32,31583.62,0,0,0,0,0,0
METAL.BSE_IDX,01/07/2025,09:58:40,31589.86,0,0,0,0,0,0
METAL.BSE_IDX,01/07/2025,09:58:48,31592.53,0,0,0,0,0,0
METAL.BSE_IDX,01/07/2025,09:58:56,31594.93,0,0,0,0,0,0
METAL.BSE_IDX,01/07/2025,09:59:05,31594.93,0,0,0,0,0,0
METAL.BSE_IDX,01/07/2025,09:59:12,31595.69,0,0,0,0,0,0
METAL.BSE_IDX,01/07/2025,09:59:20,31595.43,0,0,0,0,0,0
METAL.BSE_IDX,01/07/2025,09:59:28,31595.14,0,0,0,0,0,0
METAL.BSE_IDX,01/07/2025,09:59:36,31594.22,0,0,0,0,0,0
METAL.BSE_IDX,01/07/2025,09:59:45,31595.66,0,0,0,0,0,0
METAL.BSE_IDX,01/07/2025,09:59:52,31593.78,0,0,0,0,0,0
METAL.BSE_IDX,01/07/2025,10:00:00,31595.46,0,0,0,0,0,0
METAL.BSE_IDX,01/07/2025,10:00:08,31606.3,0,0,0,0,0,0
METAL.BSE_IDX,01/07/2025,10:00:16,31598.68,0,0,0,0,0,0
METAL.BSE_IDX,01/07/2025,10:00:24,31592.98,0,0,0,0,0,0
METAL.BSE_IDX,01/07/2025,10:00:32,31582.62,0,0,0,0,0,0
METAL.BSE_IDX,01/07/2025,10:00:40,31570.7,0,0,0,0,0,0
METAL.BSE_IDX,01/07/2025,10:00:48,31565.43,0,0,0,0,0,0
METAL.BSE_IDX,01/07/2025,10:00:56,31567.17,0,0,0,0,0,0
METAL.BSE_IDX,01/07/2025,10:01:04,31564.01,0,0,0,0,0,0
METAL.BSE_IDX,01/07/2025,10:01:12,31559.17,0,0,0,0,0,0
METAL.BSE_IDX,01/07/2025,10:01:21,31557.48,0,0,0,0,0,0
METAL.BSE_IDX,01/07/2025,10:01:28,31550.07,0,0,0,0,0,0
METAL.BSE_IDX,01/07/2025,10:01:36,31562.83,0,0,0,0,0,0
METAL.BSE_IDX,01/07/2025,10:01:44,31558.04,0,0,0,0,0,0
METAL.BSE_IDX,01/07/2025,10:01:52,31555.04,0,0,0,0,0,0
METAL.BSE_IDX,01/07/2025,10:02:00,31558.66,0,0,0,0,0,0
METAL.BSE_IDX,01/07/2025,10:02:08,31554.49,0,0,0,0,0,0
METAL.BSE_IDX,01/07/2025,10:02:16,31550.44,0,0,0,0,0,0
METAL.BSE_IDX,01/07/2025,10:02:24,31544.79,0,0,0,0,0,0
METAL.BSE_IDX,01/07/2025,10:02:32,31538.47,0,0,0,0,0,0
METAL.BSE_IDX,01/07/2025,10:02:41,31530.06,0,0,0,0,0,0
METAL.BSE_IDX,01/07/2025,10:02:49,31531.59,0,0,0,0,0,0
METAL.BSE_IDX,01/07/2025,10:02:56,31526.07,0,0,0,0,0,0
METAL.BSE_IDX,01/07/2025,10:03:04,31508.02,0,0,0,0,0,0
METAL.BSE_IDX,01/07/2025,10:03:13,31498.16,0,0,0,0,0,0
METAL.BSE_IDX,01/07/2025,10:03:20,31495.69,0,0,0,0,0,0
METAL.BSE_IDX,01/07/2025,10:03:29,31497.73,0,0,0,0,0,0
METAL.BSE_IDX,01/07/2025,10:03:37,31501.81,0,0,0,0,0,0
METAL.BSE_IDX,01/07/2025,10:03:45,31501.13,0,0,0,0,0,0
METAL.BSE_IDX,01/07/2025,10:03:53,31502.77,0,0,0,0,0,0
METAL.BSE_IDX,01/07/2025,10:04:01,31499.64,0,0,0,0,0,0
METAL.BSE_IDX,01/07/2025,10:04:09,31495.56,0,0,0,0,0,0
METAL.BSE_IDX,01/07/2025,10:04:17,31499.6,0,0,0,0,0,0
METAL.BSE_IDX,01/07/2025,10:04:25,31498.69,0,0,0,0,0,0
METAL.BSE_IDX,01/07/2025,10:04:33,31502.44,0,0,0,0,0,0
METAL.BSE_IDX,01/07/2025,10:04:41,31505.31,0,0,0,0,0,0
METAL.BSE_IDX,01/07/2025,10:04:50,31508.27,0,0,0,0,0,0
METAL.BSE_IDX,01/07/2025,10:04:57,31511.35,0,0,0,0,0,0
METAL.BSE_IDX,01/07/2025,10:05:05,31503.59,0,0,0,0,0,0
METAL.BSE_IDX,01/07/2025,10:05:14,31503.03,0,0,0,0,0,0
METAL.BSE_IDX,01/07/2025,10:05:21,31509.71,0,0,0,0,0,0
METAL.BSE_IDX,01/07/2025,10:05:29,31503.91,0,0,0,0,0,0
METAL.BSE_IDX,01/07/2025,10:05:37,31500.76,0,0,0,0,0,0
METAL.BSE_IDX,01/07/2025,10:05:45,31500.11,0,0,0,0,0,0
METAL.BSE_IDX,01/07/2025,10:05:53,31499.68,0,0,0,0,0,0
METAL.BSE_IDX,01/07/2025,10:06:01,31502.23,0,0,0,0,0,0
METAL.BSE_IDX,01/07/2025,10:06:09,31504.51,0,0,0,0,0,0
METAL.BSE_IDX,01/07/2025,10:06:17,31513.87,0,0,0,0,0,0
METAL.BSE_IDX,01/07/2025,10:06:25,31513.86,0,0,0,0,0,0
METAL.BSE_IDX,01/07/2025,10:06:33,31517.45,0,0,0,0,0,0
METAL.BSE_IDX,01/07/2025,10:06:41,31511.02,0,0,0,0,0,0
METAL.BSE_IDX,01/07/2025,10:06:49,31511.48,0,0,0,0,0,0
METAL.BSE_IDX,01/07/2025,10:06:57,31510.16,0,0,0,0,0,0
METAL.BSE_IDX,01/07/2025,10:07:05,31514.16,0,0,0,0,0,0
METAL.BSE_IDX,01/07/2025,10:07:13,31519.65,0,0,0,0,0,0
METAL.BSE_IDX,01/07/2025,10:07:21,31517.43,0,0,0,0,0,0
METAL.BSE_IDX,01/07/2025,10:07:29,31529.39,0,0,0,0,0,0
METAL.BSE_IDX,01/07/2025,10:07:37,31527.42,0,0,0,0,0,0
METAL.BSE_IDX,01/07/2025,10:07:45,31528.72,0,0,0,0,0,0
METAL.BSE_IDX,01/07/2025,10:07:53,31525.3,0,0,0,0,0,0
METAL.BSE_IDX,01/07/2025,10:08:01,31526.01,0,0,0,0,0,0
METAL.BSE_IDX,01/07/2025,10:08:09,31540.96,0,0,0,0,0,0
METAL.BSE_IDX,01/07/2025,10:08:17,31541.97,0,0,0,0,0,0
METAL.BSE_IDX,01/07/2025,10:08:25,31543.51,0,0,0,0,0,0
METAL.BSE_IDX,01/07/2025,10:08:33,31546.09,0,0,0,0,0,0
METAL.BSE_IDX,01/07/2025,10:08:41,31546.22,0,0,0,0,0,0
METAL.BSE_IDX,01/07/2025,10:08:49,31545.14,0,0,0,0,0,0
METAL.BSE_IDX,01/07/2025,10:08:57,31550.62,0,0,0,0,0,0
METAL.BSE_IDX,01/07/2025,10:09:05,31544.49,0,0,0,0,0,0
METAL.BSE_IDX,01/07/2025,10:09:13,31544.17,0,0,0,0,0,0
METAL.BSE_IDX,01/07/2025,10:09:21,31546.31,0,0,0,0,0,0
METAL.BSE_IDX,01/07/2025,10:09:29,31551.06,0,0,0,0,0,0
METAL.BSE_IDX,01/07/2025,10:09:37,31553.72,0,0,0,0,0,0
METAL.BSE_IDX,01/07/2025,10:09:45,31554.35,0,0,0,0,0,0
METAL.BSE_IDX,01/07/2025,10:09:53,31556.34,0,0,0,0,0,0
METAL.BSE_IDX,01/07/2025,10:10:01,31561.31,0,0,0,0,0,0
METAL.BSE_IDX,01/07/2025,10:10:09,31560.3,0,0,0,0,0,0
METAL.BSE_IDX,01/07/2025,10:10:17,31560.52,0,0,0,0,0,0
METAL.BSE_IDX,01/07/2025,10:10:25,31565.77,0,0,0,0,0,0
METAL.BSE_IDX,01/07/2025,10:10:33,31563.1,0,0,0,0,0,0
METAL.BSE_IDX,01/07/2025,10:10:41,31562.55,0,0,0,0,0,0
METAL.BSE_IDX,01/07/2025,10:10:49,31558.78,0,0,0,0,0,0
METAL.BSE_IDX,01/07/2025,10:10:57,31557.4,0,0,0,0,0,0
METAL.BSE_IDX,01/07/2025,10:11:05,31549.53,0,0,0,0,0,0
METAL.BSE_IDX,01/07/2025,10:11:13,31556.57,0,0,0,0,0,0
METAL.BSE_IDX,01/07/2025,10:11:22,31550.31,0,0,0,0,0,0
METAL.BSE_IDX,01/07/2025,10:11:29,31548.65,0,0,0,0,0,0
METAL.BSE_IDX,01/07/2025,10:11:37,31543.17,0,0,0,0,0,0
METAL.BSE_IDX,01/07/2025,10:11:45,31551.76,0,0,0,0,0,0
METAL.BSE_IDX,01/07/2025,10:11:53,31547.98,0,0,0,0,0,0
METAL.BSE_IDX,01/07/2025,10:12:01,31551.28,0,0,0,0,0,0
METAL.BSE_IDX,01/07/2025,10:12:09,31548.25,0,0,0,0,0,0
METAL.BSE_IDX,01/07/2025,10:12:17,31546.32,0,0,0,0,0,0
METAL.BSE_IDX,01/07/2025,10:12:25,31535.51,0,0,0,0,0,0
METAL.BSE_IDX,01/07/2025,10:12:33,31531.28,0,0,0,0,0,0
METAL.BSE_IDX,01/07/2025,10:12:41,31534.87,0,0,0,0,0,0
METAL.BSE_IDX,01/07/2025,10:12:49,31533.93,0,0,0,0,0,0
METAL.BSE_IDX,01/07/2025,10:12:57,31529.08,0,0,0,0,0,0
METAL.BSE_IDX,01/07/2025,10:13:05,31526.82,0,0,0,0,0,0
METAL.BSE_IDX,01/07/2025,10:13:13,31535.82,0,0,0,0,0,0
METAL.BSE_IDX,01/07/2025,10:13:21,31536.65,0,0,0,0,0,0
METAL.BSE_IDX,01/07/2025,10:13:29,31534.42,0,0,0,0,0,0
METAL.BSE_IDX,01/07/2025,10:13:37,31531.3,0,0,0,0,0,0
METAL.BSE_IDX,01/07/2025,10:13:45,31532.36,0,0,0,0,0,0
METAL.BSE_IDX,01/07/2025,10:13:53,31524.98,0,0,0,0,0,0
METAL.BSE_IDX,01/07/2025,10:14:01,31518.75,0,0,0,0,0,0
METAL.BSE_IDX,01/07/2025,10:14:09,31517.02,0,0,0,0,0,0
METAL.BSE_IDX,01/07/2025,10:14:17,31515.92,0,0,0,0,0,0
METAL.BSE_IDX,01/07/2025,10:14:25,31488.66,0,0,0,0,0,0
METAL.BSE_IDX,01/07/2025,10:14:33,31486.27,0,0,0,0,0,0
METAL.BSE_IDX,01/07/2025,10:14:41,31467.6,0,0,0,0,0,0
METAL.BSE_IDX,01/07/2025,10:14:49,31466.41,0,0,0,0,0,0
METAL.BSE_IDX,01/07/2025,10:14:57,31463.42,0,0,0,0,0,0
METAL.BSE_IDX,01/07/2025,10:15:05,31456.79,0,0,0,0,0,0
METAL.BSE_IDX,01/07/2025,10:15:13,31454.99,0,0,0,0,0,0
METAL.BSE_IDX,01/07/2025,10:15:21,31451.99,0,0,0,0,0,0
METAL.BSE_IDX,01/07/2025,10:15:29,31452.46,0,0,0,0,0,0
METAL.BSE_IDX,01/07/2025,10:15:37,31449.79,0,0,0,0,0,0
METAL.BSE_IDX,01/07/2025,10:15:45,31453.57,0,0,0,0,0,0
METAL.BSE_IDX,01/07/2025,10:15:53,31460.43,0,0,0,0,0,0
METAL.BSE_IDX,01/07/2025,10:16:01,31453.03,0,0,0,0,0,0
METAL.BSE_IDX,01/07/2025,10:16:09,31456.3,0,0,0,0,0,0
METAL.BSE_IDX,01/07/2025,10:16:17,31461.31,0,0,0,0,0,0
METAL.BSE_IDX,01/07/2025,10:16:25,31464.11,0,0,0,0,0,0
METAL.BSE_IDX,01/07/2025,10:16:33,31463.58,0,0,0,0,0,0
METAL.BSE_IDX,01/07/2025,10:16:41,31463.71,0,0,0,0,0,0
METAL.BSE_IDX,01/07/2025,10:16:49,31466.88,0,0,0,0,0,0
METAL.BSE_IDX,01/07/2025,10:16:57,31466.86,0,0,0,0,0,0
METAL.BSE_IDX,01/07/2025,10:17:05,31468.93,0,0,0,0,0,0
METAL.BSE_IDX,01/07/2025,10:17:13,31463.48,0,0,0,0,0,0
METAL.BSE_IDX,01/07/2025,10:17:21,31466.93,0,0,0,0,0,0
METAL.BSE_IDX,01/07/2025,10:17:29,31467.82,0,0,0,0,0,0
METAL.BSE_IDX,01/07/2025,10:17:37,31473.91,0,0,0,0,0,0
METAL.BSE_IDX,01/07/2025,10:17:45,31488.01,0,0,0,0,0,0
METAL.BSE_IDX,01/07/2025,10:17:53,31497.92,0,0,0,0,0,0
METAL.BSE_IDX,01/07/2025,10:18:01,31496.23,0,0,0,0,0,0
METAL.BSE_IDX,01/07/2025,10:18:09,31495.43,0,0,0,0,0,0
METAL.BSE_IDX,01/07/2025,10:18:17,31493.67,0,0,0,0,0,0
METAL.BSE_IDX,01/07/2025,10:18:25,31496.03,0,0,0,0,0,0
METAL.BSE_IDX,01/07/2025,10:18:33,31494.42,0,0,0,0,0,0
METAL.BSE_IDX,01/07/2025,10:18:41,31491.95,0,0,0,0,0,0
METAL.BSE_IDX,01/07/2025,10:18:49,31486.76,0,0,0,0,0,0
METAL.BSE_IDX,01/07/2025,10:18:57,31484.86,0,0,0,0,0,0
METAL.BSE_IDX,01/07/2025,10:19:05,31481.14,0,0,0,0,0,0
METAL.BSE_IDX,01/07/2025,10:19:13,31482.25,0,0,0,0,0,0
METAL.BSE_IDX,01/07/2025,10:19:21,31482.78,0,0,0,0,0,0
METAL.BSE_IDX,01/07/2025,10:19:29,31486.39,0,0,0,0,0,0
METAL.BSE_IDX,01/07/2025,10:19:37,31486.73,0,0,0,0,0,0
METAL.BSE_IDX,01/07/2025,10:19:45,31483.38,0,0,0,0,0,0
METAL.BSE_IDX,01/07/2025,10:19:53,31482.56,0,0,0,0,0,0
METAL.BSE_IDX,01/07/2025,10:20:01,31478.18,0,0,0,0,0,0
METAL.BSE_IDX,01/07/2025,10:20:09,31477.58,0,0,0,0,0,0
METAL.BSE_IDX,01/07/2025,10:20:17,31473.52,0,0,0,0,0,0
METAL.BSE_IDX,01/07/2025,10:20:25,31480.34,0,0,0,0,0,0
METAL.BSE_IDX,01/07/2025,10:20:33,31483.39,0,0,0,0,0,0
METAL.BSE_IDX,01/07/2025,10:20:41,31493.58,0,0,0,0,0,0
METAL.BSE_IDX,01/07/2025,10:20:49,31492.56,0,0,0,0,0,0
METAL.BSE_IDX,01/07/2025,10:20:57,31484.94,0,0,0,0,0,0
METAL.BSE_IDX,01/07/2025,10:21:05,31484.3,0,0,0,0,0,0
METAL.BSE_IDX,01/07/2025,10:21:13,31471.96,0,0,0,0,0,0
METAL.BSE_IDX,01/07/2025,10:21:21,31471.88,0,0,0,0,0,0
METAL.BSE_IDX,01/07/2025,10:21:29,31459.89,0,0,0,0,0,0
METAL.BSE_IDX,01/07/2025,10:21:37,31460.71,0,0,0,0,0,0
METAL.BSE_IDX,01/07/2025,10:21:45,31462.13,0,0,0,0,0,0
METAL.BSE_IDX,01/07/2025,10:21:53,31460.8,0,0,0,0,0,0
METAL.BSE_IDX,01/07/2025,10:22:01,31465.68,0,0,0,0,0,0
METAL.BSE_IDX,01/07/2025,10:22:09,31457.83,0,0,0,0,0,0
METAL.BSE_IDX,01/07/2025,10:22:17,31453.05,0,0,0,0,0,0
METAL.BSE_IDX,01/07/2025,10:22:25,31452.08,0,0,0,0,0,0
METAL.BSE_IDX,01/07/2025,10:22:33,31448.54,0,0,0,0,0,0
METAL.BSE_IDX,01/07/2025,10:22:41,31449.86,0,0,0,0,0,0
METAL.BSE_IDX,01/07/2025,10:22:49,31448.44,0,0,0,0,0,0
METAL.BSE_IDX,01/07/2025,10:22:57,31443.9,0,0,0,0,0,0
METAL.BSE_IDX,01/07/2025,10:23:05,31445.92,0,0,0,0,0,0
METAL.BSE_IDX,01/07/2025,10:23:13,31447.05,0,0,0,0,0,0
METAL.BSE_IDX,01/07/2025,10:23:21,31449.92,0,0,0,0,0,0
METAL.BSE_IDX,01/07/2025,10:23:29,31458.95,0,0,0,0,0,0
METAL.BSE_IDX,01/07/2025,10:23:37,31458.56,0,0,0,0,0,0
METAL.BSE_IDX,01/07/2025,10:23:45,31455.27,0,0,0,0,0,0
METAL.BSE_IDX,01/07/2025,10:23:53,31459.33,0,0,0,0,0,0
METAL.BSE_IDX,01/07/2025,10:24:01,31460.51,0,0,0,0,0,0
METAL.BSE_IDX,01/07/2025,10:24:09,31458.25,0,0,0,0,0,0
METAL.BSE_IDX,01/07/2025,10:24:17,31456.71,0,0,0,0,0,0
METAL.BSE_IDX,01/07/2025,10:24:25,31452.15,0,0,0,0,0,0
METAL.BSE_IDX,01/07/2025,10:24:33,31449.2,0,0,0,0,0,0
METAL.BSE_IDX,01/07/2025,10:24:41,31444.18,0,0,0,0,0,0
METAL.BSE_IDX,01/07/2025,10:24:49,31443.83,0,0,0,0,0,0
METAL.BSE_IDX,01/07/2025,10:24:57,31439.47,0,0,0,0,0,0
METAL.BSE_IDX,01/07/2025,10:25:05,31440.95,0,0,0,0,0,0
METAL.BSE_IDX,01/07/2025,10:25:13,31441.2,0,0,0,0,0,0
METAL.BSE_IDX,01/07/2025,10:25:21,31441.2,0,0,0,0,0,0
METAL.BSE_IDX,01/07/2025,10:25:29,31440.38,0,0,0,0,0,0
METAL.BSE_IDX,01/07/2025,10:25:37,31438.58,0,0,0,0,0,0
METAL.BSE_IDX,01/07/2025,10:25:45,31439.47,0,0,0,0,0,0
METAL.BSE_IDX,01/07/2025,10:25:53,31442.92,0,0,0,0,0,0
METAL.BSE_IDX,01/07/2025,10:26:01,31443.66,0,0,0,0,0,0
METAL.BSE_IDX,01/07/2025,10:26:09,31439.41,0,0,0,0,0,0
METAL.BSE_IDX,01/07/2025,10:26:17,31441.03,0,0,0,0,0,0
METAL.BSE_IDX,01/07/2025,10:26:25,31443.92,0,0,0,0,0,0
METAL.BSE_IDX,01/07/2025,10:26:33,31444.71,0,0,0,0,0,0
METAL.BSE_IDX,01/07/2025,10:26:41,31445.5,0,0,0,0,0,0
METAL.BSE_IDX,01/07/2025,10:26:49,31442.87,0,0,0,0,0,0
METAL.BSE_IDX,01/07/2025,10:26:57,31443.22,0,0,0,0,0,0
METAL.BSE_IDX,01/07/2025,10:27:05,31444.58,0,0,0,0,0,0
METAL.BSE_IDX,01/07/2025,10:27:13,31451.36,0,0,0,0,0,0
METAL.BSE_IDX,01/07/2025,10:27:21,31459.67,0,0,0,0,0,0
METAL.BSE_IDX,01/07/2025,10:27:29,31462.58,0,0,0,0,0,0
METAL.BSE_IDX,01/07/2025,10:27:37,31458.58,0,0,0,0,0,0
METAL.BSE_IDX,01/07/2025,10:27:45,31457.11,0,0,0,0,0,0
METAL.BSE_IDX,01/07/2025,10:27:53,31457.11,0,0,0,0,0,0
METAL.BSE_IDX,01/07/2025,10:28:01,31464.78,0,0,0,0,0,0
METAL.BSE_IDX,01/07/2025,10:28:09,31473.71,0,0,0,0,0,0
METAL.BSE_IDX,01/07/2025,10:28:17,31472.31,0,0,0,0,0,0
METAL.BSE_IDX,01/07/2025,10:28:25,31465.39,0,0,0,0,0,0
METAL.BSE_IDX,01/07/2025,10:28:33,31464.4,0,0,0,0,0,0
METAL.BSE_IDX,01/07/2025,10:28:41,31472.55,0,0,0,0,0,0
METAL.BSE_IDX,01/07/2025,10:28:49,31474.83,0,0,0,0,0,0
METAL.BSE_IDX,01/07/2025,10:28:57,31478.77,0,0,0,0,0,0
METAL.BSE_IDX,01/07/2025,10:29:05,31470.04,0,0,0,0,0,0
METAL.BSE_IDX,01/07/2025,10:29:13,31468.85,0,0,0,0,0,0
METAL.BSE_IDX,01/07/2025,10:29:21,31473.59,0,0,0,0,0,0
METAL.BSE_IDX,01/07/2025,10:29:29,31474.76,0,0,0,0,0,0
METAL.BSE_IDX,01/07/2025,10:29:37,31475.41,0,0,0,0,0,0
METAL.BSE_IDX,01/07/2025,10:29:46,31469.35,0,0,0,0,0,0
METAL.BSE_IDX,01/07/2025,10:29:54,31473.98,0,0,0,0,0,0
METAL.BSE_IDX,01/07/2025,10:30:01,31473.08,0,0,0,0,0,0
METAL.BSE_IDX,01/07/2025,10:30:09,31468.91,0,0,0,0,0,0
METAL.BSE_IDX,01/07/2025,10:30:17,31474.29,0,0,0,0,0,0
METAL.BSE_IDX,01/07/2025,10:30:25,31488.21,0,0,0,0,0,0
METAL.BSE_IDX,01/07/2025,10:30:33,31488.92,0,0,0,0,0,0
METAL.BSE_IDX,01/07/2025,10:30:41,31494.82,0,0,0,0,0,0
METAL.BSE_IDX,01/07/2025,10:30:49,31492.15,0,0,0,0,0,0
METAL.BSE_IDX,01/07/2025,10:30:57,31498.89,0,0,0,0,0,0
METAL.BSE_IDX,01/07/2025,10:31:05,31499.5,0,0,0,0,0,0
METAL.BSE_IDX,01/07/2025,10:31:13,31499.19,0,0,0,0,0,0
METAL.BSE_IDX,01/07/2025,10:31:21,31498.35,0,0,0,0,0,0
METAL.BSE_IDX,01/07/2025,10:31:29,31493.58,0,0,0,0,0,0
METAL.BSE_IDX,01/07/2025,10:31:37,31494.35,0,0,0,0,0,0
METAL.BSE_IDX,01/07/2025,10:31:45,31493.03,0,0,0,0,0,0
METAL.BSE_IDX,01/07/2025,10:31:53,31495.17,0,0,0,0,0,0
METAL.BSE_IDX,01/07/2025,10:32:01,31493.1,0,0,0,0,0,0
METAL.BSE_IDX,01/07/2025,10:32:09,31490.01,0,0,0,0,0,0
METAL.BSE_IDX,01/07/2025,10:32:17,31490.17,0,0,0,0,0,0
METAL.BSE_IDX,01/07/2025,10:32:25,31492.69,0,0,0,0,0,0
METAL.BSE_IDX,01/07/2025,10:32:33,31493.18,0,0,0,0,0,0
METAL.BSE_IDX,01/07/2025,10:32:41,31494.39,0,0,0,0,0,0
METAL.BSE_IDX,01/07/2025,10:32:49,31495.04,0,0,0,0,0,0
METAL.BSE_IDX,01/07/2025,10:32:57,31493.19,0,0,0,0,0,0
METAL.BSE_IDX,01/07/2025,10:33:05,31499.35,0,0,0,0,0,0
METAL.BSE_IDX,01/07/2025,10:33:13,31501.13,0,0,0,0,0,0
METAL.BSE_IDX,01/07/2025,10:33:21,31501.29,0,0,0,0,0,0
METAL.BSE_IDX,01/07/2025,10:33:29,31500.96,0,0,0,0,0,0
METAL.BSE_IDX,01/07/2025,10:33:37,31501.95,0,0,0,0,0,0
METAL.BSE_IDX,01/07/2025,10:33:45,31500.64,0,0,0,0,0,0
METAL.BSE_IDX,01/07/2025,10:33:53,31502.31,0,0,0,0,0,0
METAL.BSE_IDX,01/07/2025,10:34:01,31505.55,0,0,0,0,0,0
METAL.BSE_IDX,01/07/2025,10:34:09,31505.38,0,0,0,0,0,0
METAL.BSE_IDX,01/07/2025,10:34:17,31503.85,0,0,0,0,0,0
METAL.BSE_IDX,01/07/2025,10:34:25,31503.2,0,0,0,0,0,0
METAL.BSE_IDX,01/07/2025,10:34:33,31504.67,0,0,0,0,0,0
METAL.BSE_IDX,01/07/2025,10:34:41,31504.72,0,0,0,0,0,0
METAL.BSE_IDX,01/07/2025,10:34:49,31506.92,0,0,0,0,0,0
METAL.BSE_IDX,01/07/2025,10:34:58,31510.33,0,0,0,0,0,0
METAL.BSE_IDX,01/07/2025,10:35:06,31510.99,0,0,0,0,0,0
METAL.BSE_IDX,01/07/2025,10:35:14,31510.33,0,0,0,0,0,0
METAL.BSE_IDX,01/07/2025,10:35:21,31510.99,0,0,0,0,0,0
METAL.BSE_IDX,01/07/2025,10:35:29,31499.62,0,0,0,0,0,0
METAL.BSE_IDX,01/07/2025,10:35:37,31497.57,0,0,0,0,0,0
METAL.BSE_IDX,01/07/2025,10:35:45,31492.89,0,0,0,0,0,0
METAL.BSE_IDX,01/07/2025,10:35:54,31488.73,0,0,0,0,0,0
METAL.BSE_IDX,01/07/2025,10:36:02,31492.67,0,0,0,0,0,0
METAL.BSE_IDX,01/07/2025,10:36:10,31492.76,0,0,0,0,0,0
METAL.BSE_IDX,01/07/2025,10:36:17,31492.6,0,0,0,0,0,0
METAL.BSE_IDX,01/07/2025,10:36:25,31491.74,0,0,0,0,0,0
METAL.BSE_IDX,01/07/2025,10:36:34,31491.32,0,0,0,0,0,0
METAL.BSE_IDX,01/07/2025,10:36:42,31497.94,0,0,0,0,0,0
METAL.BSE_IDX,01/07/2025,10:36:49,31496.76,0,0,0,0,0,0
METAL.BSE_IDX,01/07/2025,10:36:58,31500.01,0,0,0,0,0,0
METAL.BSE_IDX,01/07/2025,10:37:05,31494.67,0,0,0,0,0,0
METAL.BSE_IDX,01/07/2025,10:37:14,31499.28,0,0,0,0,0,0
METAL.BSE_IDX,01/07/2025,10:37:21,31497.73,0,0,0,0,0,0
METAL.BSE_IDX,01/07/2025,10:37:30,31504.27,0,0,0,0,0,0
METAL.BSE_IDX,01/07/2025,10:37:38,31501.91,0,0,0,0,0,0
METAL.BSE_IDX,01/07/2025,10:37:46,31502.73,0,0,0,0,0,0
METAL.BSE_IDX,01/07/2025,10:37:54,31502.73,0,0,0,0,0,0
METAL.BSE_IDX,01/07/2025,10:38:02,31502.15,0,0,0,0,0,0
METAL.BSE_IDX,01/07/2025,10:38:10,31502.33,0,0,0,0,0,0
METAL.BSE_IDX,01/07/2025,10:38:18,31501.93,0,0,0,0,0,0
METAL.BSE_IDX,01/07/2025,10:38:26,31502.4,0,0,0,0,0,0
METAL.BSE_IDX,01/07/2025,10:38:34,31501.58,0,0,0,0,0,0
METAL.BSE_IDX,01/07/2025,10:38:42,31503.85,0,0,0,0,0,0
METAL.BSE_IDX,01/07/2025,10:38:50,31507.36,0,0,0,0,0,0
METAL.BSE_IDX,01/07/2025,10:38:58,31517.01,0,0,0,0,0,0
METAL.BSE_IDX,01/07/2025,10:39:06,31522.07,0,0,0,0,0,0
METAL.BSE_IDX,01/07/2025,10:39:14,31518.05,0,0,0,0,0,0
METAL.BSE_IDX,01/07/2025,10:39:22,31524.38,0,0,0,0,0,0
METAL.BSE_IDX,01/07/2025,10:39:30,31526.18,0,0,0,0,0,0
METAL.BSE_IDX,01/07/2025,10:39:38,31536.89,0,0,0,0,0,0
METAL.BSE_IDX,01/07/2025,10:39:46,31540.17,0,0,0,0,0,0
METAL.BSE_IDX,01/07/2025,10:39:54,31541.29,0,0,0,0,0,0
METAL.BSE_IDX,01/07/2025,10:40:02,31543.26,0,0,0,0,0,0
METAL.BSE_IDX,01/07/2025,10:40:10,31544.62,0,0,0,0,0,0
METAL.BSE_IDX,01/07/2025,10:40:18,31544.24,0,0,0,0,0,0
METAL.BSE_IDX,01/07/2025,10:40:26,31546.63,0,0,0,0,0,0
METAL.BSE_IDX,01/07/2025,10:40:34,31546.85,0,0,0,0,0,0
METAL.BSE_IDX,01/07/2025,10:40:42,31548.24,0,0,0,0,0,0
METAL.BSE_IDX,01/07/2025,10:40:50,31544.27,0,0,0,0,0,0
METAL.BSE_IDX,01/07/2025,10:40:58,31539.79,0,0,0,0,0,0
METAL.BSE_IDX,01/07/2025,10:41:06,31538.65,0,0,0,0,0,0
METAL.BSE_IDX,01/07/2025,10:41:14,31528.25,0,0,0,0,0,0
METAL.BSE_IDX,01/07/2025,10:41:22,31528.9,0,0,0,0,0,0
METAL.BSE_IDX,01/07/2025,10:41:30,31536.46,0,0,0,0,0,0
METAL.BSE_IDX,01/07/2025,10:41:38,31542.77,0,0,0,0,0,0
METAL.BSE_IDX,01/07/2025,10:41:46,31543.31,0,0,0,0,0,0
METAL.BSE_IDX,01/07/2025,10:41:54,31541.68,0,0,0,0,0,0
METAL.BSE_IDX,01/07/2025,10:42:02,31540.95,0,0,0,0,0,0
METAL.BSE_IDX,01/07/2025,10:42:10,31540.95,0,0,0,0,0,0
METAL.BSE_IDX,01/07/2025,10:42:18,31539.38,0,0,0,0,0,0
METAL.BSE_IDX,01/07/2025,10:42:26,31528.11,0,0,0,0,0,0
METAL.BSE_IDX,01/07/2025,10:42:34,31528.49,0,0,0,0,0,0
METAL.BSE_IDX,01/07/2025,10:42:42,31520.55,0,0,0,0,0,0
METAL.BSE_IDX,01/07/2025,10:42:50,31525.32,0,0,0,0,0,0
METAL.BSE_IDX,01/07/2025,10:42:58,31526.22,0,0,0,0,0,0
METAL.BSE_IDX,01/07/2025,10:43:06,31525.85,0,0,0,0,0,0
METAL.BSE_IDX,01/07/2025,10:43:14,31523.14,0,0,0,0,0,0
METAL.BSE_IDX,01/07/2025,10:43:22,31524.38,0,0,0,0,0,0
METAL.BSE_IDX,01/07/2025,10:43:30,31521.72,0,0,0,0,0,0
METAL.BSE_IDX,01/07/2025,10:43:38,31518.07,0,0,0,0,0,0
METAL.BSE_IDX,01/07/2025,10:43:46,31517.53,0,0,0,0,0,0
METAL.BSE_IDX,01/07/2025,10:43:54,31514.48,0,0,0,0,0,0
METAL.BSE_IDX,01/07/2025,10:44:02,31512.51,0,0,0,0,0,0
METAL.BSE_IDX,01/07/2025,10:44:10,31513.41,0,0,0,0,0,0
METAL.BSE_IDX,01/07/2025,10:44:18,31509.63,0,0,0,0,0,0
METAL.BSE_IDX,01/07/2025,10:44:26,31506.25,0,0,0,0,0,0
METAL.BSE_IDX,01/07/2025,10:44:34,31512.15,0,0,0,0,0,0
METAL.BSE_IDX,01/07/2025,10:44:42,31509.71,0,0,0,0,0,0
METAL.BSE_IDX,01/07/2025,10:44:50,31509.71,0,0,0,0,0,0
METAL.BSE_IDX,01/07/2025,10:44:58,31514.51,0,0,0,0,0,0
METAL.BSE_IDX,01/07/2025,10:45:07,31514.18,0,0,0,0,0,0
METAL.BSE_IDX,01/07/2025,10:45:14,31515.3,0,0,0,0,0,0
METAL.BSE_IDX,01/07/2025,10:45:22,31516.18,0,0,0,0,0,0
METAL.BSE_IDX,01/07/2025,10:45:30,31516.34,0,0,0,0,0,0
METAL.BSE_IDX,01/07/2025,10:45:38,31513.89,0,0,0,0,0,0
METAL.BSE_IDX,01/07/2025,10:45:46,31517.53,0,0,0,0,0,0
METAL.BSE_IDX,01/07/2025,10:45:54,31514.78,0,0,0,0,0,0
METAL.BSE_IDX,01/07/2025,10:46:02,31513.38,0,0,0,0,0,0
METAL.BSE_IDX,01/07/2025,10:46:10,31509.45,0,0,0,0,0,0
METAL.BSE_IDX,01/07/2025,10:46:18,31505.56,0,0,0,0,0,0
METAL.BSE_IDX,01/07/2025,10:46:26,31505.55,0,0,0,0,0,0
METAL.BSE_IDX,01/07/2025,10:46:34,31504.19,0,0,0,0,0,0
METAL.BSE_IDX,01/07/2025,10:46:42,31504.28,0,0,0,0,0,0
METAL.BSE_IDX,01/07/2025,10:46:50,31501.87,0,0,0,0,0,0
METAL.BSE_IDX,01/07/2025,10:46:58,31504.83,0,0,0,0,0,0
METAL.BSE_IDX,01/07/2025,10:47:06,31506.12,0,0,0,0,0,0
METAL.BSE_IDX,01/07/2025,10:47:14,31505.3,0,0,0,0,0,0
METAL.BSE_IDX,01/07/2025,10:47:22,31506.11,0,0,0,0,0,0
METAL.BSE_IDX,01/07/2025,10:47:30,31508.75,0,0,0,0,0,0
METAL.BSE_IDX,01/07/2025,10:47:38,31501.81,0,0,0,0,0,0
METAL.BSE_IDX,01/07/2025,10:47:46,31505.75,0,0,0,0,0,0
METAL.BSE_IDX,01/07/2025,10:47:54,31501.95,0,0,0,0,0,0
METAL.BSE_IDX,01/07/2025,10:48:02,31502.12,0,0,0,0,0,0
METAL.BSE_IDX,01/07/2025,10:48:10,31499.03,0,0,0,0,0,0
METAL.BSE_IDX,01/07/2025,10:48:18,31504.71,0,0,0,0,0,0
METAL.BSE_IDX,01/07/2025,10:48:26,31516.67,0,0,0,0,0,0
METAL.BSE_IDX,01/07/2025,10:48:34,31513.12,0,0,0,0,0,0
METAL.BSE_IDX,01/07/2025,10:48:42,31511.4,0,0,0,0,0,0
METAL.BSE_IDX,01/07/2025,10:48:50,31510.46,0,0,0,0,0,0
METAL.BSE_IDX,01/07/2025,10:48:58,31510.29,0,0,0,0,0,0
METAL.BSE_IDX,01/07/2025,10:49:06,31517.47,0,0,0,0,0,0
METAL.BSE_IDX,01/07/2025,10:49:14,31511.74,0,0,0,0,0,0
METAL.BSE_IDX,01/07/2025,10:49:22,31506.55,0,0,0,0,0,0
METAL.BSE_IDX,01/07/2025,10:49:30,31505.22,0,0,0,0,0,0
METAL.BSE_IDX,01/07/2025,10:49:38,31505.85,0,0,0,0,0,0
METAL.BSE_IDX,01/07/2025,10:49:46,31505.36,0,0,0,0,0,0
METAL.BSE_IDX,01/07/2025,10:49:54,31501.03,0,0,0,0,0,0
METAL.BSE_IDX,01/07/2025,10:50:02,31500.6,0,0,0,0,0,0
METAL.BSE_IDX,01/07/2025,10:50:10,31502.94,0,0,0,0,0,0
METAL.BSE_IDX,01/07/2025,10:50:18,31502.94,0,0,0,0,0,0
METAL.BSE_IDX,01/07/2025,10:50:26,31496.35,0,0,0,0,0,0
METAL.BSE_IDX,01/07/2025,10:50:34,31494.94,0,0,0,0,0,0
METAL.BSE_IDX,01/07/2025,10:50:42,31493.63,0,0,0,0,0,0
METAL.BSE_IDX,01/07/2025,10:50:50,31493.76,0,0,0,0,0,0
METAL.BSE_IDX,01/07/2025,10:50:58,31495.45,0,0,0,0,0,0
METAL.BSE_IDX,01/07/2025,10:51:06,31492.07,0,0,0,0,0,0
METAL.BSE_IDX,01/07/2025,10:51:14,31492.02,0,0,0,0,0,0
METAL.BSE_IDX,01/07/2025,10:51:22,31492.84,0,0,0,0,0,0
METAL.BSE_IDX,01/07/2025,10:51:30,31495.97,0,0,0,0,0,0
METAL.BSE_IDX,01/07/2025,10:51:38,31493.99,0,0,0,0,0,0
METAL.BSE_IDX,01/07/2025,10:51:46,31494.69,0,0,0,0,0,0
METAL.BSE_IDX,01/07/2025,10:51:54,31490.58,0,0,0,0,0,0
METAL.BSE_IDX,01/07/2025,10:52:02,31487.83,0,0,0,0,0,0
METAL.BSE_IDX,01/07/2025,10:52:10,31489.5,0,0,0,0,0,0
METAL.BSE_IDX,01/07/2025,10:52:18,31488.19,0,0,0,0,0,0
METAL.BSE_IDX,01/07/2025,10:52:26,31473.95,0,0,0,0,0,0
METAL.BSE_IDX,01/07/2025,10:52:34,31473.29,0,0,0,0,0,0
METAL.BSE_IDX,01/07/2025,10:52:43,31473.19,0,0,0,0,0,0
METAL.BSE_IDX,01/07/2025,10:52:50,31468.41,0,0,0,0,0,0
METAL.BSE_IDX,01/07/2025,10:52:58,31467.21,0,0,0,0,0,0
METAL.BSE_IDX,01/07/2025,10:53:06,31468.19,0,0,0,0,0,0
METAL.BSE_IDX,01/07/2025,10:53:14,31475.22,0,0,0,0,0,0
METAL.BSE_IDX,01/07/2025,10:53:22,31472.66,0,0,0,0,0,0
METAL.BSE_IDX,01/07/2025,10:53:30,31479.49,0,0,0,0,0,0
METAL.BSE_IDX,01/07/2025,10:53:38,31482.55,0,0,0,0,0,0
METAL.BSE_IDX,01/07/2025,10:53:46,31477.03,0,0,0,0,0,0
METAL.BSE_IDX,01/07/2025,10:53:54,31475.43,0,0,0,0,0,0
METAL.BSE_IDX,01/07/2025,10:54:02,31477.73,0,0,0,0,0,0
METAL.BSE_IDX,01/07/2025,10:54:10,31476.92,0,0,0,0,0,0
METAL.BSE_IDX,01/07/2025,10:54:18,31479.1,0,0,0,0,0,0
METAL.BSE_IDX,01/07/2025,10:54:26,31479.55,0,0,0,0,0,0
METAL.BSE_IDX,01/07/2025,10:54:34,31472.32,0,0,0,0,0,0
METAL.BSE_IDX,01/07/2025,10:54:42,31480.31,0,0,0,0,0,0
METAL.BSE_IDX,01/07/2025,10:54:51,31474.44,0,0,0,0,0,0
METAL.BSE_IDX,01/07/2025,10:54:58,31472.14,0,0,0,0,0,0
METAL.BSE_IDX,01/07/2025,10:55:06,31471.65,0,0,0,0,0,0
METAL.BSE_IDX,01/07/2025,10:55:14,31471.72,0,0,0,0,0,0
METAL.BSE_IDX,01/07/2025,10:55:22,31462.68,0,0,0,0,0,0
METAL.BSE_IDX,01/07/2025,10:55:30,31463.66,0,0,0,0,0,0
METAL.BSE_IDX,01/07/2025,10:55:38,31463.66,0,0,0,0,0,0
METAL.BSE_IDX,01/07/2025,10:55:46,31464.48,0,0,0,0,0,0
METAL.BSE_IDX,01/07/2025,10:55:54,31460.51,0,0,0,0,0,0
METAL.BSE_IDX,01/07/2025,10:56:02,31459.33,0,0,0,0,0,0
METAL.BSE_IDX,01/07/2025,10:56:10,31453.49,0,0,0,0,0,0
METAL.BSE_IDX,01/07/2025,10:56:18,31452.74,0,0,0,0,0,0
METAL.BSE_IDX,01/07/2025,10:56:26,31454.59,0,0,0,0,0,0
METAL.BSE_IDX,01/07/2025,10:56:34,31449.38,0,0,0,0,0,0
METAL.BSE_IDX,01/07/2025,10:56:42,31448.03,0,0,0,0,0,0
METAL.BSE_IDX,01/07/2025,10:56:50,31449.21,0,0,0,0,0,0
METAL.BSE_IDX,01/07/2025,10:56:58,31447.22,0,0,0,0,0,0
METAL.BSE_IDX,01/07/2025,10:57:06,31441.04,0,0,0,0,0,0
METAL.BSE_IDX,01/07/2025,10:57:14,31443.45,0,0,0,0,0,0
METAL.BSE_IDX,01/07/2025,10:57:22,31441.83,0,0,0,0,0,0
METAL.BSE_IDX,01/07/2025,10:57:30,31440.84,0,0,0,0,0,0
METAL.BSE_IDX,01/07/2025,10:57:39,31454.5,0,0,0,0,0,0
METAL.BSE_IDX,01/07/2025,10:57:46,31454.16,0,0,0,0,0,0
METAL.BSE_IDX,01/07/2025,10:57:54,31453.12,0,0,0,0,0,0
METAL.BSE_IDX,01/07/2025,10:58:02,31449.73,0,0,0,0,0,0
METAL.BSE_IDX,01/07/2025,10:58:10,31457.46,0,0,0,0,0,0
METAL.BSE_IDX,01/07/2025,10:58:18,31462.98,0,0,0,0,0,0
METAL.BSE_IDX,01/07/2025,10:58:26,31462.09,0,0,0,0,0,0
METAL.BSE_IDX,01/07/2025,10:58:34,31459.49,0,0,0,0,0,0
METAL.BSE_IDX,01/07/2025,10:58:42,31458.97,0,0,0,0,0,0
METAL.BSE_IDX,01/07/2025,10:58:50,31458.96,0,0,0,0,0,0
METAL.BSE_IDX,01/07/2025,10:58:58,31457.5,0,0,0,0,0,0
METAL.BSE_IDX,01/07/2025,10:59:06,31455.8,0,0,0,0,0,0
METAL.BSE_IDX,01/07/2025,10:59:14,31449.8,0,0,0,0,0,0
METAL.BSE_IDX,01/07/2025,10:59:22,31449.28,0,0,0,0,0,0
METAL.BSE_IDX,01/07/2025,10:59:30,31450.25,0,0,0,0,0,0
METAL.BSE_IDX,01/07/2025,10:59:38,31450.71,0,0,0,0,0,0
METAL.BSE_IDX,01/07/2025,10:59:47,31452.41,0,0,0,0,0,0
METAL.BSE_IDX,01/07/2025,10:59:55,31451.62,0,0,0,0,0,0
METAL.BSE_IDX,01/07/2025,11:00:03,31452.55,0,0,0,0,0,0
METAL.BSE_IDX,01/07/2025,11:00:11,31450.54,0,0,0,0,0,0
METAL.BSE_IDX,01/07/2025,11:00:18,31451.76,0,0,0,0,0,0
METAL.BSE_IDX,01/07/2025,11:00:26,31455.23,0,0,0,0,0,0
METAL.BSE_IDX,01/07/2025,11:00:34,31453.93,0,0,0,0,0,0
METAL.BSE_IDX,01/07/2025,11:00:42,31449.67,0,0,0,0,0,0
METAL.BSE_IDX,01/07/2025,11:00:50,31452.15,0,0,0,0,0,0
METAL.BSE_IDX,01/07/2025,11:00:58,31453.89,0,0,0,0,0,0
METAL.BSE_IDX,01/07/2025,11:01:06,31453.03,0,0,0,0,0,0
METAL.BSE_IDX,01/07/2025,11:01:15,31453.04,0,0,0,0,0,0
METAL.BSE_IDX,01/07/2025,11:01:22,31460.04,0,0,0,0,0,0
METAL.BSE_IDX,01/07/2025,11:01:30,31461.45,0,0,0,0,0,0
METAL.BSE_IDX,01/07/2025,11:01:38,31464.44,0,0,0,0,0,0
METAL.BSE_IDX,01/07/2025,11:01:46,31464.33,0,0,0,0,0,0
METAL.BSE_IDX,01/07/2025,11:01:54,31463.9,0,0,0,0,0,0
METAL.BSE_IDX,01/07/2025,11:02:02,31462.57,0,0,0,0,0,0
METAL.BSE_IDX,01/07/2025,11:02:10,31460.42,0,0,0,0,0,0
METAL.BSE_IDX,01/07/2025,11:02:18,31463.1,0,0,0,0,0,0
METAL.BSE_IDX,01/07/2025,11:02:27,31462.75,0,0,0,0,0,0
METAL.BSE_IDX,01/07/2025,11:02:34,31464.89,0,0,0,0,0,0
METAL.BSE_IDX,01/07/2025,11:02:42,31466.46,0,0,0,0,0,0
METAL.BSE_IDX,01/07/2025,11:02:51,31466.46,0,0,0,0,0,0
METAL.BSE_IDX,01/07/2025,11:02:58,31461.82,0,0,0,0,0,0
METAL.BSE_IDX,01/07/2025,11:03:06,31447.42,0,0,0,0,0,0
METAL.BSE_IDX,01/07/2025,11:03:14,31445.53,0,0,0,0,0,0
METAL.BSE_IDX,01/07/2025,11:03:22,31452.46,0,0,0,0,0,0
METAL.BSE_IDX,01/07/2025,11:03:31,31440.81,0,0,0,0,0,0
METAL.BSE_IDX,01/07/2025,11:03:38,31439.62,0,0,0,0,0,0
METAL.BSE_IDX,01/07/2025,11:03:46,31440.12,0,0,0,0,0,0
METAL.BSE_IDX,01/07/2025,11:03:54,31442.6,0,0,0,0,0,0
METAL.BSE_IDX,01/07/2025,11:04:02,31439.9,0,0,0,0,0,0
METAL.BSE_IDX,01/07/2025,11:04:10,31437.57,0,0,0,0,0,0
METAL.BSE_IDX,01/07/2025,11:04:18,31436.3,0,0,0,0,0,0
METAL.BSE_IDX,01/07/2025,11:04:27,31432.94,0,0,0,0,0,0
METAL.BSE_IDX,01/07/2025,11:04:34,31436.33,0,0,0,0,0,0
METAL.BSE_IDX,01/07/2025,11:04:42,31444.34,0,0,0,0,0,0
METAL.BSE_IDX,01/07/2025,11:04:51,31446.18,0,0,0,0,0,0
METAL.BSE_IDX,01/07/2025,11:04:58,31447.8,0,0,0,0,0,0
METAL.BSE_IDX,01/07/2025,11:05:06,31449.34,0,0,0,0,0,0
METAL.BSE_IDX,01/07/2025,11:05:14,31450.49,0,0,0,0,0,0
METAL.BSE_IDX,01/07/2025,11:05:22,31457.9,0,0,0,0,0,0
METAL.BSE_IDX,01/07/2025,11:05:30,31462.1,0,0,0,0,0,0
METAL.BSE_IDX,01/07/2025,11:05:38,31462.1,0,0,0,0,0,0
METAL.BSE_IDX,01/07/2025,11:05:46,31465,0,0,0,0,0,0
METAL.BSE_IDX,01/07/2025,11:05:54,31464.79,0,0,0,0,0,0
METAL.BSE_IDX,01/07/2025,11:06:02,31468.44,0,0,0,0,0,0
METAL.BSE_IDX,01/07/2025,11:06:11,31473.03,0,0,0,0,0,0
METAL.BSE_IDX,01/07/2025,11:06:19,31474.73,0,0,0,0,0,0
METAL.BSE_IDX,01/07/2025,11:06:26,31474.73,0,0,0,0,0,0
METAL.BSE_IDX,01/07/2025,11:06:34,31477.2,0,0,0,0,0,0
METAL.BSE_IDX,01/07/2025,11:06:42,31478.35,0,0,0,0,0,0
METAL.BSE_IDX,01/07/2025,11:06:50,31478.11,0,0,0,0,0,0
METAL.BSE_IDX,01/07/2025,11:06:58,31481.82,0,0,0,0,0,0
METAL.BSE_IDX,01/07/2025,11:07:06,31476.76,0,0,0,0,0,0
METAL.BSE_IDX,01/07/2025,11:07:15,31483.82,0,0,0,0,0,0
METAL.BSE_IDX,01/07/2025,11:07:22,31484.58,0,0,0,0,0,0
METAL.BSE_IDX,01/07/2025,11:07:30,31487.17,0,0,0,0,0,0
METAL.BSE_IDX,01/07/2025,11:07:38,31502.16,0,0,0,0,0,0
METAL.BSE_IDX,01/07/2025,11:07:46,31493.18,0,0,0,0,0,0
METAL.BSE_IDX,01/07/2025,11:07:54,31493.28,0,0,0,0,0,0
METAL.BSE_IDX,01/07/2025,11:08:02,31493.83,0,0,0,0,0,0
METAL.BSE_IDX,01/07/2025,11:08:11,31489.7,0,0,0,0,0,0
METAL.BSE_IDX,01/07/2025,11:08:18,31491.4,0,0,0,0,0,0
METAL.BSE_IDX,01/07/2025,11:08:26,31497.7,0,0,0,0,0,0
METAL.BSE_IDX,01/07/2025,11:08:35,31493.39,0,0,0,0,0,0
METAL.BSE_IDX,01/07/2025,11:08:43,31491.78,0,0,0,0,0,0
METAL.BSE_IDX,01/07/2025,11:08:51,31492.66,0,0,0,0,0,0
METAL.BSE_IDX,01/07/2025,11:08:58,31492.18,0,0,0,0,0,0
METAL.BSE_IDX,01/07/2025,11:09:07,31492.27,0,0,0,0,0,0
METAL.BSE_IDX,01/07/2025,11:09:15,31490.68,0,0,0,0,0,0
METAL.BSE_IDX,01/07/2025,11:09:23,31491.65,0,0,0,0,0,0
METAL.BSE_IDX,01/07/2025,11:09:31,31494.06,0,0,0,0,0,0
METAL.BSE_IDX,01/07/2025,11:09:39,31490.77,0,0,0,0,0,0
METAL.BSE_IDX,01/07/2025,11:09:46,31487.26,0,0,0,0,0,0
METAL.BSE_IDX,01/07/2025,11:09:55,31482.05,0,0,0,0,0,0
METAL.BSE_IDX,01/07/2025,11:10:03,31481.91,0,0,0,0,0,0
METAL.BSE_IDX,01/07/2025,11:10:11,31475.7,0,0,0,0,0,0
METAL.BSE_IDX,01/07/2025,11:10:19,31473.64,0,0,0,0,0,0
METAL.BSE_IDX,01/07/2025,11:10:27,31475.56,0,0,0,0,0,0
METAL.BSE_IDX,01/07/2025,11:10:35,31475.56,0,0,0,0,0,0
METAL.BSE_IDX,01/07/2025,11:10:43,31482.02,0,0,0,0,0,0
METAL.BSE_IDX,01/07/2025,11:10:51,31486.22,0,0,0,0,0,0
METAL.BSE_IDX,01/07/2025,11:10:59,31486.22,0,0,0,0,0,0
METAL.BSE_IDX,01/07/2025,11:11:07,31483.76,0,0,0,0,0,0
METAL.BSE_IDX,01/07/2025,11:11:15,31479.15,0,0,0,0,0,0
METAL.BSE_IDX,01/07/2025,11:11:23,31476.92,0,0,0,0,0,0
METAL.BSE_IDX,01/07/2025,11:11:31,31477.03,0,0,0,0,0,0
METAL.BSE_IDX,01/07/2025,11:11:39,31477.25,0,0,0,0,0,0
METAL.BSE_IDX,01/07/2025,11:11:47,31477.25,0,0,0,0,0,0
METAL.BSE_IDX,01/07/2025,11:11:55,31477.85,0,0,0,0,0,0
METAL.BSE_IDX,01/07/2025,11:12:03,31478.28,0,0,0,0,0,0
METAL.BSE_IDX,01/07/2025,11:12:11,31481.88,0,0,0,0,0,0
METAL.BSE_IDX,01/07/2025,11:12:19,31480.91,0,0,0,0,0,0
METAL.BSE_IDX,01/07/2025,11:12:27,31480.91,0,0,0,0,0,0
METAL.BSE_IDX,01/07/2025,11:12:35,31480.91,0,0,0,0,0,0
METAL.BSE_IDX,01/07/2025,11:12:43,31483.93,0,0,0,0,0,0
METAL.BSE_IDX,01/07/2025,11:12:51,31488.91,0,0,0,0,0,0
METAL.BSE_IDX,01/07/2025,11:12:59,31483.26,0,0,0,0,0,0
METAL.BSE_IDX,01/07/2025,11:13:07,31483.13,0,0,0,0,0,0
METAL.BSE_IDX,01/07/2025,11:13:16,31475.09,0,0,0,0,0,0
METAL.BSE_IDX,01/07/2025,11:13:23,31471.19,0,0,0,0,0,0
METAL.BSE_IDX,01/07/2025,11:13:31,31482.59,0,0,0,0,0,0
METAL.BSE_IDX,01/07/2025,11:13:39,31482.32,0,0,0,0,0,0
METAL.BSE_IDX,01/07/2025,11:13:47,31485.36,0,0,0,0,0,0
METAL.BSE_IDX,01/07/2025,11:13:55,31481.63,0,0,0,0,0,0
METAL.BSE_IDX,01/07/2025,11:14:03,31485.74,0,0,0,0,0,0
METAL.BSE_IDX,01/07/2025,11:14:11,31472.08,0,0,0,0,0,0
METAL.BSE_IDX,01/07/2025,11:14:19,31470.18,0,0,0,0,0,0
METAL.BSE_IDX,01/07/2025,11:14:27,31470.34,0,0,0,0,0,0
METAL.BSE_IDX,01/07/2025,11:14:35,31470.86,0,0,0,0,0,0
METAL.BSE_IDX,01/07/2025,11:14:43,31469.17,0,0,0,0,0,0
METAL.BSE_IDX,01/07/2025,11:14:51,31462.47,0,0,0,0,0,0
METAL.BSE_IDX,01/07/2025,11:14:59,31468.15,0,0,0,0,0,0
METAL.BSE_IDX,01/07/2025,11:15:07,31466.6,0,0,0,0,0,0
METAL.BSE_IDX,01/07/2025,11:15:15,31471.11,0,0,0,0,0,0
METAL.BSE_IDX,01/07/2025,11:15:23,31473.26,0,0,0,0,0,0
METAL.BSE_IDX,01/07/2025,11:15:31,31469.28,0,0,0,0,0,0
METAL.BSE_IDX,01/07/2025,11:15:39,31475.5,0,0,0,0,0,0
METAL.BSE_IDX,01/07/2025,11:15:47,31474.52,0,0,0,0,0,0
METAL.BSE_IDX,01/07/2025,11:15:56,31471.84,0,0,0,0,0,0
METAL.BSE_IDX,01/07/2025,11:16:03,31463.77,0,0,0,0,0,0
METAL.BSE_IDX,01/07/2025,11:16:11,31460.74,0,0,0,0,0,0
METAL.BSE_IDX,01/07/2025,11:16:19,31469.16,0,0,0,0,0,0
METAL.BSE_IDX,01/07/2025,11:16:27,31467.82,0,0,0,0,0,0
METAL.BSE_IDX,01/07/2025,11:16:35,31468.15,0,0,0,0,0,0
METAL.BSE_IDX,01/07/2025,11:16:43,31472.02,0,0,0,0,0,0
METAL.BSE_IDX,01/07/2025,11:16:51,31469.98,0,0,0,0,0,0
METAL.BSE_IDX,01/07/2025,11:16:59,31470.47,0,0,0,0,0,0
METAL.BSE_IDX,01/07/2025,11:17:07,31467.51,0,0,0,0,0,0
METAL.BSE_IDX,01/07/2025,11:17:15,31475.58,0,0,0,0,0,0
METAL.BSE_IDX,01/07/2025,11:17:23,31480.92,0,0,0,0,0,0
METAL.BSE_IDX,01/07/2025,11:17:31,31486.67,0,0,0,0,0,0
METAL.BSE_IDX,01/07/2025,11:17:39,31488.25,0,0,0,0,0,0
METAL.BSE_IDX,01/07/2025,11:17:47,31501.27,0,0,0,0,0,0
METAL.BSE_IDX,01/07/2025,11:17:57,31501.96,0,0,0,0,0,0
METAL.BSE_IDX,01/07/2025,11:18:03,31503.05,0,0,0,0,0,0
METAL.BSE_IDX,01/07/2025,11:18:11,31505.79,0,0,0,0,0,0
METAL.BSE_IDX,01/07/2025,11:18:19,31502.4,0,0,0,0,0,0
METAL.BSE_IDX,01/07/2025,11:18:27,31500.59,0,0,0,0,0,0
METAL.BSE_IDX,01/07/2025,11:18:35,31500.52,0,0,0,0,0,0
METAL.BSE_IDX,01/07/2025,11:18:44,31501.55,0,0,0,0,0,0
METAL.BSE_IDX,01/07/2025,11:18:51,31499.98,0,0,0,0,0,0
METAL.BSE_IDX,01/07/2025,11:18:59,31499.49,0,0,0,0,0,0
METAL.BSE_IDX,01/07/2025,11:19:08,31500.62,0,0,0,0,0,0
METAL.BSE_IDX,01/07/2025,11:19:15,31493.24,0,0,0,0,0,0
METAL.BSE_IDX,01/07/2025,11:19:23,31497.51,0,0,0,0,0,0
METAL.BSE_IDX,01/07/2025,11:19:31,31493.88,0,0,0,0,0,0
METAL.BSE_IDX,01/07/2025,11:19:39,31494.02,0,0,0,0,0,0
METAL.BSE_IDX,01/07/2025,11:19:47,31494.31,0,0,0,0,0,0
METAL.BSE_IDX,01/07/2025,11:19:55,31484.84,0,0,0,0,0,0
METAL.BSE_IDX,01/07/2025,11:20:03,31484.84,0,0,0,0,0,0
METAL.BSE_IDX,01/07/2025,11:20:11,31479.55,0,0,0,0,0,0
METAL.BSE_IDX,01/07/2025,11:20:19,31479.84,0,0,0,0,0,0
METAL.BSE_IDX,01/07/2025,11:20:27,31479.84,0,0,0,0,0,0
METAL.BSE_IDX,01/07/2025,11:20:35,31484.18,0,0,0,0,0,0
METAL.BSE_IDX,01/07/2025,11:20:43,31483.49,0,0,0,0,0,0
METAL.BSE_IDX,01/07/2025,11:20:51,31482.49,0,0,0,0,0,0
METAL.BSE_IDX,01/07/2025,11:20:59,31483.42,0,0,0,0,0,0
METAL.BSE_IDX,01/07/2025,11:21:07,31469.15,0,0,0,0,0,0
METAL.BSE_IDX,01/07/2025,11:21:15,31469.44,0,0,0,0,0,0
METAL.BSE_IDX,01/07/2025,11:21:24,31474.3,0,0,0,0,0,0
METAL.BSE_IDX,01/07/2025,11:21:31,31477.88,0,0,0,0,0,0
METAL.BSE_IDX,01/07/2025,11:21:39,31478.64,0,0,0,0,0,0
METAL.BSE_IDX,01/07/2025,11:21:47,31475.7,0,0,0,0,0,0
METAL.BSE_IDX,01/07/2025,11:21:56,31470.32,0,0,0,0,0,0
METAL.BSE_IDX,01/07/2025,11:22:03,31472.1,0,0,0,0,0,0
METAL.BSE_IDX,01/07/2025,11:22:11,31467.26,0,0,0,0,0,0
METAL.BSE_IDX,01/07/2025,11:22:19,31470.98,0,0,0,0,0,0
METAL.BSE_IDX,01/07/2025,11:22:28,31468.17,0,0,0,0,0,0
METAL.BSE_IDX,01/07/2025,11:22:35,31467.95,0,0,0,0,0,0
METAL.BSE_IDX,01/07/2025,11:22:43,31465.86,0,0,0,0,0,0
METAL.BSE_IDX,01/07/2025,11:22:51,31468.96,0,0,0,0,0,0
METAL.BSE_IDX,01/07/2025,11:22:59,31465.18,0,0,0,0,0,0
METAL.BSE_IDX,01/07/2025,11:23:07,31464.9,0,0,0,0,0,0
METAL.BSE_IDX,01/07/2025,11:23:15,31469.49,0,0,0,0,0,0
METAL.BSE_IDX,01/07/2025,11:23:23,31467.05,0,0,0,0,0,0
METAL.BSE_IDX,01/07/2025,11:23:31,31462.33,0,0,0,0,0,0
METAL.BSE_IDX,01/07/2025,11:23:39,31463.41,0,0,0,0,0,0
METAL.BSE_IDX,01/07/2025,11:23:47,31467.18,0,0,0,0,0,0
METAL.BSE_IDX,01/07/2025,11:23:55,31458.44,0,0,0,0,0,0
METAL.BSE_IDX,01/07/2025,11:24:04,31457.91,0,0,0,0,0,0
METAL.BSE_IDX,01/07/2025,11:24:11,31455.83,0,0,0,0,0,0
METAL.BSE_IDX,01/07/2025,11:24:19,31455.09,0,0,0,0,0,0
METAL.BSE_IDX,01/07/2025,11:24:27,31455.09,0,0,0,0,0,0
METAL.BSE_IDX,01/07/2025,11:24:35,31453.22,0,0,0,0,0,0
METAL.BSE_IDX,01/07/2025,11:24:43,31453.88,0,0,0,0,0,0
METAL.BSE_IDX,01/07/2025,11:24:52,31455.73,0,0,0,0,0,0
METAL.BSE_IDX,01/07/2025,11:25:00,31454.79,0,0,0,0,0,0
METAL.BSE_IDX,01/07/2025,11:25:07,31455.54,0,0,0,0,0,0
METAL.BSE_IDX,01/07/2025,11:25:15,31450.45,0,0,0,0,0,0
METAL.BSE_IDX,01/07/2025,11:25:23,31447.99,0,0,0,0,0,0
METAL.BSE_IDX,01/07/2025,11:25:31,31447.19,0,0,0,0,0,0
METAL.BSE_IDX,01/07/2025,11:25:41,31444.32,0,0,0,0,0,0
METAL.BSE_IDX,01/07/2025,11:25:47,31442.35,0,0,0,0,0,0
METAL.BSE_IDX,01/07/2025,11:25:55,31438.58,0,0,0,0,0,0
METAL.BSE_IDX,01/07/2025,11:26:03,31438.64,0,0,0,0,0,0
METAL.BSE_IDX,01/07/2025,11:26:11,31439.58,0,0,0,0,0,0
METAL.BSE_IDX,01/07/2025,11:26:19,31447.8,0,0,0,0,0,0
METAL.BSE_IDX,01/07/2025,11:26:27,31450.76,0,0,0,0,0,0
METAL.BSE_IDX,01/07/2025,11:26:35,31452.49,0,0,0,0,0,0
METAL.BSE_IDX,01/07/2025,11:26:43,31452.49,0,0,0,0,0,0
METAL.BSE_IDX,01/07/2025,11:26:51,31460.08,0,0,0,0,0,0
METAL.BSE_IDX,01/07/2025,11:26:59,31455.29,0,0,0,0,0,0
METAL.BSE_IDX,01/07/2025,11:27:07,31455.38,0,0,0,0,0,0
METAL.BSE_IDX,01/07/2025,11:27:15,31463.06,0,0,0,0,0,0
METAL.BSE_IDX,01/07/2025,11:27:23,31461.12,0,0,0,0,0,0
METAL.BSE_IDX,01/07/2025,11:27:31,31462.03,0,0,0,0,0,0
METAL.BSE_IDX,01/07/2025,11:27:39,31460.84,0,0,0,0,0,0
METAL.BSE_IDX,01/07/2025,11:27:47,31459.97,0,0,0,0,0,0
METAL.BSE_IDX,01/07/2025,11:27:55,31463.64,0,0,0,0,0,0
METAL.BSE_IDX,01/07/2025,11:28:03,31462.19,0,0,0,0,0,0
METAL.BSE_IDX,01/07/2025,11:28:11,31458.25,0,0,0,0,0,0
METAL.BSE_IDX,01/07/2025,11:28:19,31455.16,0,0,0,0,0,0
METAL.BSE_IDX,01/07/2025,11:28:27,31460.09,0,0,0,0,0,0
METAL.BSE_IDX,01/07/2025,11:28:36,31460.12,0,0,0,0,0,0
METAL.BSE_IDX,01/07/2025,11:28:43,31460.25,0,0,0,0,0,0
METAL.BSE_IDX,01/07/2025,11:28:51,31460.68,0,0,0,0,0,0
METAL.BSE_IDX,01/07/2025,11:28:59,31463.48,0,0,0,0,0,0
METAL.BSE_IDX,01/07/2025,11:29:07,31472.33,0,0,0,0,0,0
METAL.BSE_IDX,01/07/2025,11:29:16,31472.79,0,0,0,0,0,0
METAL.BSE_IDX,01/07/2025,11:29:24,31471.97,0,0,0,0,0,0
METAL.BSE_IDX,01/07/2025,11:29:31,31472.25,0,0,0,0,0,0
METAL.BSE_IDX,01/07/2025,11:29:39,31468.11,0,0,0,0,0,0
METAL.BSE_IDX,01/07/2025,11:29:47,31472.06,0,0,0,0,0,0
METAL.BSE_IDX,01/07/2025,11:29:55,31472.61,0,0,0,0,0,0
METAL.BSE_IDX,01/07/2025,11:30:03,31479.5,0,0,0,0,0,0
METAL.BSE_IDX,01/07/2025,11:30:11,31475.56,0,0,0,0,0,0
METAL.BSE_IDX,01/07/2025,11:30:19,31480.59,0,0,0,0,0,0
METAL.BSE_IDX,01/07/2025,11:30:27,31480.43,0,0,0,0,0,0
METAL.BSE_IDX,01/07/2025,11:30:35,31485.75,0,0,0,0,0,0
METAL.BSE_IDX,01/07/2025,11:30:43,31488.37,0,0,0,0,0,0
METAL.BSE_IDX,01/07/2025,11:30:51,31486.55,0,0,0,0,0,0
METAL.BSE_IDX,01/07/2025,11:30:59,31484.88,0,0,0,0,0,0
METAL.BSE_IDX,01/07/2025,11:31:07,31487.48,0,0,0,0,0,0
METAL.BSE_IDX,01/07/2025,11:31:15,31475.35,0,0,0,0,0,0
METAL.BSE_IDX,01/07/2025,11:31:23,31470.36,0,0,0,0,0,0
METAL.BSE_IDX,01/07/2025,11:31:31,31470.86,0,0,0,0,0,0
METAL.BSE_IDX,01/07/2025,11:31:39,31473.26,0,0,0,0,0,0
METAL.BSE_IDX,01/07/2025,11:31:47,31474.66,0,0,0,0,0,0
METAL.BSE_IDX,01/07/2025,11:31:55,31473.11,0,0,0,0,0,0
METAL.BSE_IDX,01/07/2025,11:32:04,31466.87,0,0,0,0,0,0
METAL.BSE_IDX,01/07/2025,11:32:11,31472.87,0,0,0,0,0,0
METAL.BSE_IDX,01/07/2025,11:32:19,31472.75,0,0,0,0,0,0
METAL.BSE_IDX,01/07/2025,11:32:27,31474.81,0,0,0,0,0,0
METAL.BSE_IDX,01/07/2025,11:32:35,31476.17,0,0,0,0,0,0
METAL.BSE_IDX,01/07/2025,11:32:43,31476,0,0,0,0,0,0
METAL.BSE_IDX,01/07/2025,11:32:51,31471.05,0,0,0,0,0,0
METAL.BSE_IDX,01/07/2025,11:32:59,31471.37,0,0,0,0,0,0
METAL.BSE_IDX,01/07/2025,11:33:07,31471.54,0,0,0,0,0,0
METAL.BSE_IDX,01/07/2025,11:33:15,31472.71,0,0,0,0,0,0
METAL.BSE_IDX,01/07/2025,11:33:23,31470.29,0,0,0,0,0,0
METAL.BSE_IDX,01/07/2025,11:33:31,31470.29,0,0,0,0,0,0
METAL.BSE_IDX,01/07/2025,11:33:39,31470.18,0,0,0,0,0,0
METAL.BSE_IDX,01/07/2025,11:33:47,31468.87,0,0,0,0,0,0
METAL.BSE_IDX,01/07/2025,11:33:55,31467.15,0,0,0,0,0,0
METAL.BSE_IDX,01/07/2025,11:34:03,31467.85,0,0,0,0,0,0
METAL.BSE_IDX,01/07/2025,11:34:12,31466.76,0,0,0,0,0,0
METAL.BSE_IDX,01/07/2025,11:34:19,31466.76,0,0,0,0,0,0
METAL.BSE_IDX,01/07/2025,11:34:27,31466.59,0,0,0,0,0,0
METAL.BSE_IDX,01/07/2025,11:34:35,31465.9,0,0,0,0,0,0
METAL.BSE_IDX,01/07/2025,11:34:43,31463.71,0,0,0,0,0,0
METAL.BSE_IDX,01/07/2025,11:34:51,31461.42,0,0,0,0,0,0
METAL.BSE_IDX,01/07/2025,11:34:59,31456.68,0,0,0,0,0,0
METAL.BSE_IDX,01/07/2025,11:35:07,31460.32,0,0,0,0,0,0
METAL.BSE_IDX,01/07/2025,11:35:16,31460.14,0,0,0,0,0,0
METAL.BSE_IDX,01/07/2025,11:35:23,31460.14,0,0,0,0,0,0
METAL.BSE_IDX,01/07/2025,11:35:32,31461.59,0,0,0,0,0,0
METAL.BSE_IDX,01/07/2025,11:35:39,31477.99,0,0,0,0,0,0
METAL.BSE_IDX,01/07/2025,11:35:47,31487.01,0,0,0,0,0,0
METAL.BSE_IDX,01/07/2025,11:35:55,31486.57,0,0,0,0,0,0
METAL.BSE_IDX,01/07/2025,11:36:04,31490.3,0,0,0,0,0,0
METAL.BSE_IDX,01/07/2025,11:36:11,31490.48,0,0,0,0,0,0
METAL.BSE_IDX,01/07/2025,11:36:19,31490.83,0,0,0,0,0,0
METAL.BSE_IDX,01/07/2025,11:36:28,31488.07,0,0,0,0,0,0
METAL.BSE_IDX,01/07/2025,11:36:35,31487.32,0,0,0,0,0,0
METAL.BSE_IDX,01/07/2025,11:36:43,31486.96,0,0,0,0,0,0
METAL.BSE_IDX,01/07/2025,11:36:54,31486.96,0,0,0,0,0,0
METAL.BSE_IDX,01/07/2025,11:36:59,31483.9,0,0,0,0,0,0
METAL.BSE_IDX,01/07/2025,11:37:07,31483.9,0,0,0,0,0,0
METAL.BSE_IDX,01/07/2025,11:37:15,31482.79,0,0,0,0,0,0
METAL.BSE_IDX,01/07/2025,11:37:23,31480.87,0,0,0,0,0,0
METAL.BSE_IDX,01/07/2025,11:37:31,31482.38,0,0,0,0,0,0
METAL.BSE_IDX,01/07/2025,11:37:41,31481.89,0,0,0,0,0,0
METAL.BSE_IDX,01/07/2025,11:37:47,31483.88,0,0,0,0,0,0
METAL.BSE_IDX,01/07/2025,11:37:55,31478.32,0,0,0,0,0,0
METAL.BSE_IDX,01/07/2025,11:38:03,31477.5,0,0,0,0,0,0
METAL.BSE_IDX,01/07/2025,11:38:11,31478.37,0,0,0,0,0,0
METAL.BSE_IDX,01/07/2025,11:38:20,31476.79,0,0,0,0,0,0
METAL.BSE_IDX,01/07/2025,11:38:27,31475.74,0,0,0,0,0,0
METAL.BSE_IDX,01/07/2025,11:38:35,31476.23,0,0,0,0,0,0
METAL.BSE_IDX,01/07/2025,11:38:43,31474.3,0,0,0,0,0,0
METAL.BSE_IDX,01/07/2025,11:38:51,31477.46,0,0,0,0,0,0
METAL.BSE_IDX,01/07/2025,11:38:59,31477.45,0,0,0,0,0,0
METAL.BSE_IDX,01/07/2025,11:39:07,31482.25,0,0,0,0,0,0
METAL.BSE_IDX,01/07/2025,11:39:16,31484.81,0,0,0,0,0,0
METAL.BSE_IDX,01/07/2025,11:39:23,31485.54,0,0,0,0,0,0
METAL.BSE_IDX,01/07/2025,11:39:31,31481.92,0,0,0,0,0,0
METAL.BSE_IDX,01/07/2025,11:39:39,31486.91,0,0,0,0,0,0
METAL.BSE_IDX,01/07/2025,11:39:47,31486.74,0,0,0,0,0,0
METAL.BSE_IDX,01/07/2025,11:39:55,31485.33,0,0,0,0,0,0
METAL.BSE_IDX,01/07/2025,11:40:03,31485.33,0,0,0,0,0,0
METAL.BSE_IDX,01/07/2025,11:40:11,31485.33,0,0,0,0,0,0
METAL.BSE_IDX,01/07/2025,11:40:19,31481.2,0,0,0,0,0,0
METAL.BSE_IDX,01/07/2025,11:40:27,31479.51,0,0,0,0,0,0
METAL.BSE_IDX,01/07/2025,11:40:35,31480.51,0,0,0,0,0,0
METAL.BSE_IDX,01/07/2025,11:40:43,31482.21,0,0,0,0,0,0
METAL.BSE_IDX,01/07/2025,11:40:51,31479.11,0,0,0,0,0,0
METAL.BSE_IDX,01/07/2025,11:41:00,31481.28,0,0,0,0,0,0
METAL.BSE_IDX,01/07/2025,11:41:07,31493.09,0,0,0,0,0,0
METAL.BSE_IDX,01/07/2025,11:41:15,31495.15,0,0,0,0,0,0
METAL.BSE_IDX,01/07/2025,11:41:24,31495.53,0,0,0,0,0,0
METAL.BSE_IDX,01/07/2025,11:41:32,31497.06,0,0,0,0,0,0
METAL.BSE_IDX,01/07/2025,11:41:39,31504.62,0,0,0,0,0,0
METAL.BSE_IDX,01/07/2025,11:41:48,31504.46,0,0,0,0,0,0
METAL.BSE_IDX,01/07/2025,11:41:56,31504.46,0,0,0,0,0,0
METAL.BSE_IDX,01/07/2025,11:42:04,31509.29,0,0,0,0,0,0
METAL.BSE_IDX,01/07/2025,11:42:12,31509.51,0,0,0,0,0,0
METAL.BSE_IDX,01/07/2025,11:42:20,31509.51,0,0,0,0,0,0
METAL.BSE_IDX,01/07/2025,11:42:28,31509.77,0,0,0,0,0,0
METAL.BSE_IDX,01/07/2025,11:42:36,31510.19,0,0,0,0,0,0
METAL.BSE_IDX,01/07/2025,11:42:44,31515.23,0,0,0,0,0,0
METAL.BSE_IDX,01/07/2025,11:42:52,31517.67,0,0,0,0,0,0
METAL.BSE_IDX,01/07/2025,11:43:00,31518.32,0,0,0,0,0,0
METAL.BSE_IDX,01/07/2025,11:43:08,31520.74,0,0,0,0,0,0
METAL.BSE_IDX,01/07/2025,11:43:16,31522.81,0,0,0,0,0,0
METAL.BSE_IDX,01/07/2025,11:43:24,31522.79,0,0,0,0,0,0
METAL.BSE_IDX,01/07/2025,11:43:32,31523.65,0,0,0,0,0,0
METAL.BSE_IDX,01/07/2025,11:43:40,31523.65,0,0,0,0,0,0
METAL.BSE_IDX,01/07/2025,11:43:48,31521.68,0,0,0,0,0,0
METAL.BSE_IDX,01/07/2025,11:43:56,31530.76,0,0,0,0,0,0
METAL.BSE_IDX,01/07/2025,11:44:04,31538.5,0,0,0,0,0,0
METAL.BSE_IDX,01/07/2025,11:44:12,31544.14,0,0,0,0,0,0
METAL.BSE_IDX,01/07/2025,11:44:20,31543.32,0,0,0,0,0,0
METAL.BSE_IDX,01/07/2025,11:44:28,31544.49,0,0,0,0,0,0
METAL.BSE_IDX,01/07/2025,11:44:36,31537.03,0,0,0,0,0,0
METAL.BSE_IDX,01/07/2025,11:44:44,31530.42,0,0,0,0,0,0
METAL.BSE_IDX,01/07/2025,11:44:52,31536.62,0,0,0,0,0,0
METAL.BSE_IDX,01/07/2025,11:45:00,31532.13,0,0,0,0,0,0
METAL.BSE_IDX,01/07/2025,11:45:08,31527.37,0,0,0,0,0,0
METAL.BSE_IDX,01/07/2025,11:45:16,31529.27,0,0,0,0,0,0
METAL.BSE_IDX,01/07/2025,11:45:24,31531.2,0,0,0,0,0,0
METAL.BSE_IDX,01/07/2025,11:45:32,31530.05,0,0,0,0,0,0
METAL.BSE_IDX,01/07/2025,11:45:40,31529.67,0,0,0,0,0,0
METAL.BSE_IDX,01/07/2025,11:45:48,31527.06,0,0,0,0,0,0
METAL.BSE_IDX,01/07/2025,11:45:56,31526.86,0,0,0,0,0,0
METAL.BSE_IDX,01/07/2025,11:46:04,31527.34,0,0,0,0,0,0
METAL.BSE_IDX,01/07/2025,11:46:12,31529.44,0,0,0,0,0,0
METAL.BSE_IDX,01/07/2025,11:46:20,31527.47,0,0,0,0,0,0
METAL.BSE_IDX,01/07/2025,11:46:28,31527.87,0,0,0,0,0,0
METAL.BSE_IDX,01/07/2025,11:46:36,31527.92,0,0,0,0,0,0
METAL.BSE_IDX,01/07/2025,11:46:44,31526.69,0,0,0,0,0,0
METAL.BSE_IDX,01/07/2025,11:46:52,31523.89,0,0,0,0,0,0
METAL.BSE_IDX,01/07/2025,11:47:00,31528.98,0,0,0,0,0,0
METAL.BSE_IDX,01/07/2025,11:47:08,31532.86,0,0,0,0,0,0
METAL.BSE_IDX,01/07/2025,11:47:16,31533.29,0,0,0,0,0,0
METAL.BSE_IDX,01/07/2025,11:47:24,31534.17,0,0,0,0,0,0
METAL.BSE_IDX,01/07/2025,11:47:32,31533.47,0,0,0,0,0,0
METAL.BSE_IDX,01/07/2025,11:47:40,31532.97,0,0,0,0,0,0
METAL.BSE_IDX,01/07/2025,11:47:48,31525.12,0,0,0,0,0,0
METAL.BSE_IDX,01/07/2025,11:47:56,31524.34,0,0,0,0,0,0
METAL.BSE_IDX,01/07/2025,11:48:04,31523.88,0,0,0,0,0,0
METAL.BSE_IDX,01/07/2025,11:48:12,31523.06,0,0,0,0,0,0
METAL.BSE_IDX,01/07/2025,11:48:20,31524.58,0,0,0,0,0,0
METAL.BSE_IDX,01/07/2025,11:48:28,31525.64,0,0,0,0,0,0
METAL.BSE_IDX,01/07/2025,11:48:36,31526.25,0,0,0,0,0,0
METAL.BSE_IDX,01/07/2025,11:48:44,31524.18,0,0,0,0,0,0
METAL.BSE_IDX,01/07/2025,11:48:52,31525.09,0,0,0,0,0,0
METAL.BSE_IDX,01/07/2025,11:49:01,31522.3,0,0,0,0,0,0
METAL.BSE_IDX,01/07/2025,11:49:09,31521.05,0,0,0,0,0,0
METAL.BSE_IDX,01/07/2025,11:49:16,31523.84,0,0,0,0,0,0
METAL.BSE_IDX,01/07/2025,11:49:24,31521.63,0,0,0,0,0,0
METAL.BSE_IDX,01/07/2025,11:49:32,31520.18,0,0,0,0,0,0
METAL.BSE_IDX,01/07/2025,11:49:40,31517.02,0,0,0,0,0,0
METAL.BSE_IDX,01/07/2025,11:49:49,31514.76,0,0,0,0,0,0
METAL.BSE_IDX,01/07/2025,11:49:56,31521.5,0,0,0,0,0,0
METAL.BSE_IDX,01/07/2025,11:50:04,31519.62,0,0,0,0,0,0
METAL.BSE_IDX,01/07/2025,11:50:12,31521.69,0,0,0,0,0,0
METAL.BSE_IDX,01/07/2025,11:50:20,31513.78,0,0,0,0,0,0
METAL.BSE_IDX,01/07/2025,11:50:28,31514.11,0,0,0,0,0,0
METAL.BSE_IDX,01/07/2025,11:50:36,31514.11,0,0,0,0,0,0
METAL.BSE_IDX,01/07/2025,11:50:44,31514.05,0,0,0,0,0,0
METAL.BSE_IDX,01/07/2025,11:50:52,31515.86,0,0,0,0,0,0
METAL.BSE_IDX,01/07/2025,11:51:00,31516.84,0,0,0,0,0,0
METAL.BSE_IDX,01/07/2025,11:51:08,31516.58,0,0,0,0,0,0
METAL.BSE_IDX,01/07/2025,11:51:16,31514.64,0,0,0,0,0,0
METAL.BSE_IDX,01/07/2025,11:51:24,31516.25,0,0,0,0,0,0
METAL.BSE_IDX,01/07/2025,11:51:32,31516.25,0,0,0,0,0,0
METAL.BSE_IDX,01/07/2025,11:51:40,31516.41,0,0,0,0,0,0
METAL.BSE_IDX,01/07/2025,11:51:48,31514.37,0,0,0,0,0,0
METAL.BSE_IDX,01/07/2025,11:51:56,31518.05,0,0,0,0,0,0
METAL.BSE_IDX,01/07/2025,11:52:04,31516.94,0,0,0,0,0,0
METAL.BSE_IDX,01/07/2025,11:52:12,31514.57,0,0,0,0,0,0
METAL.BSE_IDX,01/07/2025,11:52:20,31519.57,0,0,0,0,0,0
METAL.BSE_IDX,01/07/2025,11:52:28,31517.07,0,0,0,0,0,0
METAL.BSE_IDX,01/07/2025,11:52:36,31517.07,0,0,0,0,0,0
METAL.BSE_IDX,01/07/2025,11:52:44,31520.85,0,0,0,0,0,0
METAL.BSE_IDX,01/07/2025,11:52:52,31519.22,0,0,0,0,0,0
METAL.BSE_IDX,01/07/2025,11:53:00,31516.55,0,0,0,0,0,0
METAL.BSE_IDX,01/07/2025,11:53:08,31515.97,0,0,0,0,0,0
METAL.BSE_IDX,01/07/2025,11:53:16,31514.37,0,0,0,0,0,0
METAL.BSE_IDX,01/07/2025,11:53:24,31510.6,0,0,0,0,0,0
METAL.BSE_IDX,01/07/2025,11:53:32,31511.22,0,0,0,0,0,0
METAL.BSE_IDX,01/07/2025,11:53:40,31508.92,0,0,0,0,0,0
METAL.BSE_IDX,01/07/2025,11:53:48,31509.77,0,0,0,0,0,0
METAL.BSE_IDX,01/07/2025,11:53:56,31515.61,0,0,0,0,0,0
METAL.BSE_IDX,01/07/2025,11:54:04,31519.16,0,0,0,0,0,0
METAL.BSE_IDX,01/07/2025,11:54:12,31518.31,0,0,0,0,0,0
METAL.BSE_IDX,01/07/2025,11:54:20,31517.72,0,0,0,0,0,0
METAL.BSE_IDX,01/07/2025,11:54:28,31517.42,0,0,0,0,0,0
METAL.BSE_IDX,01/07/2025,11:54:36,31513.62,0,0,0,0,0,0
METAL.BSE_IDX,01/07/2025,11:54:44,31507.6,0,0,0,0,0,0
METAL.BSE_IDX,01/07/2025,11:54:52,31509.21,0,0,0,0,0,0
METAL.BSE_IDX,01/07/2025,11:55:00,31510.27,0,0,0,0,0,0
METAL.BSE_IDX,01/07/2025,11:55:08,31510.6,0,0,0,0,0,0
METAL.BSE_IDX,01/07/2025,11:55:17,31512.57,0,0,0,0,0,0
METAL.BSE_IDX,01/07/2025,11:55:24,31512.25,0,0,0,0,0,0
METAL.BSE_IDX,01/07/2025,11:55:32,31515.41,0,0,0,0,0,0
METAL.BSE_IDX,01/07/2025,11:55:40,31514.25,0,0,0,0,0,0
METAL.BSE_IDX,01/07/2025,11:55:48,31512.43,0,0,0,0,0,0
METAL.BSE_IDX,01/07/2025,11:55:56,31511.36,0,0,0,0,0,0
METAL.BSE_IDX,01/07/2025,11:56:05,31513.47,0,0,0,0,0,0
METAL.BSE_IDX,01/07/2025,11:56:12,31517.42,0,0,0,0,0,0
METAL.BSE_IDX,01/07/2025,11:56:20,31514.26,0,0,0,0,0,0
METAL.BSE_IDX,01/07/2025,11:56:28,31513.83,0,0,0,0,0,0
METAL.BSE_IDX,01/07/2025,11:56:36,31514.01,0,0,0,0,0,0
METAL.BSE_IDX,01/07/2025,11:56:44,31515.75,0,0,0,0,0,0
METAL.BSE_IDX,01/07/2025,11:56:52,31518.44,0,0,0,0,0,0
METAL.BSE_IDX,01/07/2025,11:57:00,31520.72,0,0,0,0,0,0
METAL.BSE_IDX,01/07/2025,11:57:08,31511.05,0,0,0,0,0,0
METAL.BSE_IDX,01/07/2025,11:57:16,31511.05,0,0,0,0,0,0
METAL.BSE_IDX,01/07/2025,11:57:24,31513.3,0,0,0,0,0,0
METAL.BSE_IDX,01/07/2025,11:57:32,31509.96,0,0,0,0,0,0
METAL.BSE_IDX,01/07/2025,11:57:40,31509.82,0,0,0,0,0,0
METAL.BSE_IDX,01/07/2025,11:57:48,31508.78,0,0,0,0,0,0
METAL.BSE_IDX,01/07/2025,11:57:56,31509.6,0,0,0,0,0,0
METAL.BSE_IDX,01/07/2025,11:58:04,31501.69,0,0,0,0,0,0
METAL.BSE_IDX,01/07/2025,11:58:12,31503.17,0,0,0,0,0,0
METAL.BSE_IDX,01/07/2025,11:58:20,31501.25,0,0,0,0,0,0
METAL.BSE_IDX,01/07/2025,11:58:28,31502.73,0,0,0,0,0,0
METAL.BSE_IDX,01/07/2025,11:58:36,31507.53,0,0,0,0,0,0
METAL.BSE_IDX,01/07/2025,11:58:44,31509.35,0,0,0,0,0,0
METAL.BSE_IDX,01/07/2025,11:58:52,31513.95,0,0,0,0,0,0
METAL.BSE_IDX,01/07/2025,11:59:00,31510,0,0,0,0,0,0
METAL.BSE_IDX,01/07/2025,11:59:08,31507.68,0,0,0,0,0,0
METAL.BSE_IDX,01/07/2025,11:59:16,31507.82,0,0,0,0,0,0
METAL.BSE_IDX,01/07/2025,11:59:24,31507.09,0,0,0,0,0,0
METAL.BSE_IDX,01/07/2025,11:59:32,31515.94,0,0,0,0,0,0
METAL.BSE_IDX,01/07/2025,11:59:40,31525.27,0,0,0,0,0,0
METAL.BSE_IDX,01/07/2025,11:59:48,31519.35,0,0,0,0,0,0
METAL.BSE_IDX,01/07/2025,11:59:56,31525.27,0,0,0,0,0,0
METAL.BSE_IDX,01/07/2025,12:00:05,31527.66,0,0,0,0,0,0
METAL.BSE_IDX,01/07/2025,12:00:12,31528.65,0,0,0,0,0,0
METAL.BSE_IDX,01/07/2025,12:00:20,31518.79,0,0,0,0,0,0
METAL.BSE_IDX,01/07/2025,12:00:28,31520.8,0,0,0,0,0,0
METAL.BSE_IDX,01/07/2025,12:00:37,31520.28,0,0,0,0,0,0
METAL.BSE_IDX,01/07/2025,12:00:44,31521.82,0,0,0,0,0,0
METAL.BSE_IDX,01/07/2025,12:00:52,31521.81,0,0,0,0,0,0
METAL.BSE_IDX,01/07/2025,12:01:00,31531.35,0,0,0,0,0,0
METAL.BSE_IDX,01/07/2025,12:01:08,31532.88,0,0,0,0,0,0
METAL.BSE_IDX,01/07/2025,12:01:16,31532.14,0,0,0,0,0,0
METAL.BSE_IDX,01/07/2025,12:01:24,31536.61,0,0,0,0,0,0
METAL.BSE_IDX,01/07/2025,12:01:32,31541.27,0,0,0,0,0,0
METAL.BSE_IDX,01/07/2025,12:01:40,31540.51,0,0,0,0,0,0
METAL.BSE_IDX,01/07/2025,12:01:48,31540.85,0,0,0,0,0,0
METAL.BSE_IDX,01/07/2025,12:01:57,31544.76,0,0,0,0,0,0
METAL.BSE_IDX,01/07/2025,12:02:04,31544.76,0,0,0,0,0,0
METAL.BSE_IDX,01/07/2025,12:02:12,31539.24,0,0,0,0,0,0
METAL.BSE_IDX,01/07/2025,12:02:20,31536.94,0,0,0,0,0,0
METAL.BSE_IDX,01/07/2025,12:02:28,31538.97,0,0,0,0,0,0
METAL.BSE_IDX,01/07/2025,12:02:36,31538.33,0,0,0,0,0,0
METAL.BSE_IDX,01/07/2025,12:02:44,31543.19,0,0,0,0,0,0
METAL.BSE_IDX,01/07/2025,12:02:52,31541.37,0,0,0,0,0,0
METAL.BSE_IDX,01/07/2025,12:03:00,31538.27,0,0,0,0,0,0
METAL.BSE_IDX,01/07/2025,12:03:08,31538.86,0,0,0,0,0,0
METAL.BSE_IDX,01/07/2025,12:03:17,31540.31,0,0,0,0,0,0
METAL.BSE_IDX,01/07/2025,12:03:24,31541.16,0,0,0,0,0,0
METAL.BSE_IDX,01/07/2025,12:03:32,31534.18,0,0,0,0,0,0
METAL.BSE_IDX,01/07/2025,12:03:40,31540.67,0,0,0,0,0,0
METAL.BSE_IDX,01/07/2025,12:03:48,31539.89,0,0,0,0,0,0
METAL.BSE_IDX,01/07/2025,12:03:56,31539.89,0,0,0,0,0,0
METAL.BSE_IDX,01/07/2025,12:04:04,31540.05,0,0,0,0,0,0
METAL.BSE_IDX,01/07/2025,12:04:12,31536.93,0,0,0,0,0,0
METAL.BSE_IDX,01/07/2025,12:04:20,31539.15,0,0,0,0,0,0
METAL.BSE_IDX,01/07/2025,12:04:28,31535.21,0,0,0,0,0,0
METAL.BSE_IDX,01/07/2025,12:04:36,31534.55,0,0,0,0,0,0
METAL.BSE_IDX,01/07/2025,12:04:44,31535.13,0,0,0,0,0,0
METAL.BSE_IDX,01/07/2025,12:04:52,31539.67,0,0,0,0,0,0
METAL.BSE_IDX,01/07/2025,12:05:01,31533.75,0,0,0,0,0,0
METAL.BSE_IDX,01/07/2025,12:05:08,31533.75,0,0,0,0,0,0
METAL.BSE_IDX,01/07/2025,12:05:16,31541.57,0,0,0,0,0,0
METAL.BSE_IDX,01/07/2025,12:05:24,31539.51,0,0,0,0,0,0
METAL.BSE_IDX,01/07/2025,12:05:32,31535.57,0,0,0,0,0,0
METAL.BSE_IDX,01/07/2025,12:05:40,31537.85,0,0,0,0,0,0
METAL.BSE_IDX,01/07/2025,12:05:48,31537.85,0,0,0,0,0,0
METAL.BSE_IDX,01/07/2025,12:05:56,31541.95,0,0,0,0,0,0
METAL.BSE_IDX,01/07/2025,12:06:04,31540.22,0,0,0,0,0,0
METAL.BSE_IDX,01/07/2025,12:06:12,31536.28,0,0,0,0,0,0
METAL.BSE_IDX,01/07/2025,12:06:20,31538.48,0,0,0,0,0,0
METAL.BSE_IDX,01/07/2025,12:06:28,31542.96,0,0,0,0,0,0
METAL.BSE_IDX,01/07/2025,12:06:36,31543.9,0,0,0,0,0,0
METAL.BSE_IDX,01/07/2025,12:06:44,31545.85,0,0,0,0,0,0
METAL.BSE_IDX,01/07/2025,12:06:53,31545.25,0,0,0,0,0,0
METAL.BSE_IDX,01/07/2025,12:07:00,31545.9,0,0,0,0,0,0
METAL.BSE_IDX,01/07/2025,12:07:08,31546.32,0,0,0,0,0,0
METAL.BSE_IDX,01/07/2025,12:07:16,31550.26,0,0,0,0,0,0
METAL.BSE_IDX,01/07/2025,12:07:24,31550.26,0,0,0,0,0,0
METAL.BSE_IDX,01/07/2025,12:07:32,31548.37,0,0,0,0,0,0
METAL.BSE_IDX,01/07/2025,12:07:40,31547.09,0,0,0,0,0,0
METAL.BSE_IDX,01/07/2025,12:07:48,31563.15,0,0,0,0,0,0
METAL.BSE_IDX,01/07/2025,12:07:56,31560.72,0,0,0,0,0,0
METAL.BSE_IDX,01/07/2025,12:08:04,31564.8,0,0,0,0,0,0
METAL.BSE_IDX,01/07/2025,12:08:12,31563.38,0,0,0,0,0,0
METAL.BSE_IDX,01/07/2025,12:08:20,31565.26,0,0,0,0,0,0
METAL.BSE_IDX,01/07/2025,12:08:28,31561.32,0,0,0,0,0,0
METAL.BSE_IDX,01/07/2025,12:08:36,31563.5,0,0,0,0,0,0
METAL.BSE_IDX,01/07/2025,12:08:44,31571.98,0,0,0,0,0,0
METAL.BSE_IDX,01/07/2025,12:08:52,31571.98,0,0,0,0,0,0
METAL.BSE_IDX,01/07/2025,12:09:00,31570.2,0,0,0,0,0,0
METAL.BSE_IDX,01/07/2025,12:09:08,31576.1,0,0,0,0,0,0
METAL.BSE_IDX,01/07/2025,12:09:16,31578.51,0,0,0,0,0,0
METAL.BSE_IDX,01/07/2025,12:09:25,31578.51,0,0,0,0,0,0
METAL.BSE_IDX,01/07/2025,12:09:32,31587.81,0,0,0,0,0,0
METAL.BSE_IDX,01/07/2025,12:09:40,31588.24,0,0,0,0,0,0
METAL.BSE_IDX,01/07/2025,12:09:48,31586.17,0,0,0,0,0,0
METAL.BSE_IDX,01/07/2025,12:09:57,31582.64,0,0,0,0,0,0
METAL.BSE_IDX,01/07/2025,12:10:05,31582.29,0,0,0,0,0,0
METAL.BSE_IDX,01/07/2025,12:10:13,31585.73,0,0,0,0,0,0
METAL.BSE_IDX,01/07/2025,12:10:22,31588.12,0,0,0,0,0,0
METAL.BSE_IDX,01/07/2025,12:10:28,31588.12,0,0,0,0,0,0
METAL.BSE_IDX,01/07/2025,12:10:36,31586.4,0,0,0,0,0,0
METAL.BSE_IDX,01/07/2025,12:10:45,31584.3,0,0,0,0,0,0
METAL.BSE_IDX,01/07/2025,12:10:52,31584.14,0,0,0,0,0,0
METAL.BSE_IDX,01/07/2025,12:11:00,31586.71,0,0,0,0,0,0
METAL.BSE_IDX,01/07/2025,12:11:08,31585.49,0,0,0,0,0,0
METAL.BSE_IDX,01/07/2025,12:11:17,31585.86,0,0,0,0,0,0
METAL.BSE_IDX,01/07/2025,12:11:24,31589.16,0,0,0,0,0,0
METAL.BSE_IDX,01/07/2025,12:11:32,31589.51,0,0,0,0,0,0
METAL.BSE_IDX,01/07/2025,12:11:40,31594.89,0,0,0,0,0,0
METAL.BSE_IDX,01/07/2025,12:11:49,31604.03,0,0,0,0,0,0
METAL.BSE_IDX,01/07/2025,12:11:57,31611.8,0,0,0,0,0,0
METAL.BSE_IDX,01/07/2025,12:12:05,31611.32,0,0,0,0,0,0
METAL.BSE_IDX,01/07/2025,12:12:13,31613.29,0,0,0,0,0,0
METAL.BSE_IDX,01/07/2025,12:12:21,31612.15,0,0,0,0,0,0
METAL.BSE_IDX,01/07/2025,12:12:29,31616.25,0,0,0,0,0,0
METAL.BSE_IDX,01/07/2025,12:12:37,31616.95,0,0,0,0,0,0
METAL.BSE_IDX,01/07/2025,12:12:45,31617.3,0,0,0,0,0,0
METAL.BSE_IDX,01/07/2025,12:12:53,31618.92,0,0,0,0,0,0
METAL.BSE_IDX,01/07/2025,12:13:01,31618.92,0,0,0,0,0,0
METAL.BSE_IDX,01/07/2025,12:13:09,31618.92,0,0,0,0,0,0
METAL.BSE_IDX,01/07/2025,12:13:17,31616.78,0,0,0,0,0,0
METAL.BSE_IDX,01/07/2025,12:13:25,31626.73,0,0,0,0,0,0
METAL.BSE_IDX,01/07/2025,12:13:33,31630.24,0,0,0,0,0,0
METAL.BSE_IDX,01/07/2025,12:13:41,31632.7,0,0,0,0,0,0
METAL.BSE_IDX,01/07/2025,12:13:49,31634.01,0,0,0,0,0,0
METAL.BSE_IDX,01/07/2025,12:13:57,31630.26,0,0,0,0,0,0
METAL.BSE_IDX,01/07/2025,12:14:05,31636.37,0,0,0,0,0,0
METAL.BSE_IDX,01/07/2025,12:14:13,31651.34,0,0,0,0,0,0
METAL.BSE_IDX,01/07/2025,12:14:21,31658.86,0,0,0,0,0,0
METAL.BSE_IDX,01/07/2025,12:14:29,31658.57,0,0,0,0,0,0
METAL.BSE_IDX,01/07/2025,12:14:37,31661.99,0,0,0,0,0,0
METAL.BSE_IDX,01/07/2025,12:14:46,31667.16,0,0,0,0,0,0
METAL.BSE_IDX,01/07/2025,12:14:54,31671.81,0,0,0,0,0,0
METAL.BSE_IDX,01/07/2025,12:15:01,31674.73,0,0,0,0,0,0
METAL.BSE_IDX,01/07/2025,12:15:09,31673.64,0,0,0,0,0,0
METAL.BSE_IDX,01/07/2025,12:15:17,31685.3,0,0,0,0,0,0
METAL.BSE_IDX,01/07/2025,12:15:25,31684.82,0,0,0,0,0,0
METAL.BSE_IDX,01/07/2025,12:15:33,31680.88,0,0,0,0,0,0
METAL.BSE_IDX,01/07/2025,12:15:41,31679.64,0,0,0,0,0,0
METAL.BSE_IDX,01/07/2025,12:15:49,31679.57,0,0,0,0,0,0
METAL.BSE_IDX,01/07/2025,12:15:57,31694.9,0,0,0,0,0,0
METAL.BSE_IDX,01/07/2025,12:16:05,31697.77,0,0,0,0,0,0
METAL.BSE_IDX,01/07/2025,12:16:13,31712.26,0,0,0,0,0,0
METAL.BSE_IDX,01/07/2025,12:16:21,31721.79,0,0,0,0,0,0
METAL.BSE_IDX,01/07/2025,12:16:29,31729.41,0,0,0,0,0,0
METAL.BSE_IDX,01/07/2025,12:16:37,31725.69,0,0,0,0,0,0
METAL.BSE_IDX,01/07/2025,12:16:45,31712.56,0,0,0,0,0,0
METAL.BSE_IDX,01/07/2025,12:16:53,31718.62,0,0,0,0,0,0
METAL.BSE_IDX,01/07/2025,12:17:01,31725.84,0,0,0,0,0,0
METAL.BSE_IDX,01/07/2025,12:17:09,31740.97,0,0,0,0,0,0
METAL.BSE_IDX,01/07/2025,12:17:17,31765.93,0,0,0,0,0,0
METAL.BSE_IDX,01/07/2025,12:17:25,31763.74,0,0,0,0,0,0
METAL.BSE_IDX,01/07/2025,12:17:33,31770.66,0,0,0,0,0,0
METAL.BSE_IDX,01/07/2025,12:17:41,31770.49,0,0,0,0,0,0
METAL.BSE_IDX,01/07/2025,12:17:49,31767.55,0,0,0,0,0,0
METAL.BSE_IDX,01/07/2025,12:17:57,31773.05,0,0,0,0,0,0
METAL.BSE_IDX,01/07/2025,12:18:05,31785.16,0,0,0,0,0,0
METAL.BSE_IDX,01/07/2025,12:18:13,31781.62,0,0,0,0,0,0
METAL.BSE_IDX,01/07/2025,12:18:21,31786.88,0,0,0,0,0,0
METAL.BSE_IDX,01/07/2025,12:18:29,31799.37,0,0,0,0,0,0
METAL.BSE_IDX,01/07/2025,12:18:37,31798.73,0,0,0,0,0,0
METAL.BSE_IDX,01/07/2025,12:18:45,31815.32,0,0,0,0,0,0
METAL.BSE_IDX,01/07/2025,12:18:53,31821.96,0,0,0,0,0,0
METAL.BSE_IDX,01/07/2025,12:19:01,31825.78,0,0,0,0,0,0
METAL.BSE_IDX,01/07/2025,12:19:09,31827.1,0,0,0,0,0,0
METAL.BSE_IDX,01/07/2025,12:19:17,31821.5,0,0,0,0,0,0
METAL.BSE_IDX,01/07/2025,12:19:25,31835.8,0,0,0,0,0,0
METAL.BSE_IDX,01/07/2025,12:19:33,31828.4,0,0,0,0,0,0
METAL.BSE_IDX,01/07/2025,12:19:41,31823.42,0,0,0,0,0,0
METAL.BSE_IDX,01/07/2025,12:19:49,31822.61,0,0,0,0,0,0
METAL.BSE_IDX,01/07/2025,12:19:57,31821.4,0,0,0,0,0,0
METAL.BSE_IDX,01/07/2025,12:20:05,31825.18,0,0,0,0,0,0
METAL.BSE_IDX,01/07/2025,12:20:13,31819.11,0,0,0,0,0,0
METAL.BSE_IDX,01/07/2025,12:20:21,31802.12,0,0,0,0,0,0
METAL.BSE_IDX,01/07/2025,12:20:29,31794.36,0,0,0,0,0,0
METAL.BSE_IDX,01/07/2025,12:20:37,31788,0,0,0,0,0,0
METAL.BSE_IDX,01/07/2025,12:20:45,31790.64,0,0,0,0,0,0
METAL.BSE_IDX,01/07/2025,12:20:53,31796.6,0,0,0,0,0,0
METAL.BSE_IDX,01/07/2025,12:21:01,31786.04,0,0,0,0,0,0
METAL.BSE_IDX,01/07/2025,12:21:09,31786.63,0,0,0,0,0,0
METAL.BSE_IDX,01/07/2025,12:21:17,31781.05,0,0,0,0,0,0
METAL.BSE_IDX,01/07/2025,12:21:25,31783.32,0,0,0,0,0,0
METAL.BSE_IDX,01/07/2025,12:21:33,31781.45,0,0,0,0,0,0
METAL.BSE_IDX,01/07/2025,12:21:41,31782.53,0,0,0,0,0,0
METAL.BSE_IDX,01/07/2025,12:21:49,31786.74,0,0,0,0,0,0
METAL.BSE_IDX,01/07/2025,12:21:57,31778.78,0,0,0,0,0,0
METAL.BSE_IDX,01/07/2025,12:22:05,31778.55,0,0,0,0,0,0
METAL.BSE_IDX,01/07/2025,12:22:13,31779.29,0,0,0,0,0,0
METAL.BSE_IDX,01/07/2025,12:22:21,31779.75,0,0,0,0,0,0
METAL.BSE_IDX,01/07/2025,12:22:29,31777.24,0,0,0,0,0,0
METAL.BSE_IDX,01/07/2025,12:22:37,31779.27,0,0,0,0,0,0
METAL.BSE_IDX,01/07/2025,12:22:45,31777.7,0,0,0,0,0,0
METAL.BSE_IDX,01/07/2025,12:22:53,31780.71,0,0,0,0,0,0
METAL.BSE_IDX,01/07/2025,12:23:02,31780.82,0,0,0,0,0,0
METAL.BSE_IDX,01/07/2025,12:23:09,31777.24,0,0,0,0,0,0
METAL.BSE_IDX,01/07/2025,12:23:17,31777.24,0,0,0,0,0,0
METAL.BSE_IDX,01/07/2025,12:23:25,31783.56,0,0,0,0,0,0
METAL.BSE_IDX,01/07/2025,12:23:33,31783.56,0,0,0,0,0,0
METAL.BSE_IDX,01/07/2025,12:23:41,31784.42,0,0,0,0,0,0
METAL.BSE_IDX,01/07/2025,12:23:49,31780.48,0,0,0,0,0,0
METAL.BSE_IDX,01/07/2025,12:23:57,31784.37,0,0,0,0,0,0
METAL.BSE_IDX,01/07/2025,12:24:05,31811.86,0,0,0,0,0,0
METAL.BSE_IDX,01/07/2025,12:24:13,31806.11,0,0,0,0,0,0
METAL.BSE_IDX,01/07/2025,12:24:21,31810.97,0,0,0,0,0,0
METAL.BSE_IDX,01/07/2025,12:24:29,31808,0,0,0,0,0,0
METAL.BSE_IDX,01/07/2025,12:24:37,31805.56,0,0,0,0,0,0
METAL.BSE_IDX,01/07/2025,12:24:45,31798.73,0,0,0,0,0,0
METAL.BSE_IDX,01/07/2025,12:24:53,31799.02,0,0,0,0,0,0
METAL.BSE_IDX,01/07/2025,12:25:01,31801.84,0,0,0,0,0,0
METAL.BSE_IDX,01/07/2025,12:25:09,31800.75,0,0,0,0,0,0
METAL.BSE_IDX,01/07/2025,12:25:17,31803.47,0,0,0,0,0,0
METAL.BSE_IDX,01/07/2025,12:25:25,31800.58,0,0,0,0,0,0
METAL.BSE_IDX,01/07/2025,12:25:33,31795.11,0,0,0,0,0,0
METAL.BSE_IDX,01/07/2025,12:25:41,31794.46,0,0,0,0,0,0
METAL.BSE_IDX,01/07/2025,12:25:49,31795.86,0,0,0,0,0,0
METAL.BSE_IDX,01/07/2025,12:25:57,31794.83,0,0,0,0,0,0
METAL.BSE_IDX,01/07/2025,12:26:05,31795.74,0,0,0,0,0,0
METAL.BSE_IDX,01/07/2025,12:26:13,31799.67,0,0,0,0,0,0
METAL.BSE_IDX,01/07/2025,12:26:21,31802.11,0,0,0,0,0,0
METAL.BSE_IDX,01/07/2025,12:26:31,31792.32,0,0,0,0,0,0
METAL.BSE_IDX,01/07/2025,12:26:37,31788.39,0,0,0,0,0,0
METAL.BSE_IDX,01/07/2025,12:26:45,31790.69,0,0,0,0,0,0
METAL.BSE_IDX,01/07/2025,12:26:53,31789.14,0,0,0,0,0,0
METAL.BSE_IDX,01/07/2025,12:27:01,31782.26,0,0,0,0,0,0
METAL.BSE_IDX,01/07/2025,12:27:09,31782.35,0,0,0,0,0,0
METAL.BSE_IDX,01/07/2025,12:27:17,31780.92,0,0,0,0,0,0
METAL.BSE_IDX,01/07/2025,12:27:25,31781.25,0,0,0,0,0,0
METAL.BSE_IDX,01/07/2025,12:27:33,31777.56,0,0,0,0,0,0
METAL.BSE_IDX,01/07/2025,12:27:41,31776.84,0,0,0,0,0,0
METAL.BSE_IDX,01/07/2025,12:27:49,31776.35,0,0,0,0,0,0
METAL.BSE_IDX,01/07/2025,12:27:57,31776.22,0,0,0,0,0,0
METAL.BSE_IDX,01/07/2025,12:28:05,31776.22,0,0,0,0,0,0
METAL.BSE_IDX,01/07/2025,12:28:13,31776.61,0,0,0,0,0,0
METAL.BSE_IDX,01/07/2025,12:28:21,31773.21,0,0,0,0,0,0
METAL.BSE_IDX,01/07/2025,12:28:29,31774.11,0,0,0,0,0,0
METAL.BSE_IDX,01/07/2025,12:28:37,31767.5,0,0,0,0,0,0
METAL.BSE_IDX,01/07/2025,12:28:45,31764.2,0,0,0,0,0,0
METAL.BSE_IDX,01/07/2025,12:28:53,31760.05,0,0,0,0,0,0
METAL.BSE_IDX,01/07/2025,12:29:01,31755.32,0,0,0,0,0,0
METAL.BSE_IDX,01/07/2025,12:29:10,31753.69,0,0,0,0,0,0
METAL.BSE_IDX,01/07/2025,12:29:18,31755.66,0,0,0,0,0,0
METAL.BSE_IDX,01/07/2025,12:29:25,31749.92,0,0,0,0,0,0
METAL.BSE_IDX,01/07/2025,12:29:33,31751.13,0,0,0,0,0,0
METAL.BSE_IDX,01/07/2025,12:29:41,31751.38,0,0,0,0,0,0
METAL.BSE_IDX,01/07/2025,12:29:49,31751.28,0,0,0,0,0,0
METAL.BSE_IDX,01/07/2025,12:29:57,31749.18,0,0,0,0,0,0
METAL.BSE_IDX,01/07/2025,12:30:05,31759.82,0,0,0,0,0,0
METAL.BSE_IDX,01/07/2025,12:30:13,31759.62,0,0,0,0,0,0
METAL.BSE_IDX,01/07/2025,12:30:22,31769.97,0,0,0,0,0,0
METAL.BSE_IDX,01/07/2025,12:30:29,31771.08,0,0,0,0,0,0
METAL.BSE_IDX,01/07/2025,12:30:37,31767.79,0,0,0,0,0,0
METAL.BSE_IDX,01/07/2025,12:30:45,31774.09,0,0,0,0,0,0
METAL.BSE_IDX,01/07/2025,12:30:53,31773.51,0,0,0,0,0,0
METAL.BSE_IDX,01/07/2025,12:31:01,31778.46,0,0,0,0,0,0
METAL.BSE_IDX,01/07/2025,12:31:09,31757.43,0,0,0,0,0,0
METAL.BSE_IDX,01/07/2025,12:31:17,31752.29,0,0,0,0,0,0
METAL.BSE_IDX,01/07/2025,12:31:25,31749.87,0,0,0,0,0,0
METAL.BSE_IDX,01/07/2025,12:31:34,31743.25,0,0,0,0,0,0
METAL.BSE_IDX,01/07/2025,12:31:41,31735.71,0,0,0,0,0,0
METAL.BSE_IDX,01/07/2025,12:31:49,31734.97,0,0,0,0,0,0
METAL.BSE_IDX,01/07/2025,12:31:57,31736.94,0,0,0,0,0,0
METAL.BSE_IDX,01/07/2025,12:32:05,31736.82,0,0,0,0,0,0
METAL.BSE_IDX,01/07/2025,12:32:13,31738.27,0,0,0,0,0,0
METAL.BSE_IDX,01/07/2025,12:32:21,31738.54,0,0,0,0,0,0
METAL.BSE_IDX,01/07/2025,12:32:29,31739.22,0,0,0,0,0,0
METAL.BSE_IDX,01/07/2025,12:32:37,31738.92,0,0,0,0,0,0
METAL.BSE_IDX,01/07/2025,12:32:45,31736.34,0,0,0,0,0,0
METAL.BSE_IDX,01/07/2025,12:32:53,31741.98,0,0,0,0,0,0
METAL.BSE_IDX,01/07/2025,12:33:01,31739.87,0,0,0,0,0,0
METAL.BSE_IDX,01/07/2025,12:33:09,31741.08,0,0,0,0,0,0
METAL.BSE_IDX,01/07/2025,12:33:17,31728.02,0,0,0,0,0,0
METAL.BSE_IDX,01/07/2025,12:33:26,31733.77,0,0,0,0,0,0
METAL.BSE_IDX,01/07/2025,12:33:33,31735.08,0,0,0,0,0,0
METAL.BSE_IDX,01/07/2025,12:33:41,31737.38,0,0,0,0,0,0
METAL.BSE_IDX,01/07/2025,12:33:49,31740.52,0,0,0,0,0,0
METAL.BSE_IDX,01/07/2025,12:33:57,31741.18,0,0,0,0,0,0
METAL.BSE_IDX,01/07/2025,12:34:05,31739.89,0,0,0,0,0,0
METAL.BSE_IDX,01/07/2025,12:34:13,31746.55,0,0,0,0,0,0
METAL.BSE_IDX,01/07/2025,12:34:21,31750.73,0,0,0,0,0,0
METAL.BSE_IDX,01/07/2025,12:34:29,31757.89,0,0,0,0,0,0
METAL.BSE_IDX,01/07/2025,12:34:37,31760.25,0,0,0,0,0,0
METAL.BSE_IDX,01/07/2025,12:34:45,31759.04,0,0,0,0,0,0
METAL.BSE_IDX,01/07/2025,12:34:53,31764.59,0,0,0,0,0,0
METAL.BSE_IDX,01/07/2025,12:35:01,31765.39,0,0,0,0,0,0
METAL.BSE_IDX,01/07/2025,12:35:09,31769.36,0,0,0,0,0,0
METAL.BSE_IDX,01/07/2025,12:35:17,31772.66,0,0,0,0,0,0
METAL.BSE_IDX,01/07/2025,12:35:25,31777.86,0,0,0,0,0,0
METAL.BSE_IDX,01/07/2025,12:35:33,31778.26,0,0,0,0,0,0
METAL.BSE_IDX,01/07/2025,12:35:41,31776.25,0,0,0,0,0,0
METAL.BSE_IDX,01/07/2025,12:35:49,31790.43,0,0,0,0,0,0
METAL.BSE_IDX,01/07/2025,12:35:57,31797.51,0,0,0,0,0,0
METAL.BSE_IDX,01/07/2025,12:36:05,31800.93,0,0,0,0,0,0
METAL.BSE_IDX,01/07/2025,12:36:13,31795.45,0,0,0,0,0,0
METAL.BSE_IDX,01/07/2025,12:36:21,31801.47,0,0,0,0,0,0
METAL.BSE_IDX,01/07/2025,12:36:29,31804.91,0,0,0,0,0,0
METAL.BSE_IDX,01/07/2025,12:36:37,31806.03,0,0,0,0,0,0
METAL.BSE_IDX,01/07/2025,12:36:45,31811.99,0,0,0,0,0,0
METAL.BSE_IDX,01/07/2025,12:36:53,31812.64,0,0,0,0,0,0
METAL.BSE_IDX,01/07/2025,12:37:01,31814.61,0,0,0,0,0,0
METAL.BSE_IDX,01/07/2025,12:37:09,31816.62,0,0,0,0,0,0
METAL.BSE_IDX,01/07/2025,12:37:17,31810.92,0,0,0,0,0,0
METAL.BSE_IDX,01/07/2025,12:37:25,31808.01,0,0,0,0,0,0
METAL.BSE_IDX,01/07/2025,12:37:33,31801.31,0,0,0,0,0,0
METAL.BSE_IDX,01/07/2025,12:37:41,31791.09,0,0,0,0,0,0
METAL.BSE_IDX,01/07/2025,12:37:49,31791.31,0,0,0,0,0,0
METAL.BSE_IDX,01/07/2025,12:37:57,31790.59,0,0,0,0,0,0
METAL.BSE_IDX,01/07/2025,12:38:05,31788.67,0,0,0,0,0,0
METAL.BSE_IDX,01/07/2025,12:38:13,31788.41,0,0,0,0,0,0
METAL.BSE_IDX,01/07/2025,12:38:22,31790.83,0,0,0,0,0,0
METAL.BSE_IDX,01/07/2025,12:38:29,31790.83,0,0,0,0,0,0
METAL.BSE_IDX,01/07/2025,12:38:39,31787.07,0,0,0,0,0,0
METAL.BSE_IDX,01/07/2025,12:38:45,31788.75,0,0,0,0,0,0
METAL.BSE_IDX,01/07/2025,12:38:53,31789.96,0,0,0,0,0,0
METAL.BSE_IDX,01/07/2025,12:39:01,31795.2,0,0,0,0,0,0
METAL.BSE_IDX,01/07/2025,12:39:10,31794.62,0,0,0,0,0,0
METAL.BSE_IDX,01/07/2025,12:39:17,31796.22,0,0,0,0,0,0
METAL.BSE_IDX,01/07/2025,12:39:25,31793.56,0,0,0,0,0,0
METAL.BSE_IDX,01/07/2025,12:39:34,31794.94,0,0,0,0,0,0
METAL.BSE_IDX,01/07/2025,12:39:42,31796.08,0,0,0,0,0,0
METAL.BSE_IDX,01/07/2025,12:39:49,31796.79,0,0,0,0,0,0
METAL.BSE_IDX,01/07/2025,12:39:57,31794.55,0,0,0,0,0,0
METAL.BSE_IDX,01/07/2025,12:40:05,31796.36,0,0,0,0,0,0
METAL.BSE_IDX,01/07/2025,12:40:14,31792.82,0,0,0,0,0,0
METAL.BSE_IDX,01/07/2025,12:40:21,31793.97,0,0,0,0,0,0
METAL.BSE_IDX,01/07/2025,12:40:29,31794.39,0,0,0,0,0,0
METAL.BSE_IDX,01/07/2025,12:40:37,31793.36,0,0,0,0,0,0
METAL.BSE_IDX,01/07/2025,12:40:45,31793.19,0,0,0,0,0,0
METAL.BSE_IDX,01/07/2025,12:40:54,31790.78,0,0,0,0,0,0
METAL.BSE_IDX,01/07/2025,12:41:01,31791.77,0,0,0,0,0,0
METAL.BSE_IDX,01/07/2025,12:41:09,31797.14,0,0,0,0,0,0
METAL.BSE_IDX,01/07/2025,12:41:17,31800.24,0,0,0,0,0,0
METAL.BSE_IDX,01/07/2025,12:41:25,31793.53,0,0,0,0,0,0
METAL.BSE_IDX,01/07/2025,12:41:33,31790.41,0,0,0,0,0,0
METAL.BSE_IDX,01/07/2025,12:41:41,31785.12,0,0,0,0,0,0
METAL.BSE_IDX,01/07/2025,12:41:49,31782.4,0,0,0,0,0,0
METAL.BSE_IDX,01/07/2025,12:41:57,31790.1,0,0,0,0,0,0
METAL.BSE_IDX,01/07/2025,12:42:05,31791.65,0,0,0,0,0,0
METAL.BSE_IDX,01/07/2025,12:42:13,31799.2,0,0,0,0,0,0
METAL.BSE_IDX,01/07/2025,12:42:21,31794.11,0,0,0,0,0,0
METAL.BSE_IDX,01/07/2025,12:42:29,31794.11,0,0,0,0,0,0
METAL.BSE_IDX,01/07/2025,12:42:37,31794.57,0,0,0,0,0,0
METAL.BSE_IDX,01/07/2025,12:42:45,31796.38,0,0,0,0,0,0
METAL.BSE_IDX,01/07/2025,12:42:53,31796.21,0,0,0,0,0,0
METAL.BSE_IDX,01/07/2025,12:43:01,31795.55,0,0,0,0,0,0
METAL.BSE_IDX,01/07/2025,12:43:10,31793.35,0,0,0,0,0,0
METAL.BSE_IDX,01/07/2025,12:43:17,31792.64,0,0,0,0,0,0
METAL.BSE_IDX,01/07/2025,12:43:26,31791.64,0,0,0,0,0,0
METAL.BSE_IDX,01/07/2025,12:43:33,31789.23,0,0,0,0,0,0
METAL.BSE_IDX,01/07/2025,12:43:41,31783.75,0,0,0,0,0,0
METAL.BSE_IDX,01/07/2025,12:43:49,31779.76,0,0,0,0,0,0
METAL.BSE_IDX,01/07/2025,12:43:58,31780.99,0,0,0,0,0,0
METAL.BSE_IDX,01/07/2025,12:44:05,31780.87,0,0,0,0,0,0
METAL.BSE_IDX,01/07/2025,12:44:14,31778.12,0,0,0,0,0,0
METAL.BSE_IDX,01/07/2025,12:44:21,31773.39,0,0,0,0,0,0
METAL.BSE_IDX,01/07/2025,12:44:29,31769.02,0,0,0,0,0,0
METAL.BSE_IDX,01/07/2025,12:44:38,31772.41,0,0,0,0,0,0
METAL.BSE_IDX,01/07/2025,12:44:45,31765.63,0,0,0,0,0,0
METAL.BSE_IDX,01/07/2025,12:44:53,31765.21,0,0,0,0,0,0
METAL.BSE_IDX,01/07/2025,12:45:01,31764.6,0,0,0,0,0,0
METAL.BSE_IDX,01/07/2025,12:45:11,31763.44,0,0,0,0,0,0
METAL.BSE_IDX,01/07/2025,12:45:17,31763.04,0,0,0,0,0,0
METAL.BSE_IDX,01/07/2025,12:45:25,31766.19,0,0,0,0,0,0
METAL.BSE_IDX,01/07/2025,12:45:34,31763.59,0,0,0,0,0,0
METAL.BSE_IDX,01/07/2025,12:45:42,31767.36,0,0,0,0,0,0
METAL.BSE_IDX,01/07/2025,12:45:50,31766.33,0,0,0,0,0,0
METAL.BSE_IDX,01/07/2025,12:45:58,31764.58,0,0,0,0,0,0
METAL.BSE_IDX,01/07/2025,12:46:06,31762.91,0,0,0,0,0,0
METAL.BSE_IDX,01/07/2025,12:46:14,31762.25,0,0,0,0,0,0
METAL.BSE_IDX,01/07/2025,12:46:22,31758.48,0,0,0,0,0,0
METAL.BSE_IDX,01/07/2025,12:46:30,31764.39,0,0,0,0,0,0
METAL.BSE_IDX,01/07/2025,12:46:38,31762.16,0,0,0,0,0,0
METAL.BSE_IDX,01/07/2025,12:46:46,31759.85,0,0,0,0,0,0
METAL.BSE_IDX,01/07/2025,12:46:54,31755.96,0,0,0,0,0,0
METAL.BSE_IDX,01/07/2025,12:47:02,31754.01,0,0,0,0,0,0
METAL.BSE_IDX,01/07/2025,12:47:10,31754.01,0,0,0,0,0,0
METAL.BSE_IDX,01/07/2025,12:47:18,31757.46,0,0,0,0,0,0
METAL.BSE_IDX,01/07/2025,12:47:26,31760.59,0,0,0,0,0,0
METAL.BSE_IDX,01/07/2025,12:47:34,31763.64,0,0,0,0,0,0
METAL.BSE_IDX,01/07/2025,12:47:42,31764.33,0,0,0,0,0,0
METAL.BSE_IDX,01/07/2025,12:47:50,31764.33,0,0,0,0,0,0
METAL.BSE_IDX,01/07/2025,12:47:58,31757.71,0,0,0,0,0,0
METAL.BSE_IDX,01/07/2025,12:48:06,31761.04,0,0,0,0,0,0
METAL.BSE_IDX,01/07/2025,12:48:14,31758.67,0,0,0,0,0,0
METAL.BSE_IDX,01/07/2025,12:48:22,31759.07,0,0,0,0,0,0
METAL.BSE_IDX,01/07/2025,12:48:30,31757.81,0,0,0,0,0,0
METAL.BSE_IDX,01/07/2025,12:48:38,31760.18,0,0,0,0,0,0
METAL.BSE_IDX,01/07/2025,12:48:46,31759.9,0,0,0,0,0,0
METAL.BSE_IDX,01/07/2025,12:48:54,31757.39,0,0,0,0,0,0
METAL.BSE_IDX,01/07/2025,12:49:02,31755.17,0,0,0,0,0,0
METAL.BSE_IDX,01/07/2025,12:49:10,31757.14,0,0,0,0,0,0
METAL.BSE_IDX,01/07/2025,12:49:18,31754.76,0,0,0,0,0,0
METAL.BSE_IDX,01/07/2025,12:49:26,31758.24,0,0,0,0,0,0
METAL.BSE_IDX,01/07/2025,12:49:34,31759.02,0,0,0,0,0,0
METAL.BSE_IDX,01/07/2025,12:49:42,31759.02,0,0,0,0,0,0
METAL.BSE_IDX,01/07/2025,12:49:50,31759.02,0,0,0,0,0,0
METAL.BSE_IDX,01/07/2025,12:49:58,31759.19,0,0,0,0,0,0
METAL.BSE_IDX,01/07/2025,12:50:06,31757.54,0,0,0,0,0,0
METAL.BSE_IDX,01/07/2025,12:50:14,31757.7,0,0,0,0,0,0
METAL.BSE_IDX,01/07/2025,12:50:22,31755.29,0,0,0,0,0,0
METAL.BSE_IDX,01/07/2025,12:50:30,31754.63,0,0,0,0,0,0
METAL.BSE_IDX,01/07/2025,12:50:38,31754.87,0,0,0,0,0,0
METAL.BSE_IDX,01/07/2025,12:50:47,31756.58,0,0,0,0,0,0
METAL.BSE_IDX,01/07/2025,12:50:54,31756.58,0,0,0,0,0,0
METAL.BSE_IDX,01/07/2025,12:51:02,31755.91,0,0,0,0,0,0
METAL.BSE_IDX,01/07/2025,12:51:10,31755.55,0,0,0,0,0,0
METAL.BSE_IDX,01/07/2025,12:51:19,31750.19,0,0,0,0,0,0
METAL.BSE_IDX,01/07/2025,12:51:26,31752.97,0,0,0,0,0,0
METAL.BSE_IDX,01/07/2025,12:51:34,31755.42,0,0,0,0,0,0
METAL.BSE_IDX,01/07/2025,12:51:42,31755.6,0,0,0,0,0,0
METAL.BSE_IDX,01/07/2025,12:51:50,31755.19,0,0,0,0,0,0
METAL.BSE_IDX,01/07/2025,12:51:58,31754.94,0,0,0,0,0,0
METAL.BSE_IDX,01/07/2025,12:52:06,31753.02,0,0,0,0,0,0
METAL.BSE_IDX,01/07/2025,12:52:14,31753.35,0,0,0,0,0,0
METAL.BSE_IDX,01/07/2025,12:52:22,31750.75,0,0,0,0,0,0
METAL.BSE_IDX,01/07/2025,12:52:30,31752.58,0,0,0,0,0,0
METAL.BSE_IDX,01/07/2025,12:52:38,31754.17,0,0,0,0,0,0
METAL.BSE_IDX,01/07/2025,12:52:46,31745.88,0,0,0,0,0,0
METAL.BSE_IDX,01/07/2025,12:52:54,31747.23,0,0,0,0,0,0
METAL.BSE_IDX,01/07/2025,12:53:02,31752.41,0,0,0,0,0,0
METAL.BSE_IDX,01/07/2025,12:53:10,31743.34,0,0,0,0,0,0
METAL.BSE_IDX,01/07/2025,12:53:18,31744.78,0,0,0,0,0,0
METAL.BSE_IDX,01/07/2025,12:53:26,31743.93,0,0,0,0,0,0
METAL.BSE_IDX,01/07/2025,12:53:34,31743.56,0,0,0,0,0,0
METAL.BSE_IDX,01/07/2025,12:53:42,31743.52,0,0,0,0,0,0
METAL.BSE_IDX,01/07/2025,12:53:50,31736.51,0,0,0,0,0,0
METAL.BSE_IDX,01/07/2025,12:53:58,31735.78,0,0,0,0,0,0
METAL.BSE_IDX,01/07/2025,12:54:06,31735.56,0,0,0,0,0,0
METAL.BSE_IDX,01/07/2025,12:54:14,31735.38,0,0,0,0,0,0
METAL.BSE_IDX,01/07/2025,12:54:22,31731.84,0,0,0,0,0,0
METAL.BSE_IDX,01/07/2025,12:54:30,31731.19,0,0,0,0,0,0
METAL.BSE_IDX,01/07/2025,12:54:38,31730.86,0,0,0,0,0,0
METAL.BSE_IDX,01/07/2025,12:54:46,31730.86,0,0,0,0,0,0
METAL.BSE_IDX,01/07/2025,12:54:54,31731.3,0,0,0,0,0,0
METAL.BSE_IDX,01/07/2025,12:55:02,31729.24,0,0,0,0,0,0
METAL.BSE_IDX,01/07/2025,12:55:10,31728.07,0,0,0,0,0,0
METAL.BSE_IDX,01/07/2025,12:55:18,31729.38,0,0,0,0,0,0
METAL.BSE_IDX,01/07/2025,12:55:26,31729.71,0,0,0,0,0,0
METAL.BSE_IDX,01/07/2025,12:55:34,31725.77,0,0,0,0,0,0
METAL.BSE_IDX,01/07/2025,12:55:42,31725.25,0,0,0,0,0,0
METAL.BSE_IDX,01/07/2025,12:55:50,31724.85,0,0,0,0,0,0
METAL.BSE_IDX,01/07/2025,12:55:58,31727.5,0,0,0,0,0,0
METAL.BSE_IDX,01/07/2025,12:56:06,31723.83,0,0,0,0,0,0
METAL.BSE_IDX,01/07/2025,12:56:15,31724.62,0,0,0,0,0,0
METAL.BSE_IDX,01/07/2025,12:56:22,31728.4,0,0,0,0,0,0
METAL.BSE_IDX,01/07/2025,12:56:30,31722.16,0,0,0,0,0,0
METAL.BSE_IDX,01/07/2025,12:56:38,31715.78,0,0,0,0,0,0
METAL.BSE_IDX,01/07/2025,12:56:46,31720.78,0,0,0,0,0,0
METAL.BSE_IDX,01/07/2025,12:56:54,31722.54,0,0,0,0,0,0
METAL.BSE_IDX,01/07/2025,12:57:02,31720.71,0,0,0,0,0,0
METAL.BSE_IDX,01/07/2025,12:57:10,31720.47,0,0,0,0,0,0
METAL.BSE_IDX,01/07/2025,12:57:18,31718.5,0,0,0,0,0,0
METAL.BSE_IDX,01/07/2025,12:57:26,31718.5,0,0,0,0,0,0
METAL.BSE_IDX,01/07/2025,12:57:34,31714.27,0,0,0,0,0,0
METAL.BSE_IDX,01/07/2025,12:57:42,31708.98,0,0,0,0,0,0
METAL.BSE_IDX,01/07/2025,12:57:51,31708.84,0,0,0,0,0,0
METAL.BSE_IDX,01/07/2025,12:57:58,31711.31,0,0,0,0,0,0
METAL.BSE_IDX,01/07/2025,12:58:06,31707.59,0,0,0,0,0,0
METAL.BSE_IDX,01/07/2025,12:58:14,31705.39,0,0,0,0,0,0
METAL.BSE_IDX,01/07/2025,12:58:22,31701.45,0,0,0,0,0,0
