Ticker,Date,Time,LTP,BuyPrice,BuyQty,SellPrice,SellQty,LTQ,OpenInterest
MID150.BSE_IDX,01/07/2025,09:00:07,16394.98,0,0,0,0,0,0
MID150.BSE_IDX,01/07/2025,09:00:15,16351.01,0,0,0,0,0,0
MID150.BSE_IDX,01/07/2025,09:00:23,16349.17,0,0,0,0,0,0
MID150.BSE_IDX,01/07/2025,09:00:31,16350.02,0,0,0,0,0,0
MID150.BSE_IDX,01/07/2025,09:00:39,16350.8,0,0,0,0,0,0
MID150.BSE_IDX,01/07/2025,09:00:47,16333.95,0,0,0,0,0,0
MID150.BSE_IDX,01/07/2025,09:00:55,16333.25,0,0,0,0,0,0
MID150.BSE_IDX,01/07/2025,09:01:03,16335.29,0,0,0,0,0,0
MID150.BSE_IDX,01/07/2025,09:01:11,16342.99,0,0,0,0,0,0
MID150.BSE_IDX,01/07/2025,09:01:19,16350.17,0,0,0,0,0,0
MID150.BSE_IDX,01/07/2025,09:01:27,16348.44,0,0,0,0,0,0
MID150.BSE_IDX,01/07/2025,09:01:35,16339.07,0,0,0,0,0,0
MID150.BSE_IDX,01/07/2025,09:01:43,16346.44,0,0,0,0,0,0
MID150.BSE_IDX,01/07/2025,09:01:51,16343.41,0,0,0,0,0,0
MID150.BSE_IDX,01/07/2025,09:01:59,16342.7,0,0,0,0,0,0
MID150.BSE_IDX,01/07/2025,09:02:07,16342.79,0,0,0,0,0,0
MID150.BSE_IDX,01/07/2025,09:02:15,16342.13,0,0,0,0,0,0
MID150.BSE_IDX,01/07/2025,09:02:23,16336.07,0,0,0,0,0,0
MID150.BSE_IDX,01/07/2025,09:02:31,16344.93,0,0,0,0,0,0
MID150.BSE_IDX,01/07/2025,09:02:39,16343.5,0,0,0,0,0,0
MID150.BSE_IDX,01/07/2025,09:02:47,16340.03,0,0,0,0,0,0
MID150.BSE_IDX,01/07/2025,09:02:55,16340.57,0,0,0,0,0,0
MID150.BSE_IDX,01/07/2025,09:03:03,16340.19,0,0,0,0,0,0
MID150.BSE_IDX,01/07/2025,09:03:11,16341.29,0,0,0,0,0,0
MID150.BSE_IDX,01/07/2025,09:03:19,16343.16,0,0,0,0,0,0
MID150.BSE_IDX,01/07/2025,09:03:27,16343.06,0,0,0,0,0,0
MID150.BSE_IDX,01/07/2025,09:03:35,16342.41,0,0,0,0,0,0
MID150.BSE_IDX,01/07/2025,09:03:43,16349.55,0,0,0,0,0,0
MID150.BSE_IDX,01/07/2025,09:03:51,16336.97,0,0,0,0,0,0
MID150.BSE_IDX,01/07/2025,09:03:59,16342.81,0,0,0,0,0,0
MID150.BSE_IDX,01/07/2025,09:04:07,16341.66,0,0,0,0,0,0
MID150.BSE_IDX,01/07/2025,09:04:15,16341.59,0,0,0,0,0,0
MID150.BSE_IDX,01/07/2025,09:04:23,16341.47,0,0,0,0,0,0
MID150.BSE_IDX,01/07/2025,09:04:31,16346.74,0,0,0,0,0,0
MID150.BSE_IDX,01/07/2025,09:04:39,16348.7,0,0,0,0,0,0
MID150.BSE_IDX,01/07/2025,09:04:47,16349.03,0,0,0,0,0,0
MID150.BSE_IDX,01/07/2025,09:04:55,16349.07,0,0,0,0,0,0
MID150.BSE_IDX,01/07/2025,09:05:03,16351.08,0,0,0,0,0,0
MID150.BSE_IDX,01/07/2025,09:05:11,16352.2,0,0,0,0,0,0
MID150.BSE_IDX,01/07/2025,09:05:19,16354.08,0,0,0,0,0,0
MID150.BSE_IDX,01/07/2025,09:05:27,16346.9,0,0,0,0,0,0
MID150.BSE_IDX,01/07/2025,09:05:35,16347.57,0,0,0,0,0,0
MID150.BSE_IDX,01/07/2025,09:05:43,16346.96,0,0,0,0,0,0
MID150.BSE_IDX,01/07/2025,09:05:51,16348.24,0,0,0,0,0,0
MID150.BSE_IDX,01/07/2025,09:05:59,16352.62,0,0,0,0,0,0
MID150.BSE_IDX,01/07/2025,09:06:07,16348.33,0,0,0,0,0,0
MID150.BSE_IDX,01/07/2025,09:06:15,16346.88,0,0,0,0,0,0
MID150.BSE_IDX,01/07/2025,09:06:23,16348.32,0,0,0,0,0,0
MID150.BSE_IDX,01/07/2025,09:06:31,16351.38,0,0,0,0,0,0
MID150.BSE_IDX,01/07/2025,09:06:39,16357.4,0,0,0,0,0,0
MID150.BSE_IDX,01/07/2025,09:06:47,16346.31,0,0,0,0,0,0
MID150.BSE_IDX,01/07/2025,09:06:55,16349.43,0,0,0,0,0,0
MID150.BSE_IDX,01/07/2025,09:07:04,16358.44,0,0,0,0,0,0
MID150.BSE_IDX,01/07/2025,09:07:11,16358.44,0,0,0,0,0,0
MID150.BSE_IDX,01/07/2025,09:07:19,16358.44,0,0,0,0,0,0
MID150.BSE_IDX,01/07/2025,09:07:27,16358.44,0,0,0,0,0,0
MID150.BSE_IDX,01/07/2025,09:07:35,16358.44,0,0,0,0,0,0
MID150.BSE_IDX,01/07/2025,09:07:43,16358.44,0,0,0,0,0,0
MID150.BSE_IDX,01/07/2025,09:07:51,16358.44,0,0,0,0,0,0
MID150.BSE_IDX,01/07/2025,09:07:59,16358.44,0,0,0,0,0,0
MID150.BSE_IDX,01/07/2025,09:08:07,16358.44,0,0,0,0,0,0
MID150.BSE_IDX,01/07/2025,09:08:15,16358.44,0,0,0,0,0,0
MID150.BSE_IDX,01/07/2025,09:08:23,16358.44,0,0,0,0,0,0
MID150.BSE_IDX,01/07/2025,09:08:31,16358.44,0,0,0,0,0,0
MID150.BSE_IDX,01/07/2025,09:08:39,16358.44,0,0,0,0,0,0
MID150.BSE_IDX,01/07/2025,09:08:47,16358.44,0,0,0,0,0,0
MID150.BSE_IDX,01/07/2025,09:08:55,16358.44,0,0,0,0,0,0
MID150.BSE_IDX,01/07/2025,09:09:03,16355.95,0,0,0,0,0,0
MID150.BSE_IDX,01/07/2025,09:09:11,16355.95,0,0,0,0,0,0
MID150.BSE_IDX,01/07/2025,09:09:19,16355.95,0,0,0,0,0,0
MID150.BSE_IDX,01/07/2025,09:09:27,16355.95,0,0,0,0,0,0
MID150.BSE_IDX,01/07/2025,09:09:35,16355.95,0,0,0,0,0,0
MID150.BSE_IDX,01/07/2025,09:09:43,16355.95,0,0,0,0,0,0
MID150.BSE_IDX,01/07/2025,09:09:51,16355.95,0,0,0,0,0,0
MID150.BSE_IDX,01/07/2025,09:09:59,16355.95,0,0,0,0,0,0
MID150.BSE_IDX,01/07/2025,09:10:07,16355.95,0,0,0,0,0,0
MID150.BSE_IDX,01/07/2025,09:10:15,16355.95,0,0,0,0,0,0
MID150.BSE_IDX,01/07/2025,09:10:23,16355.95,0,0,0,0,0,0
MID150.BSE_IDX,01/07/2025,09:10:31,16355.95,0,0,0,0,0,0
MID150.BSE_IDX,01/07/2025,09:10:39,16355.95,0,0,0,0,0,0
MID150.BSE_IDX,01/07/2025,09:10:47,16355.95,0,0,0,0,0,0
MID150.BSE_IDX,01/07/2025,09:10:55,16355.95,0,0,0,0,0,0
MID150.BSE_IDX,01/07/2025,09:11:03,16355.95,0,0,0,0,0,0
MID150.BSE_IDX,01/07/2025,09:11:11,16355.95,0,0,0,0,0,0
MID150.BSE_IDX,01/07/2025,09:11:19,16355.95,0,0,0,0,0,0
MID150.BSE_IDX,01/07/2025,09:11:27,16355.95,0,0,0,0,0,0
MID150.BSE_IDX,01/07/2025,09:11:35,16355.95,0,0,0,0,0,0
MID150.BSE_IDX,01/07/2025,09:11:43,16355.95,0,0,0,0,0,0
MID150.BSE_IDX,01/07/2025,09:11:51,16355.95,0,0,0,0,0,0
MID150.BSE_IDX,01/07/2025,09:11:59,16355.95,0,0,0,0,0,0
MID150.BSE_IDX,01/07/2025,09:12:07,16355.95,0,0,0,0,0,0
MID150.BSE_IDX,01/07/2025,09:12:16,16355.95,0,0,0,0,0,0
MID150.BSE_IDX,01/07/2025,09:12:23,16355.95,0,0,0,0,0,0
MID150.BSE_IDX,01/07/2025,09:12:31,16355.95,0,0,0,0,0,0
MID150.BSE_IDX,01/07/2025,09:12:39,16355.95,0,0,0,0,0,0
MID150.BSE_IDX,01/07/2025,09:12:47,16355.95,0,0,0,0,0,0
MID150.BSE_IDX,01/07/2025,09:12:55,16355.95,0,0,0,0,0,0
MID150.BSE_IDX,01/07/2025,09:13:03,16355.95,0,0,0,0,0,0
MID150.BSE_IDX,01/07/2025,09:13:11,16355.95,0,0,0,0,0,0
MID150.BSE_IDX,01/07/2025,09:13:19,16355.95,0,0,0,0,0,0
MID150.BSE_IDX,01/07/2025,09:13:27,16355.95,0,0,0,0,0,0
MID150.BSE_IDX,01/07/2025,09:13:35,16355.95,0,0,0,0,0,0
MID150.BSE_IDX,01/07/2025,09:13:43,16355.95,0,0,0,0,0,0
MID150.BSE_IDX,01/07/2025,09:13:51,16355.95,0,0,0,0,0,0
MID150.BSE_IDX,01/07/2025,09:13:59,16355.95,0,0,0,0,0,0
MID150.BSE_IDX,01/07/2025,09:14:07,16355.95,0,0,0,0,0,0
MID150.BSE_IDX,01/07/2025,09:14:15,16355.95,0,0,0,0,0,0
MID150.BSE_IDX,01/07/2025,09:14:23,16355.95,0,0,0,0,0,0
MID150.BSE_IDX,01/07/2025,09:14:31,16355.95,0,0,0,0,0,0
MID150.BSE_IDX,01/07/2025,09:14:39,16355.95,0,0,0,0,0,0
MID150.BSE_IDX,01/07/2025,09:14:47,16355.95,0,0,0,0,0,0
MID150.BSE_IDX,01/07/2025,09:14:55,16355.95,0,0,0,0,0,0
MID150.BSE_IDX,01/07/2025,09:15:04,16354.6,0,0,0,0,0,0
MID150.BSE_IDX,01/07/2025,09:15:11,16349.66,0,0,0,0,0,0
MID150.BSE_IDX,01/07/2025,09:15:19,16346.25,0,0,0,0,0,0
MID150.BSE_IDX,01/07/2025,09:15:27,16335.9,0,0,0,0,0,0
MID150.BSE_IDX,01/07/2025,09:15:35,16339.65,0,0,0,0,0,0
MID150.BSE_IDX,01/07/2025,09:15:43,16339.42,0,0,0,0,0,0
MID150.BSE_IDX,01/07/2025,09:15:51,16339.6,0,0,0,0,0,0
MID150.BSE_IDX,01/07/2025,09:15:59,16336.44,0,0,0,0,0,0
MID150.BSE_IDX,01/07/2025,09:16:07,16337.44,0,0,0,0,0,0
MID150.BSE_IDX,01/07/2025,09:16:15,16340.12,0,0,0,0,0,0
MID150.BSE_IDX,01/07/2025,09:16:24,16341.35,0,0,0,0,0,0
MID150.BSE_IDX,01/07/2025,09:16:31,16343.96,0,0,0,0,0,0
MID150.BSE_IDX,01/07/2025,09:16:39,16342.89,0,0,0,0,0,0
MID150.BSE_IDX,01/07/2025,09:16:48,16346.15,0,0,0,0,0,0
MID150.BSE_IDX,01/07/2025,09:16:55,16346.68,0,0,0,0,0,0
MID150.BSE_IDX,01/07/2025,09:17:03,16343.89,0,0,0,0,0,0
MID150.BSE_IDX,01/07/2025,09:17:12,16342.17,0,0,0,0,0,0
MID150.BSE_IDX,01/07/2025,09:17:19,16342.11,0,0,0,0,0,0
MID150.BSE_IDX,01/07/2025,09:17:27,16341.33,0,0,0,0,0,0
MID150.BSE_IDX,01/07/2025,09:17:35,16342.2,0,0,0,0,0,0
MID150.BSE_IDX,01/07/2025,09:17:44,16344.28,0,0,0,0,0,0
MID150.BSE_IDX,01/07/2025,09:17:51,16342.62,0,0,0,0,0,0
MID150.BSE_IDX,01/07/2025,09:17:59,16345.14,0,0,0,0,0,0
MID150.BSE_IDX,01/07/2025,09:18:07,16345.64,0,0,0,0,0,0
MID150.BSE_IDX,01/07/2025,09:18:15,16341.62,0,0,0,0,0,0
MID150.BSE_IDX,01/07/2025,09:18:23,16341.85,0,0,0,0,0,0
MID150.BSE_IDX,01/07/2025,09:18:31,16339.59,0,0,0,0,0,0
MID150.BSE_IDX,01/07/2025,09:18:39,16339.83,0,0,0,0,0,0
MID150.BSE_IDX,01/07/2025,09:18:47,16338.27,0,0,0,0,0,0
MID150.BSE_IDX,01/07/2025,09:18:56,16339.9,0,0,0,0,0,0
MID150.BSE_IDX,01/07/2025,09:19:03,16338.64,0,0,0,0,0,0
MID150.BSE_IDX,01/07/2025,09:19:11,16337.73,0,0,0,0,0,0
MID150.BSE_IDX,01/07/2025,09:19:19,16338.72,0,0,0,0,0,0
MID150.BSE_IDX,01/07/2025,09:19:28,16338.14,0,0,0,0,0,0
MID150.BSE_IDX,01/07/2025,09:19:35,16338.11,0,0,0,0,0,0
MID150.BSE_IDX,01/07/2025,09:19:43,16335.99,0,0,0,0,0,0
MID150.BSE_IDX,01/07/2025,09:19:52,16334.39,0,0,0,0,0,0
MID150.BSE_IDX,01/07/2025,09:19:59,16333.99,0,0,0,0,0,0
MID150.BSE_IDX,01/07/2025,09:20:07,16333.86,0,0,0,0,0,0
MID150.BSE_IDX,01/07/2025,09:20:15,16333.37,0,0,0,0,0,0
MID150.BSE_IDX,01/07/2025,09:20:24,16329.72,0,0,0,0,0,0
MID150.BSE_IDX,01/07/2025,09:20:31,16329.67,0,0,0,0,0,0
MID150.BSE_IDX,01/07/2025,09:20:39,16327.32,0,0,0,0,0,0
MID150.BSE_IDX,01/07/2025,09:20:47,16326.83,0,0,0,0,0,0
MID150.BSE_IDX,01/07/2025,09:20:55,16324.89,0,0,0,0,0,0
MID150.BSE_IDX,01/07/2025,09:21:03,16325.91,0,0,0,0,0,0
MID150.BSE_IDX,01/07/2025,09:21:11,16325.75,0,0,0,0,0,0
MID150.BSE_IDX,01/07/2025,09:21:19,16331.13,0,0,0,0,0,0
MID150.BSE_IDX,01/07/2025,09:21:27,16330.99,0,0,0,0,0,0
MID150.BSE_IDX,01/07/2025,09:21:36,16332.33,0,0,0,0,0,0
MID150.BSE_IDX,01/07/2025,09:21:43,16331.66,0,0,0,0,0,0
MID150.BSE_IDX,01/07/2025,09:21:51,16331.93,0,0,0,0,0,0
MID150.BSE_IDX,01/07/2025,09:21:59,16332.55,0,0,0,0,0,0
MID150.BSE_IDX,01/07/2025,09:22:07,16333.72,0,0,0,0,0,0
MID150.BSE_IDX,01/07/2025,09:22:15,16334.29,0,0,0,0,0,0
MID150.BSE_IDX,01/07/2025,09:22:23,16335.02,0,0,0,0,0,0
MID150.BSE_IDX,01/07/2025,09:22:31,16334.69,0,0,0,0,0,0
MID150.BSE_IDX,01/07/2025,09:22:39,16335.53,0,0,0,0,0,0
MID150.BSE_IDX,01/07/2025,09:22:47,16335.87,0,0,0,0,0,0
MID150.BSE_IDX,01/07/2025,09:22:55,16335.66,0,0,0,0,0,0
MID150.BSE_IDX,01/07/2025,09:23:03,16337.39,0,0,0,0,0,0
MID150.BSE_IDX,01/07/2025,09:23:11,16336.56,0,0,0,0,0,0
MID150.BSE_IDX,01/07/2025,09:23:19,16337.27,0,0,0,0,0,0
MID150.BSE_IDX,01/07/2025,09:23:27,16338.41,0,0,0,0,0,0
MID150.BSE_IDX,01/07/2025,09:23:35,16337.32,0,0,0,0,0,0
MID150.BSE_IDX,01/07/2025,09:23:44,16337.94,0,0,0,0,0,0
MID150.BSE_IDX,01/07/2025,09:23:51,16337.07,0,0,0,0,0,0
MID150.BSE_IDX,01/07/2025,09:23:59,16335.86,0,0,0,0,0,0
MID150.BSE_IDX,01/07/2025,09:24:08,16336.17,0,0,0,0,0,0
MID150.BSE_IDX,01/07/2025,09:24:15,16336.37,0,0,0,0,0,0
MID150.BSE_IDX,01/07/2025,09:24:23,16335.23,0,0,0,0,0,0
MID150.BSE_IDX,01/07/2025,09:24:32,16334.12,0,0,0,0,0,0
MID150.BSE_IDX,01/07/2025,09:24:39,16335.62,0,0,0,0,0,0
MID150.BSE_IDX,01/07/2025,09:24:48,16335.08,0,0,0,0,0,0
MID150.BSE_IDX,01/07/2025,09:24:57,16335.66,0,0,0,0,0,0
MID150.BSE_IDX,01/07/2025,09:25:03,16336.41,0,0,0,0,0,0
MID150.BSE_IDX,01/07/2025,09:25:12,16334.6,0,0,0,0,0,0
MID150.BSE_IDX,01/07/2025,09:25:19,16334,0,0,0,0,0,0
MID150.BSE_IDX,01/07/2025,09:25:29,16330.92,0,0,0,0,0,0
MID150.BSE_IDX,01/07/2025,09:25:35,16331.12,0,0,0,0,0,0
MID150.BSE_IDX,01/07/2025,09:25:43,16330.35,0,0,0,0,0,0
MID150.BSE_IDX,01/07/2025,09:25:51,16328.33,0,0,0,0,0,0
MID150.BSE_IDX,01/07/2025,09:25:59,16327.87,0,0,0,0,0,0
MID150.BSE_IDX,01/07/2025,09:26:08,16327.45,0,0,0,0,0,0
MID150.BSE_IDX,01/07/2025,09:26:15,16328.27,0,0,0,0,0,0
MID150.BSE_IDX,01/07/2025,09:26:24,16326.94,0,0,0,0,0,0
MID150.BSE_IDX,01/07/2025,09:26:31,16326.71,0,0,0,0,0,0
MID150.BSE_IDX,01/07/2025,09:26:39,16327.17,0,0,0,0,0,0
MID150.BSE_IDX,01/07/2025,09:26:48,16327.85,0,0,0,0,0,0
MID150.BSE_IDX,01/07/2025,09:26:55,16328.51,0,0,0,0,0,0
MID150.BSE_IDX,01/07/2025,09:27:04,16329.57,0,0,0,0,0,0
MID150.BSE_IDX,01/07/2025,09:27:12,16327.69,0,0,0,0,0,0
MID150.BSE_IDX,01/07/2025,09:27:19,16327.33,0,0,0,0,0,0
MID150.BSE_IDX,01/07/2025,09:27:28,16328.49,0,0,0,0,0,0
MID150.BSE_IDX,01/07/2025,09:27:36,16327.73,0,0,0,0,0,0
MID150.BSE_IDX,01/07/2025,09:27:44,16325.31,0,0,0,0,0,0
MID150.BSE_IDX,01/07/2025,09:27:51,16326.47,0,0,0,0,0,0
MID150.BSE_IDX,01/07/2025,09:28:00,16326.34,0,0,0,0,0,0
MID150.BSE_IDX,01/07/2025,09:28:08,16325.37,0,0,0,0,0,0
MID150.BSE_IDX,01/07/2025,09:28:16,16319.56,0,0,0,0,0,0
MID150.BSE_IDX,01/07/2025,09:28:24,16318.07,0,0,0,0,0,0
MID150.BSE_IDX,01/07/2025,09:28:32,16318.55,0,0,0,0,0,0
MID150.BSE_IDX,01/07/2025,09:28:40,16318.56,0,0,0,0,0,0
MID150.BSE_IDX,01/07/2025,09:28:48,16319.85,0,0,0,0,0,0
MID150.BSE_IDX,01/07/2025,09:28:56,16320.48,0,0,0,0,0,0
MID150.BSE_IDX,01/07/2025,09:29:04,16320.17,0,0,0,0,0,0
MID150.BSE_IDX,01/07/2025,09:29:12,16318.79,0,0,0,0,0,0
MID150.BSE_IDX,01/07/2025,09:29:20,16316.48,0,0,0,0,0,0
MID150.BSE_IDX,01/07/2025,09:29:28,16316.17,0,0,0,0,0,0
MID150.BSE_IDX,01/07/2025,09:29:36,16315.74,0,0,0,0,0,0
MID150.BSE_IDX,01/07/2025,09:29:44,16315.96,0,0,0,0,0,0
MID150.BSE_IDX,01/07/2025,09:29:52,16316.22,0,0,0,0,0,0
MID150.BSE_IDX,01/07/2025,09:30:00,16317.18,0,0,0,0,0,0
MID150.BSE_IDX,01/07/2025,09:30:08,16319.56,0,0,0,0,0,0
MID150.BSE_IDX,01/07/2025,09:30:16,16321.73,0,0,0,0,0,0
MID150.BSE_IDX,01/07/2025,09:30:24,16323.43,0,0,0,0,0,0
MID150.BSE_IDX,01/07/2025,09:30:32,16324.33,0,0,0,0,0,0
MID150.BSE_IDX,01/07/2025,09:30:40,16324.69,0,0,0,0,0,0
MID150.BSE_IDX,01/07/2025,09:30:48,16325.37,0,0,0,0,0,0
MID150.BSE_IDX,01/07/2025,09:30:56,16321.49,0,0,0,0,0,0
MID150.BSE_IDX,01/07/2025,09:31:04,16320.64,0,0,0,0,0,0
MID150.BSE_IDX,01/07/2025,09:31:12,16318.62,0,0,0,0,0,0
MID150.BSE_IDX,01/07/2025,09:31:20,16316.79,0,0,0,0,0,0
MID150.BSE_IDX,01/07/2025,09:31:28,16316.09,0,0,0,0,0,0
MID150.BSE_IDX,01/07/2025,09:31:36,16315.95,0,0,0,0,0,0
MID150.BSE_IDX,01/07/2025,09:31:44,16314.6,0,0,0,0,0,0
MID150.BSE_IDX,01/07/2025,09:31:52,16315.12,0,0,0,0,0,0
MID150.BSE_IDX,01/07/2025,09:32:00,16315.45,0,0,0,0,0,0
MID150.BSE_IDX,01/07/2025,09:32:08,16315.16,0,0,0,0,0,0
MID150.BSE_IDX,01/07/2025,09:32:16,16314.49,0,0,0,0,0,0
MID150.BSE_IDX,01/07/2025,09:32:24,16315.32,0,0,0,0,0,0
MID150.BSE_IDX,01/07/2025,09:32:32,16316.08,0,0,0,0,0,0
MID150.BSE_IDX,01/07/2025,09:32:40,16316.89,0,0,0,0,0,0
MID150.BSE_IDX,01/07/2025,09:32:48,16318.53,0,0,0,0,0,0
MID150.BSE_IDX,01/07/2025,09:32:56,16320.52,0,0,0,0,0,0
MID150.BSE_IDX,01/07/2025,09:33:04,16321.52,0,0,0,0,0,0
MID150.BSE_IDX,01/07/2025,09:33:12,16322.43,0,0,0,0,0,0
MID150.BSE_IDX,01/07/2025,09:33:20,16323.31,0,0,0,0,0,0
MID150.BSE_IDX,01/07/2025,09:33:28,16324.12,0,0,0,0,0,0
MID150.BSE_IDX,01/07/2025,09:33:36,16323.62,0,0,0,0,0,0
MID150.BSE_IDX,01/07/2025,09:33:44,16321.93,0,0,0,0,0,0
MID150.BSE_IDX,01/07/2025,09:33:52,16322.34,0,0,0,0,0,0
MID150.BSE_IDX,01/07/2025,09:34:00,16322.18,0,0,0,0,0,0
MID150.BSE_IDX,01/07/2025,09:34:08,16322.73,0,0,0,0,0,0
MID150.BSE_IDX,01/07/2025,09:34:16,16320.73,0,0,0,0,0,0
MID150.BSE_IDX,01/07/2025,09:34:24,16321.53,0,0,0,0,0,0
MID150.BSE_IDX,01/07/2025,09:34:32,16324.37,0,0,0,0,0,0
MID150.BSE_IDX,01/07/2025,09:34:40,16325.88,0,0,0,0,0,0
MID150.BSE_IDX,01/07/2025,09:34:48,16326.53,0,0,0,0,0,0
MID150.BSE_IDX,01/07/2025,09:34:56,16327.51,0,0,0,0,0,0
MID150.BSE_IDX,01/07/2025,09:35:05,16327.03,0,0,0,0,0,0
MID150.BSE_IDX,01/07/2025,09:35:12,16325.83,0,0,0,0,0,0
MID150.BSE_IDX,01/07/2025,09:35:20,16325.38,0,0,0,0,0,0
MID150.BSE_IDX,01/07/2025,09:35:28,16325.25,0,0,0,0,0,0
MID150.BSE_IDX,01/07/2025,09:35:36,16326.01,0,0,0,0,0,0
MID150.BSE_IDX,01/07/2025,09:35:44,16326.27,0,0,0,0,0,0
MID150.BSE_IDX,01/07/2025,09:35:52,16326.17,0,0,0,0,0,0
MID150.BSE_IDX,01/07/2025,09:36:00,16326.73,0,0,0,0,0,0
MID150.BSE_IDX,01/07/2025,09:36:08,16324.74,0,0,0,0,0,0
MID150.BSE_IDX,01/07/2025,09:36:16,16324.52,0,0,0,0,0,0
MID150.BSE_IDX,01/07/2025,09:36:24,16322.88,0,0,0,0,0,0
MID150.BSE_IDX,01/07/2025,09:36:33,16322.52,0,0,0,0,0,0
MID150.BSE_IDX,01/07/2025,09:36:40,16323.13,0,0,0,0,0,0
MID150.BSE_IDX,01/07/2025,09:36:48,16323.2,0,0,0,0,0,0
MID150.BSE_IDX,01/07/2025,09:36:56,16323.69,0,0,0,0,0,0
MID150.BSE_IDX,01/07/2025,09:37:04,16324.18,0,0,0,0,0,0
MID150.BSE_IDX,01/07/2025,09:37:12,16324.22,0,0,0,0,0,0
MID150.BSE_IDX,01/07/2025,09:37:20,16324.76,0,0,0,0,0,0
MID150.BSE_IDX,01/07/2025,09:37:28,16325.52,0,0,0,0,0,0
MID150.BSE_IDX,01/07/2025,09:37:36,16325.31,0,0,0,0,0,0
MID150.BSE_IDX,01/07/2025,09:37:44,16323.67,0,0,0,0,0,0
MID150.BSE_IDX,01/07/2025,09:37:52,16322.26,0,0,0,0,0,0
MID150.BSE_IDX,01/07/2025,09:38:00,16322.93,0,0,0,0,0,0
MID150.BSE_IDX,01/07/2025,09:38:08,16321.45,0,0,0,0,0,0
MID150.BSE_IDX,01/07/2025,09:38:16,16319.76,0,0,0,0,0,0
MID150.BSE_IDX,01/07/2025,09:38:24,16320.1,0,0,0,0,0,0
MID150.BSE_IDX,01/07/2025,09:38:32,16318.01,0,0,0,0,0,0
MID150.BSE_IDX,01/07/2025,09:38:40,16313.34,0,0,0,0,0,0
MID150.BSE_IDX,01/07/2025,09:38:48,16314.48,0,0,0,0,0,0
MID150.BSE_IDX,01/07/2025,09:38:56,16312.43,0,0,0,0,0,0
MID150.BSE_IDX,01/07/2025,09:39:04,16311.56,0,0,0,0,0,0
MID150.BSE_IDX,01/07/2025,09:39:12,16312.22,0,0,0,0,0,0
MID150.BSE_IDX,01/07/2025,09:39:20,16313.93,0,0,0,0,0,0
MID150.BSE_IDX,01/07/2025,09:39:28,16314.97,0,0,0,0,0,0
MID150.BSE_IDX,01/07/2025,09:39:36,16314.14,0,0,0,0,0,0
MID150.BSE_IDX,01/07/2025,09:39:44,16314.42,0,0,0,0,0,0
MID150.BSE_IDX,01/07/2025,09:39:52,16315.04,0,0,0,0,0,0
MID150.BSE_IDX,01/07/2025,09:40:00,16314.55,0,0,0,0,0,0
MID150.BSE_IDX,01/07/2025,09:40:08,16315.43,0,0,0,0,0,0
MID150.BSE_IDX,01/07/2025,09:40:16,16315.69,0,0,0,0,0,0
MID150.BSE_IDX,01/07/2025,09:40:24,16315.36,0,0,0,0,0,0
MID150.BSE_IDX,01/07/2025,09:40:32,16314.35,0,0,0,0,0,0
MID150.BSE_IDX,01/07/2025,09:40:40,16314.22,0,0,0,0,0,0
MID150.BSE_IDX,01/07/2025,09:40:48,16314.3,0,0,0,0,0,0
MID150.BSE_IDX,01/07/2025,09:40:56,16311.05,0,0,0,0,0,0
MID150.BSE_IDX,01/07/2025,09:41:04,16308.24,0,0,0,0,0,0
MID150.BSE_IDX,01/07/2025,09:41:12,16309.04,0,0,0,0,0,0
MID150.BSE_IDX,01/07/2025,09:41:20,16310.67,0,0,0,0,0,0
MID150.BSE_IDX,01/07/2025,09:41:28,16311.5,0,0,0,0,0,0
MID150.BSE_IDX,01/07/2025,09:41:36,16312.33,0,0,0,0,0,0
MID150.BSE_IDX,01/07/2025,09:41:44,16312.27,0,0,0,0,0,0
MID150.BSE_IDX,01/07/2025,09:41:52,16312.16,0,0,0,0,0,0
MID150.BSE_IDX,01/07/2025,09:42:00,16312.22,0,0,0,0,0,0
MID150.BSE_IDX,01/07/2025,09:42:08,16311.84,0,0,0,0,0,0
MID150.BSE_IDX,01/07/2025,09:42:16,16310.83,0,0,0,0,0,0
MID150.BSE_IDX,01/07/2025,09:42:24,16309.35,0,0,0,0,0,0
MID150.BSE_IDX,01/07/2025,09:42:32,16309.78,0,0,0,0,0,0
MID150.BSE_IDX,01/07/2025,09:42:40,16307.8,0,0,0,0,0,0
MID150.BSE_IDX,01/07/2025,09:42:48,16310.06,0,0,0,0,0,0
MID150.BSE_IDX,01/07/2025,09:42:56,16311.06,0,0,0,0,0,0
MID150.BSE_IDX,01/07/2025,09:43:04,16311.21,0,0,0,0,0,0
MID150.BSE_IDX,01/07/2025,09:43:12,16310.81,0,0,0,0,0,0
MID150.BSE_IDX,01/07/2025,09:43:20,16310.74,0,0,0,0,0,0
MID150.BSE_IDX,01/07/2025,09:43:28,16310.5,0,0,0,0,0,0
MID150.BSE_IDX,01/07/2025,09:43:36,16311.61,0,0,0,0,0,0
MID150.BSE_IDX,01/07/2025,09:43:44,16311.23,0,0,0,0,0,0
MID150.BSE_IDX,01/07/2025,09:43:53,16311.72,0,0,0,0,0,0
MID150.BSE_IDX,01/07/2025,09:44:00,16311.87,0,0,0,0,0,0
MID150.BSE_IDX,01/07/2025,09:44:08,16311.6,0,0,0,0,0,0
MID150.BSE_IDX,01/07/2025,09:44:16,16310.7,0,0,0,0,0,0
MID150.BSE_IDX,01/07/2025,09:44:24,16309.74,0,0,0,0,0,0
MID150.BSE_IDX,01/07/2025,09:44:32,16311.07,0,0,0,0,0,0
MID150.BSE_IDX,01/07/2025,09:44:40,16310.77,0,0,0,0,0,0
MID150.BSE_IDX,01/07/2025,09:44:48,16308.84,0,0,0,0,0,0
MID150.BSE_IDX,01/07/2025,09:44:56,16306.85,0,0,0,0,0,0
MID150.BSE_IDX,01/07/2025,09:45:05,16305.71,0,0,0,0,0,0
MID150.BSE_IDX,01/07/2025,09:45:12,16302.04,0,0,0,0,0,0
MID150.BSE_IDX,01/07/2025,09:45:20,16300.48,0,0,0,0,0,0
MID150.BSE_IDX,01/07/2025,09:45:28,16300.66,0,0,0,0,0,0
MID150.BSE_IDX,01/07/2025,09:45:36,16299.63,0,0,0,0,0,0
MID150.BSE_IDX,01/07/2025,09:45:44,16298.39,0,0,0,0,0,0
MID150.BSE_IDX,01/07/2025,09:45:52,16297.62,0,0,0,0,0,0
MID150.BSE_IDX,01/07/2025,09:46:01,16297.96,0,0,0,0,0,0
MID150.BSE_IDX,01/07/2025,09:46:08,16296.62,0,0,0,0,0,0
MID150.BSE_IDX,01/07/2025,09:46:16,16297.35,0,0,0,0,0,0
MID150.BSE_IDX,01/07/2025,09:46:24,16298.22,0,0,0,0,0,0
MID150.BSE_IDX,01/07/2025,09:46:32,16297.87,0,0,0,0,0,0
MID150.BSE_IDX,01/07/2025,09:46:40,16297.93,0,0,0,0,0,0
MID150.BSE_IDX,01/07/2025,09:46:48,16298.15,0,0,0,0,0,0
MID150.BSE_IDX,01/07/2025,09:46:56,16297.88,0,0,0,0,0,0
MID150.BSE_IDX,01/07/2025,09:47:04,16297.77,0,0,0,0,0,0
MID150.BSE_IDX,01/07/2025,09:47:12,16298.6,0,0,0,0,0,0
MID150.BSE_IDX,01/07/2025,09:47:20,16298.43,0,0,0,0,0,0
MID150.BSE_IDX,01/07/2025,09:47:28,16299.05,0,0,0,0,0,0
MID150.BSE_IDX,01/07/2025,09:47:36,16299.29,0,0,0,0,0,0
MID150.BSE_IDX,01/07/2025,09:47:44,16299.48,0,0,0,0,0,0
MID150.BSE_IDX,01/07/2025,09:47:52,16300.2,0,0,0,0,0,0
MID150.BSE_IDX,01/07/2025,09:48:00,16301.44,0,0,0,0,0,0
MID150.BSE_IDX,01/07/2025,09:48:08,16302.26,0,0,0,0,0,0
MID150.BSE_IDX,01/07/2025,09:48:16,16305.41,0,0,0,0,0,0
MID150.BSE_IDX,01/07/2025,09:48:24,16308.34,0,0,0,0,0,0
MID150.BSE_IDX,01/07/2025,09:48:32,16308.44,0,0,0,0,0,0
MID150.BSE_IDX,01/07/2025,09:48:40,16308.48,0,0,0,0,0,0
MID150.BSE_IDX,01/07/2025,09:48:48,16310,0,0,0,0,0,0
MID150.BSE_IDX,01/07/2025,09:48:56,16309.34,0,0,0,0,0,0
MID150.BSE_IDX,01/07/2025,09:49:04,16310.35,0,0,0,0,0,0
MID150.BSE_IDX,01/07/2025,09:49:12,16310.67,0,0,0,0,0,0
MID150.BSE_IDX,01/07/2025,09:49:20,16310.53,0,0,0,0,0,0
MID150.BSE_IDX,01/07/2025,09:49:28,16310.22,0,0,0,0,0,0
MID150.BSE_IDX,01/07/2025,09:49:36,16310.3,0,0,0,0,0,0
MID150.BSE_IDX,01/07/2025,09:49:44,16311.54,0,0,0,0,0,0
MID150.BSE_IDX,01/07/2025,09:49:52,16311.37,0,0,0,0,0,0
MID150.BSE_IDX,01/07/2025,09:50:00,16311.12,0,0,0,0,0,0
MID150.BSE_IDX,01/07/2025,09:50:08,16311.69,0,0,0,0,0,0
MID150.BSE_IDX,01/07/2025,09:50:16,16313.86,0,0,0,0,0,0
MID150.BSE_IDX,01/07/2025,09:50:24,16314.09,0,0,0,0,0,0
MID150.BSE_IDX,01/07/2025,09:50:32,16313.65,0,0,0,0,0,0
MID150.BSE_IDX,01/07/2025,09:50:40,16312.92,0,0,0,0,0,0
MID150.BSE_IDX,01/07/2025,09:50:48,16311.59,0,0,0,0,0,0
MID150.BSE_IDX,01/07/2025,09:50:57,16310.27,0,0,0,0,0,0
MID150.BSE_IDX,01/07/2025,09:51:04,16308.69,0,0,0,0,0,0
MID150.BSE_IDX,01/07/2025,09:51:12,16308.38,0,0,0,0,0,0
MID150.BSE_IDX,01/07/2025,09:51:20,16307.24,0,0,0,0,0,0
MID150.BSE_IDX,01/07/2025,09:51:28,16306.7,0,0,0,0,0,0
MID150.BSE_IDX,01/07/2025,09:51:37,16306.18,0,0,0,0,0,0
MID150.BSE_IDX,01/07/2025,09:51:44,16306.66,0,0,0,0,0,0
MID150.BSE_IDX,01/07/2025,09:51:52,16305.95,0,0,0,0,0,0
MID150.BSE_IDX,01/07/2025,09:52:01,16305.69,0,0,0,0,0,0
MID150.BSE_IDX,01/07/2025,09:52:08,16304.67,0,0,0,0,0,0
MID150.BSE_IDX,01/07/2025,09:52:17,16303.94,0,0,0,0,0,0
MID150.BSE_IDX,01/07/2025,09:52:24,16303.43,0,0,0,0,0,0
MID150.BSE_IDX,01/07/2025,09:52:32,16302.28,0,0,0,0,0,0
MID150.BSE_IDX,01/07/2025,09:52:40,16301.88,0,0,0,0,0,0
MID150.BSE_IDX,01/07/2025,09:52:48,16301.38,0,0,0,0,0,0
MID150.BSE_IDX,01/07/2025,09:52:57,16300.68,0,0,0,0,0,0
MID150.BSE_IDX,01/07/2025,09:53:04,16300.95,0,0,0,0,0,0
MID150.BSE_IDX,01/07/2025,09:53:13,16300.81,0,0,0,0,0,0
MID150.BSE_IDX,01/07/2025,09:53:20,16301.67,0,0,0,0,0,0
MID150.BSE_IDX,01/07/2025,09:53:28,16303.43,0,0,0,0,0,0
MID150.BSE_IDX,01/07/2025,09:53:36,16303.78,0,0,0,0,0,0
MID150.BSE_IDX,01/07/2025,09:53:44,16303.69,0,0,0,0,0,0
MID150.BSE_IDX,01/07/2025,09:53:52,16304.64,0,0,0,0,0,0
MID150.BSE_IDX,01/07/2025,09:54:00,16303.16,0,0,0,0,0,0
MID150.BSE_IDX,01/07/2025,09:54:08,16300.95,0,0,0,0,0,0
MID150.BSE_IDX,01/07/2025,09:54:16,16299.34,0,0,0,0,0,0
MID150.BSE_IDX,01/07/2025,09:54:24,16298.32,0,0,0,0,0,0
MID150.BSE_IDX,01/07/2025,09:54:32,16298.16,0,0,0,0,0,0
MID150.BSE_IDX,01/07/2025,09:54:40,16297.02,0,0,0,0,0,0
MID150.BSE_IDX,01/07/2025,09:54:48,16296.83,0,0,0,0,0,0
MID150.BSE_IDX,01/07/2025,09:54:56,16297.45,0,0,0,0,0,0
MID150.BSE_IDX,01/07/2025,09:55:04,16295.01,0,0,0,0,0,0
MID150.BSE_IDX,01/07/2025,09:55:12,16295.8,0,0,0,0,0,0
MID150.BSE_IDX,01/07/2025,09:55:20,16295.21,0,0,0,0,0,0
MID150.BSE_IDX,01/07/2025,09:55:28,16295.05,0,0,0,0,0,0
MID150.BSE_IDX,01/07/2025,09:55:36,16294.93,0,0,0,0,0,0
MID150.BSE_IDX,01/07/2025,09:55:44,16292.68,0,0,0,0,0,0
MID150.BSE_IDX,01/07/2025,09:55:52,16292.09,0,0,0,0,0,0
MID150.BSE_IDX,01/07/2025,09:56:00,16291.3,0,0,0,0,0,0
MID150.BSE_IDX,01/07/2025,09:56:08,16291.7,0,0,0,0,0,0
MID150.BSE_IDX,01/07/2025,09:56:16,16291.22,0,0,0,0,0,0
MID150.BSE_IDX,01/07/2025,09:56:25,16290.78,0,0,0,0,0,0
MID150.BSE_IDX,01/07/2025,09:56:32,16291.09,0,0,0,0,0,0
MID150.BSE_IDX,01/07/2025,09:56:41,16291.12,0,0,0,0,0,0
MID150.BSE_IDX,01/07/2025,09:56:48,16290.82,0,0,0,0,0,0
MID150.BSE_IDX,01/07/2025,09:56:57,16290.78,0,0,0,0,0,0
MID150.BSE_IDX,01/07/2025,09:57:04,16290.74,0,0,0,0,0,0
MID150.BSE_IDX,01/07/2025,09:57:12,16292.51,0,0,0,0,0,0
MID150.BSE_IDX,01/07/2025,09:57:20,16293.54,0,0,0,0,0,0
MID150.BSE_IDX,01/07/2025,09:57:28,16294.56,0,0,0,0,0,0
MID150.BSE_IDX,01/07/2025,09:57:36,16294.23,0,0,0,0,0,0
MID150.BSE_IDX,01/07/2025,09:57:44,16295.02,0,0,0,0,0,0
MID150.BSE_IDX,01/07/2025,09:57:52,16296.38,0,0,0,0,0,0
MID150.BSE_IDX,01/07/2025,09:58:00,16295.91,0,0,0,0,0,0
MID150.BSE_IDX,01/07/2025,09:58:08,16296.5,0,0,0,0,0,0
MID150.BSE_IDX,01/07/2025,09:58:16,16295.8,0,0,0,0,0,0
MID150.BSE_IDX,01/07/2025,09:58:24,16295.4,0,0,0,0,0,0
MID150.BSE_IDX,01/07/2025,09:58:32,16297.08,0,0,0,0,0,0
MID150.BSE_IDX,01/07/2025,09:58:40,16299.14,0,0,0,0,0,0
MID150.BSE_IDX,01/07/2025,09:58:48,16299.66,0,0,0,0,0,0
MID150.BSE_IDX,01/07/2025,09:58:56,16300.68,0,0,0,0,0,0
MID150.BSE_IDX,01/07/2025,09:59:05,16301.02,0,0,0,0,0,0
MID150.BSE_IDX,01/07/2025,09:59:12,16300.97,0,0,0,0,0,0
MID150.BSE_IDX,01/07/2025,09:59:20,16301.48,0,0,0,0,0,0
MID150.BSE_IDX,01/07/2025,09:59:28,16302.36,0,0,0,0,0,0
MID150.BSE_IDX,01/07/2025,09:59:36,16302.57,0,0,0,0,0,0
MID150.BSE_IDX,01/07/2025,09:59:45,16303.69,0,0,0,0,0,0
MID150.BSE_IDX,01/07/2025,09:59:52,16304,0,0,0,0,0,0
MID150.BSE_IDX,01/07/2025,10:00:00,16304.8,0,0,0,0,0,0
MID150.BSE_IDX,01/07/2025,10:00:08,16306.01,0,0,0,0,0,0
MID150.BSE_IDX,01/07/2025,10:00:16,16305.98,0,0,0,0,0,0
MID150.BSE_IDX,01/07/2025,10:00:24,16305.83,0,0,0,0,0,0
MID150.BSE_IDX,01/07/2025,10:00:32,16305.84,0,0,0,0,0,0
MID150.BSE_IDX,01/07/2025,10:00:40,16304.92,0,0,0,0,0,0
MID150.BSE_IDX,01/07/2025,10:00:48,16303.92,0,0,0,0,0,0
MID150.BSE_IDX,01/07/2025,10:00:56,16304.6,0,0,0,0,0,0
MID150.BSE_IDX,01/07/2025,10:01:04,16302.88,0,0,0,0,0,0
MID150.BSE_IDX,01/07/2025,10:01:12,16300.6,0,0,0,0,0,0
MID150.BSE_IDX,01/07/2025,10:01:21,16301.44,0,0,0,0,0,0
MID150.BSE_IDX,01/07/2025,10:01:28,16301.43,0,0,0,0,0,0
MID150.BSE_IDX,01/07/2025,10:01:36,16301.03,0,0,0,0,0,0
MID150.BSE_IDX,01/07/2025,10:01:44,16300.47,0,0,0,0,0,0
MID150.BSE_IDX,01/07/2025,10:01:52,16300.13,0,0,0,0,0,0
MID150.BSE_IDX,01/07/2025,10:02:00,16299.92,0,0,0,0,0,0
MID150.BSE_IDX,01/07/2025,10:02:08,16300.14,0,0,0,0,0,0
MID150.BSE_IDX,01/07/2025,10:02:17,16299.72,0,0,0,0,0,0
MID150.BSE_IDX,01/07/2025,10:02:24,16298.39,0,0,0,0,0,0
MID150.BSE_IDX,01/07/2025,10:02:32,16297.1,0,0,0,0,0,0
MID150.BSE_IDX,01/07/2025,10:02:41,16296.89,0,0,0,0,0,0
MID150.BSE_IDX,01/07/2025,10:02:49,16297.36,0,0,0,0,0,0
MID150.BSE_IDX,01/07/2025,10:02:56,16296.56,0,0,0,0,0,0
MID150.BSE_IDX,01/07/2025,10:03:04,16294.06,0,0,0,0,0,0
MID150.BSE_IDX,01/07/2025,10:03:13,16291.38,0,0,0,0,0,0
MID150.BSE_IDX,01/07/2025,10:03:20,16288.93,0,0,0,0,0,0
MID150.BSE_IDX,01/07/2025,10:03:29,16286.91,0,0,0,0,0,0
MID150.BSE_IDX,01/07/2025,10:03:37,16285.43,0,0,0,0,0,0
MID150.BSE_IDX,01/07/2025,10:03:45,16284.7,0,0,0,0,0,0
MID150.BSE_IDX,01/07/2025,10:03:53,16282.92,0,0,0,0,0,0
MID150.BSE_IDX,01/07/2025,10:04:01,16282.57,0,0,0,0,0,0
MID150.BSE_IDX,01/07/2025,10:04:09,16283.23,0,0,0,0,0,0
MID150.BSE_IDX,01/07/2025,10:04:17,16283.18,0,0,0,0,0,0
MID150.BSE_IDX,01/07/2025,10:04:25,16282.48,0,0,0,0,0,0
MID150.BSE_IDX,01/07/2025,10:04:33,16282.41,0,0,0,0,0,0
MID150.BSE_IDX,01/07/2025,10:04:41,16282.56,0,0,0,0,0,0
MID150.BSE_IDX,01/07/2025,10:04:50,16283.64,0,0,0,0,0,0
MID150.BSE_IDX,01/07/2025,10:04:57,16284.45,0,0,0,0,0,0
MID150.BSE_IDX,01/07/2025,10:05:05,16283.86,0,0,0,0,0,0
MID150.BSE_IDX,01/07/2025,10:05:14,16281.99,0,0,0,0,0,0
MID150.BSE_IDX,01/07/2025,10:05:21,16281.86,0,0,0,0,0,0
MID150.BSE_IDX,01/07/2025,10:05:29,16282.32,0,0,0,0,0,0
MID150.BSE_IDX,01/07/2025,10:05:37,16281.75,0,0,0,0,0,0
MID150.BSE_IDX,01/07/2025,10:05:45,16282.86,0,0,0,0,0,0
MID150.BSE_IDX,01/07/2025,10:05:53,16283.51,0,0,0,0,0,0
MID150.BSE_IDX,01/07/2025,10:06:01,16283.33,0,0,0,0,0,0
MID150.BSE_IDX,01/07/2025,10:06:09,16285.29,0,0,0,0,0,0
MID150.BSE_IDX,01/07/2025,10:06:17,16284.93,0,0,0,0,0,0
MID150.BSE_IDX,01/07/2025,10:06:25,16285.45,0,0,0,0,0,0
MID150.BSE_IDX,01/07/2025,10:06:33,16285.59,0,0,0,0,0,0
MID150.BSE_IDX,01/07/2025,10:06:41,16286.54,0,0,0,0,0,0
MID150.BSE_IDX,01/07/2025,10:06:49,16288,0,0,0,0,0,0
MID150.BSE_IDX,01/07/2025,10:06:57,16288.95,0,0,0,0,0,0
MID150.BSE_IDX,01/07/2025,10:07:05,16289.87,0,0,0,0,0,0
MID150.BSE_IDX,01/07/2025,10:07:13,16290.32,0,0,0,0,0,0
MID150.BSE_IDX,01/07/2025,10:07:21,16290.45,0,0,0,0,0,0
MID150.BSE_IDX,01/07/2025,10:07:29,16291.33,0,0,0,0,0,0
MID150.BSE_IDX,01/07/2025,10:07:37,16292.51,0,0,0,0,0,0
MID150.BSE_IDX,01/07/2025,10:07:45,16294.12,0,0,0,0,0,0
MID150.BSE_IDX,01/07/2025,10:07:53,16293.85,0,0,0,0,0,0
MID150.BSE_IDX,01/07/2025,10:08:01,16294.03,0,0,0,0,0,0
MID150.BSE_IDX,01/07/2025,10:08:09,16294.71,0,0,0,0,0,0
MID150.BSE_IDX,01/07/2025,10:08:17,16294.26,0,0,0,0,0,0
MID150.BSE_IDX,01/07/2025,10:08:25,16294.74,0,0,0,0,0,0
MID150.BSE_IDX,01/07/2025,10:08:33,16293.74,0,0,0,0,0,0
MID150.BSE_IDX,01/07/2025,10:08:41,16293.21,0,0,0,0,0,0
MID150.BSE_IDX,01/07/2025,10:08:49,16292.46,0,0,0,0,0,0
MID150.BSE_IDX,01/07/2025,10:08:57,16291.72,0,0,0,0,0,0
MID150.BSE_IDX,01/07/2025,10:09:05,16288.77,0,0,0,0,0,0
MID150.BSE_IDX,01/07/2025,10:09:13,16288.74,0,0,0,0,0,0
MID150.BSE_IDX,01/07/2025,10:09:21,16288.61,0,0,0,0,0,0
MID150.BSE_IDX,01/07/2025,10:09:29,16288.04,0,0,0,0,0,0
MID150.BSE_IDX,01/07/2025,10:09:37,16288.86,0,0,0,0,0,0
MID150.BSE_IDX,01/07/2025,10:09:45,16288.96,0,0,0,0,0,0
MID150.BSE_IDX,01/07/2025,10:09:53,16288.89,0,0,0,0,0,0
MID150.BSE_IDX,01/07/2025,10:10:01,16290.07,0,0,0,0,0,0
MID150.BSE_IDX,01/07/2025,10:10:09,16290.13,0,0,0,0,0,0
MID150.BSE_IDX,01/07/2025,10:10:17,16289.87,0,0,0,0,0,0
MID150.BSE_IDX,01/07/2025,10:10:25,16290.56,0,0,0,0,0,0
MID150.BSE_IDX,01/07/2025,10:10:33,16290.49,0,0,0,0,0,0
MID150.BSE_IDX,01/07/2025,10:10:41,16291.27,0,0,0,0,0,0
MID150.BSE_IDX,01/07/2025,10:10:49,16290.56,0,0,0,0,0,0
MID150.BSE_IDX,01/07/2025,10:10:57,16291.06,0,0,0,0,0,0
MID150.BSE_IDX,01/07/2025,10:11:05,16290.66,0,0,0,0,0,0
MID150.BSE_IDX,01/07/2025,10:11:13,16290.3,0,0,0,0,0,0
MID150.BSE_IDX,01/07/2025,10:11:22,16288.52,0,0,0,0,0,0
MID150.BSE_IDX,01/07/2025,10:11:29,16287.43,0,0,0,0,0,0
MID150.BSE_IDX,01/07/2025,10:11:37,16286.56,0,0,0,0,0,0
MID150.BSE_IDX,01/07/2025,10:11:45,16285.83,0,0,0,0,0,0
MID150.BSE_IDX,01/07/2025,10:11:53,16285.48,0,0,0,0,0,0
MID150.BSE_IDX,01/07/2025,10:12:01,16284.78,0,0,0,0,0,0
MID150.BSE_IDX,01/07/2025,10:12:09,16283.76,0,0,0,0,0,0
MID150.BSE_IDX,01/07/2025,10:12:17,16282.67,0,0,0,0,0,0
MID150.BSE_IDX,01/07/2025,10:12:25,16280.19,0,0,0,0,0,0
MID150.BSE_IDX,01/07/2025,10:12:33,16278.36,0,0,0,0,0,0
MID150.BSE_IDX,01/07/2025,10:12:41,16277.26,0,0,0,0,0,0
MID150.BSE_IDX,01/07/2025,10:12:49,16277.46,0,0,0,0,0,0
MID150.BSE_IDX,01/07/2025,10:12:57,16276.37,0,0,0,0,0,0
MID150.BSE_IDX,01/07/2025,10:13:05,16275.62,0,0,0,0,0,0
MID150.BSE_IDX,01/07/2025,10:13:13,16276.66,0,0,0,0,0,0
MID150.BSE_IDX,01/07/2025,10:13:21,16276.92,0,0,0,0,0,0
MID150.BSE_IDX,01/07/2025,10:13:29,16276.14,0,0,0,0,0,0
MID150.BSE_IDX,01/07/2025,10:13:37,16276.16,0,0,0,0,0,0
MID150.BSE_IDX,01/07/2025,10:13:45,16275.88,0,0,0,0,0,0
MID150.BSE_IDX,01/07/2025,10:13:53,16274.01,0,0,0,0,0,0
MID150.BSE_IDX,01/07/2025,10:14:01,16271.18,0,0,0,0,0,0
MID150.BSE_IDX,01/07/2025,10:14:09,16270.89,0,0,0,0,0,0
MID150.BSE_IDX,01/07/2025,10:14:17,16269.88,0,0,0,0,0,0
MID150.BSE_IDX,01/07/2025,10:14:25,16269.12,0,0,0,0,0,0
MID150.BSE_IDX,01/07/2025,10:14:33,16267.54,0,0,0,0,0,0
MID150.BSE_IDX,01/07/2025,10:14:41,16265.95,0,0,0,0,0,0
MID150.BSE_IDX,01/07/2025,10:14:49,16265.64,0,0,0,0,0,0
MID150.BSE_IDX,01/07/2025,10:14:57,16265.03,0,0,0,0,0,0
MID150.BSE_IDX,01/07/2025,10:15:05,16263.2,0,0,0,0,0,0
MID150.BSE_IDX,01/07/2025,10:15:13,16260.71,0,0,0,0,0,0
MID150.BSE_IDX,01/07/2025,10:15:21,16259.85,0,0,0,0,0,0
MID150.BSE_IDX,01/07/2025,10:15:29,16259.02,0,0,0,0,0,0
MID150.BSE_IDX,01/07/2025,10:15:37,16260.19,0,0,0,0,0,0
MID150.BSE_IDX,01/07/2025,10:15:45,16259.36,0,0,0,0,0,0
MID150.BSE_IDX,01/07/2025,10:15:53,16258.78,0,0,0,0,0,0
MID150.BSE_IDX,01/07/2025,10:16:01,16259.15,0,0,0,0,0,0
MID150.BSE_IDX,01/07/2025,10:16:09,16259.84,0,0,0,0,0,0
MID150.BSE_IDX,01/07/2025,10:16:17,16260.89,0,0,0,0,0,0
MID150.BSE_IDX,01/07/2025,10:16:25,16261.36,0,0,0,0,0,0
MID150.BSE_IDX,01/07/2025,10:16:33,16261.68,0,0,0,0,0,0
MID150.BSE_IDX,01/07/2025,10:16:41,16261.94,0,0,0,0,0,0
MID150.BSE_IDX,01/07/2025,10:16:49,16261.99,0,0,0,0,0,0
MID150.BSE_IDX,01/07/2025,10:16:57,16262.74,0,0,0,0,0,0
MID150.BSE_IDX,01/07/2025,10:17:05,16263.29,0,0,0,0,0,0
MID150.BSE_IDX,01/07/2025,10:17:13,16263.06,0,0,0,0,0,0
MID150.BSE_IDX,01/07/2025,10:17:21,16264.45,0,0,0,0,0,0
MID150.BSE_IDX,01/07/2025,10:17:29,16265.53,0,0,0,0,0,0
MID150.BSE_IDX,01/07/2025,10:17:37,16268.45,0,0,0,0,0,0
MID150.BSE_IDX,01/07/2025,10:17:45,16270.83,0,0,0,0,0,0
MID150.BSE_IDX,01/07/2025,10:17:53,16272.17,0,0,0,0,0,0
MID150.BSE_IDX,01/07/2025,10:18:01,16273.31,0,0,0,0,0,0
MID150.BSE_IDX,01/07/2025,10:18:09,16275.63,0,0,0,0,0,0
MID150.BSE_IDX,01/07/2025,10:18:17,16276.27,0,0,0,0,0,0
MID150.BSE_IDX,01/07/2025,10:18:25,16276.39,0,0,0,0,0,0
MID150.BSE_IDX,01/07/2025,10:18:33,16275.52,0,0,0,0,0,0
MID150.BSE_IDX,01/07/2025,10:18:41,16275.76,0,0,0,0,0,0
MID150.BSE_IDX,01/07/2025,10:18:49,16275.95,0,0,0,0,0,0
MID150.BSE_IDX,01/07/2025,10:18:57,16276.47,0,0,0,0,0,0
MID150.BSE_IDX,01/07/2025,10:19:05,16274.1,0,0,0,0,0,0
MID150.BSE_IDX,01/07/2025,10:19:13,16275.24,0,0,0,0,0,0
MID150.BSE_IDX,01/07/2025,10:19:21,16275.44,0,0,0,0,0,0
MID150.BSE_IDX,01/07/2025,10:19:29,16275.72,0,0,0,0,0,0
MID150.BSE_IDX,01/07/2025,10:19:37,16275.77,0,0,0,0,0,0
MID150.BSE_IDX,01/07/2025,10:19:45,16275.03,0,0,0,0,0,0
MID150.BSE_IDX,01/07/2025,10:19:53,16272.56,0,0,0,0,0,0
MID150.BSE_IDX,01/07/2025,10:20:01,16272.03,0,0,0,0,0,0
MID150.BSE_IDX,01/07/2025,10:20:09,16272.28,0,0,0,0,0,0
MID150.BSE_IDX,01/07/2025,10:20:17,16273.79,0,0,0,0,0,0
MID150.BSE_IDX,01/07/2025,10:20:25,16273.78,0,0,0,0,0,0
MID150.BSE_IDX,01/07/2025,10:20:33,16273.09,0,0,0,0,0,0
MID150.BSE_IDX,01/07/2025,10:20:41,16273.41,0,0,0,0,0,0
MID150.BSE_IDX,01/07/2025,10:20:49,16272.83,0,0,0,0,0,0
MID150.BSE_IDX,01/07/2025,10:20:57,16271.58,0,0,0,0,0,0
MID150.BSE_IDX,01/07/2025,10:21:05,16270.83,0,0,0,0,0,0
MID150.BSE_IDX,01/07/2025,10:21:13,16270.41,0,0,0,0,0,0
MID150.BSE_IDX,01/07/2025,10:21:21,16269.12,0,0,0,0,0,0
MID150.BSE_IDX,01/07/2025,10:21:29,16268.45,0,0,0,0,0,0
MID150.BSE_IDX,01/07/2025,10:21:37,16267.33,0,0,0,0,0,0
MID150.BSE_IDX,01/07/2025,10:21:45,16266.33,0,0,0,0,0,0
MID150.BSE_IDX,01/07/2025,10:21:53,16266.51,0,0,0,0,0,0
MID150.BSE_IDX,01/07/2025,10:22:01,16267.58,0,0,0,0,0,0
MID150.BSE_IDX,01/07/2025,10:22:09,16266.65,0,0,0,0,0,0
MID150.BSE_IDX,01/07/2025,10:22:17,16265.5,0,0,0,0,0,0
MID150.BSE_IDX,01/07/2025,10:22:25,16265.89,0,0,0,0,0,0
MID150.BSE_IDX,01/07/2025,10:22:33,16266.22,0,0,0,0,0,0
MID150.BSE_IDX,01/07/2025,10:22:41,16267.1,0,0,0,0,0,0
MID150.BSE_IDX,01/07/2025,10:22:49,16267.35,0,0,0,0,0,0
MID150.BSE_IDX,01/07/2025,10:22:57,16267.45,0,0,0,0,0,0
MID150.BSE_IDX,01/07/2025,10:23:05,16266.41,0,0,0,0,0,0
MID150.BSE_IDX,01/07/2025,10:23:13,16266.59,0,0,0,0,0,0
MID150.BSE_IDX,01/07/2025,10:23:21,16266.27,0,0,0,0,0,0
MID150.BSE_IDX,01/07/2025,10:23:29,16266.85,0,0,0,0,0,0
MID150.BSE_IDX,01/07/2025,10:23:37,16267.26,0,0,0,0,0,0
MID150.BSE_IDX,01/07/2025,10:23:45,16268.7,0,0,0,0,0,0
MID150.BSE_IDX,01/07/2025,10:23:53,16268.33,0,0,0,0,0,0
MID150.BSE_IDX,01/07/2025,10:24:01,16268.58,0,0,0,0,0,0
MID150.BSE_IDX,01/07/2025,10:24:09,16268.61,0,0,0,0,0,0
MID150.BSE_IDX,01/07/2025,10:24:17,16267.23,0,0,0,0,0,0
MID150.BSE_IDX,01/07/2025,10:24:25,16267.09,0,0,0,0,0,0
MID150.BSE_IDX,01/07/2025,10:24:33,16265.96,0,0,0,0,0,0
MID150.BSE_IDX,01/07/2025,10:24:41,16265.95,0,0,0,0,0,0
MID150.BSE_IDX,01/07/2025,10:24:49,16265.13,0,0,0,0,0,0
MID150.BSE_IDX,01/07/2025,10:24:57,16265.5,0,0,0,0,0,0
MID150.BSE_IDX,01/07/2025,10:25:05,16265.29,0,0,0,0,0,0
MID150.BSE_IDX,01/07/2025,10:25:13,16265.5,0,0,0,0,0,0
MID150.BSE_IDX,01/07/2025,10:25:21,16265.16,0,0,0,0,0,0
MID150.BSE_IDX,01/07/2025,10:25:29,16264.8,0,0,0,0,0,0
MID150.BSE_IDX,01/07/2025,10:25:37,16264.06,0,0,0,0,0,0
MID150.BSE_IDX,01/07/2025,10:25:45,16262.26,0,0,0,0,0,0
MID150.BSE_IDX,01/07/2025,10:25:53,16262.74,0,0,0,0,0,0
MID150.BSE_IDX,01/07/2025,10:26:01,16262.54,0,0,0,0,0,0
MID150.BSE_IDX,01/07/2025,10:26:09,16262.61,0,0,0,0,0,0
MID150.BSE_IDX,01/07/2025,10:26:17,16262.79,0,0,0,0,0,0
MID150.BSE_IDX,01/07/2025,10:26:25,16262.42,0,0,0,0,0,0
MID150.BSE_IDX,01/07/2025,10:26:33,16262.64,0,0,0,0,0,0
MID150.BSE_IDX,01/07/2025,10:26:41,16262.63,0,0,0,0,0,0
MID150.BSE_IDX,01/07/2025,10:26:49,16261.88,0,0,0,0,0,0
MID150.BSE_IDX,01/07/2025,10:26:57,16262.63,0,0,0,0,0,0
MID150.BSE_IDX,01/07/2025,10:27:05,16263.5,0,0,0,0,0,0
MID150.BSE_IDX,01/07/2025,10:27:13,16263.34,0,0,0,0,0,0
MID150.BSE_IDX,01/07/2025,10:27:21,16264.3,0,0,0,0,0,0
MID150.BSE_IDX,01/07/2025,10:27:29,16265.23,0,0,0,0,0,0
MID150.BSE_IDX,01/07/2025,10:27:37,16266.13,0,0,0,0,0,0
MID150.BSE_IDX,01/07/2025,10:27:45,16265.21,0,0,0,0,0,0
MID150.BSE_IDX,01/07/2025,10:27:53,16265.26,0,0,0,0,0,0
MID150.BSE_IDX,01/07/2025,10:28:01,16267.19,0,0,0,0,0,0
MID150.BSE_IDX,01/07/2025,10:28:09,16267.36,0,0,0,0,0,0
MID150.BSE_IDX,01/07/2025,10:28:17,16267.13,0,0,0,0,0,0
MID150.BSE_IDX,01/07/2025,10:28:25,16266.92,0,0,0,0,0,0
MID150.BSE_IDX,01/07/2025,10:28:33,16267,0,0,0,0,0,0
MID150.BSE_IDX,01/07/2025,10:28:41,16267.03,0,0,0,0,0,0
MID150.BSE_IDX,01/07/2025,10:28:49,16267.95,0,0,0,0,0,0
MID150.BSE_IDX,01/07/2025,10:28:57,16267.56,0,0,0,0,0,0
MID150.BSE_IDX,01/07/2025,10:29:05,16266.52,0,0,0,0,0,0
MID150.BSE_IDX,01/07/2025,10:29:13,16267.28,0,0,0,0,0,0
MID150.BSE_IDX,01/07/2025,10:29:21,16267.28,0,0,0,0,0,0
MID150.BSE_IDX,01/07/2025,10:29:29,16267.04,0,0,0,0,0,0
MID150.BSE_IDX,01/07/2025,10:29:37,16266.41,0,0,0,0,0,0
MID150.BSE_IDX,01/07/2025,10:29:46,16265.91,0,0,0,0,0,0
MID150.BSE_IDX,01/07/2025,10:29:54,16266.3,0,0,0,0,0,0
MID150.BSE_IDX,01/07/2025,10:30:01,16266.82,0,0,0,0,0,0
MID150.BSE_IDX,01/07/2025,10:30:09,16267.2,0,0,0,0,0,0
MID150.BSE_IDX,01/07/2025,10:30:17,16268.34,0,0,0,0,0,0
MID150.BSE_IDX,01/07/2025,10:30:25,16270.27,0,0,0,0,0,0
MID150.BSE_IDX,01/07/2025,10:30:33,16270.27,0,0,0,0,0,0
MID150.BSE_IDX,01/07/2025,10:30:41,16271.98,0,0,0,0,0,0
MID150.BSE_IDX,01/07/2025,10:30:49,16271.7,0,0,0,0,0,0
MID150.BSE_IDX,01/07/2025,10:30:57,16272.02,0,0,0,0,0,0
MID150.BSE_IDX,01/07/2025,10:31:05,16271.56,0,0,0,0,0,0
MID150.BSE_IDX,01/07/2025,10:31:13,16271.45,0,0,0,0,0,0
MID150.BSE_IDX,01/07/2025,10:31:21,16271.88,0,0,0,0,0,0
MID150.BSE_IDX,01/07/2025,10:31:29,16271.35,0,0,0,0,0,0
MID150.BSE_IDX,01/07/2025,10:31:37,16272,0,0,0,0,0,0
MID150.BSE_IDX,01/07/2025,10:31:45,16271.28,0,0,0,0,0,0
MID150.BSE_IDX,01/07/2025,10:31:53,16271.02,0,0,0,0,0,0
MID150.BSE_IDX,01/07/2025,10:32:01,16270.71,0,0,0,0,0,0
MID150.BSE_IDX,01/07/2025,10:32:09,16270.43,0,0,0,0,0,0
MID150.BSE_IDX,01/07/2025,10:32:17,16270.54,0,0,0,0,0,0
MID150.BSE_IDX,01/07/2025,10:32:25,16271.62,0,0,0,0,0,0
MID150.BSE_IDX,01/07/2025,10:32:33,16271.57,0,0,0,0,0,0
MID150.BSE_IDX,01/07/2025,10:32:41,16271.95,0,0,0,0,0,0
MID150.BSE_IDX,01/07/2025,10:32:49,16272.34,0,0,0,0,0,0
MID150.BSE_IDX,01/07/2025,10:32:57,16273.05,0,0,0,0,0,0
MID150.BSE_IDX,01/07/2025,10:33:05,16272.04,0,0,0,0,0,0
MID150.BSE_IDX,01/07/2025,10:33:13,16272.95,0,0,0,0,0,0
MID150.BSE_IDX,01/07/2025,10:33:21,16273.35,0,0,0,0,0,0
MID150.BSE_IDX,01/07/2025,10:33:29,16272.6,0,0,0,0,0,0
MID150.BSE_IDX,01/07/2025,10:33:37,16273.03,0,0,0,0,0,0
MID150.BSE_IDX,01/07/2025,10:33:45,16273.84,0,0,0,0,0,0
MID150.BSE_IDX,01/07/2025,10:33:53,16273.47,0,0,0,0,0,0
MID150.BSE_IDX,01/07/2025,10:34:01,16273.95,0,0,0,0,0,0
MID150.BSE_IDX,01/07/2025,10:34:09,16273.4,0,0,0,0,0,0
MID150.BSE_IDX,01/07/2025,10:34:17,16274.3,0,0,0,0,0,0
MID150.BSE_IDX,01/07/2025,10:34:25,16274.88,0,0,0,0,0,0
MID150.BSE_IDX,01/07/2025,10:34:33,16275.33,0,0,0,0,0,0
MID150.BSE_IDX,01/07/2025,10:34:41,16276.39,0,0,0,0,0,0
MID150.BSE_IDX,01/07/2025,10:34:49,16276.25,0,0,0,0,0,0
MID150.BSE_IDX,01/07/2025,10:34:58,16276.36,0,0,0,0,0,0
MID150.BSE_IDX,01/07/2025,10:35:06,16275.65,0,0,0,0,0,0
MID150.BSE_IDX,01/07/2025,10:35:14,16275.94,0,0,0,0,0,0
MID150.BSE_IDX,01/07/2025,10:35:21,16276.3,0,0,0,0,0,0
MID150.BSE_IDX,01/07/2025,10:35:29,16275.77,0,0,0,0,0,0
MID150.BSE_IDX,01/07/2025,10:35:37,16276.04,0,0,0,0,0,0
MID150.BSE_IDX,01/07/2025,10:35:45,16274.55,0,0,0,0,0,0
MID150.BSE_IDX,01/07/2025,10:35:54,16274.72,0,0,0,0,0,0
MID150.BSE_IDX,01/07/2025,10:36:02,16272.87,0,0,0,0,0,0
MID150.BSE_IDX,01/07/2025,10:36:10,16271.98,0,0,0,0,0,0
MID150.BSE_IDX,01/07/2025,10:36:17,16272.67,0,0,0,0,0,0
MID150.BSE_IDX,01/07/2025,10:36:25,16272.2,0,0,0,0,0,0
MID150.BSE_IDX,01/07/2025,10:36:34,16272.06,0,0,0,0,0,0
MID150.BSE_IDX,01/07/2025,10:36:42,16272.06,0,0,0,0,0,0
MID150.BSE_IDX,01/07/2025,10:36:49,16270.3,0,0,0,0,0,0
MID150.BSE_IDX,01/07/2025,10:36:58,16268.73,0,0,0,0,0,0
MID150.BSE_IDX,01/07/2025,10:37:05,16268.57,0,0,0,0,0,0
MID150.BSE_IDX,01/07/2025,10:37:14,16269.23,0,0,0,0,0,0
MID150.BSE_IDX,01/07/2025,10:37:21,16268.7,0,0,0,0,0,0
MID150.BSE_IDX,01/07/2025,10:37:30,16268.84,0,0,0,0,0,0
MID150.BSE_IDX,01/07/2025,10:37:38,16267.97,0,0,0,0,0,0
MID150.BSE_IDX,01/07/2025,10:37:46,16266.81,0,0,0,0,0,0
MID150.BSE_IDX,01/07/2025,10:37:54,16266.16,0,0,0,0,0,0
MID150.BSE_IDX,01/07/2025,10:38:02,16266.31,0,0,0,0,0,0
MID150.BSE_IDX,01/07/2025,10:38:10,16266.81,0,0,0,0,0,0
MID150.BSE_IDX,01/07/2025,10:38:18,16266.91,0,0,0,0,0,0
MID150.BSE_IDX,01/07/2025,10:38:26,16267.33,0,0,0,0,0,0
MID150.BSE_IDX,01/07/2025,10:38:34,16267.86,0,0,0,0,0,0
MID150.BSE_IDX,01/07/2025,10:38:42,16267.63,0,0,0,0,0,0
MID150.BSE_IDX,01/07/2025,10:38:50,16268.13,0,0,0,0,0,0
MID150.BSE_IDX,01/07/2025,10:38:58,16268.65,0,0,0,0,0,0
MID150.BSE_IDX,01/07/2025,10:39:06,16269.74,0,0,0,0,0,0
MID150.BSE_IDX,01/07/2025,10:39:14,16269.57,0,0,0,0,0,0
MID150.BSE_IDX,01/07/2025,10:39:22,16269.95,0,0,0,0,0,0
MID150.BSE_IDX,01/07/2025,10:39:30,16269.85,0,0,0,0,0,0
MID150.BSE_IDX,01/07/2025,10:39:38,16270.02,0,0,0,0,0,0
MID150.BSE_IDX,01/07/2025,10:39:46,16271.36,0,0,0,0,0,0
MID150.BSE_IDX,01/07/2025,10:39:54,16270.44,0,0,0,0,0,0
MID150.BSE_IDX,01/07/2025,10:40:02,16270.71,0,0,0,0,0,0
MID150.BSE_IDX,01/07/2025,10:40:10,16269.27,0,0,0,0,0,0
MID150.BSE_IDX,01/07/2025,10:40:18,16268.93,0,0,0,0,0,0
MID150.BSE_IDX,01/07/2025,10:40:26,16268.85,0,0,0,0,0,0
MID150.BSE_IDX,01/07/2025,10:40:34,16267.85,0,0,0,0,0,0
MID150.BSE_IDX,01/07/2025,10:40:42,16266.88,0,0,0,0,0,0
MID150.BSE_IDX,01/07/2025,10:40:50,16266.29,0,0,0,0,0,0
MID150.BSE_IDX,01/07/2025,10:40:58,16265.81,0,0,0,0,0,0
MID150.BSE_IDX,01/07/2025,10:41:06,16264.68,0,0,0,0,0,0
MID150.BSE_IDX,01/07/2025,10:41:14,16263.96,0,0,0,0,0,0
MID150.BSE_IDX,01/07/2025,10:41:22,16264.81,0,0,0,0,0,0
MID150.BSE_IDX,01/07/2025,10:41:30,16265.39,0,0,0,0,0,0
MID150.BSE_IDX,01/07/2025,10:41:38,16265.45,0,0,0,0,0,0
MID150.BSE_IDX,01/07/2025,10:41:46,16265.59,0,0,0,0,0,0
MID150.BSE_IDX,01/07/2025,10:41:54,16265.98,0,0,0,0,0,0
MID150.BSE_IDX,01/07/2025,10:42:02,16267.11,0,0,0,0,0,0
MID150.BSE_IDX,01/07/2025,10:42:10,16267.78,0,0,0,0,0,0
MID150.BSE_IDX,01/07/2025,10:42:18,16267.71,0,0,0,0,0,0
MID150.BSE_IDX,01/07/2025,10:42:26,16266.4,0,0,0,0,0,0
MID150.BSE_IDX,01/07/2025,10:42:34,16266.57,0,0,0,0,0,0
MID150.BSE_IDX,01/07/2025,10:42:42,16265.97,0,0,0,0,0,0
MID150.BSE_IDX,01/07/2025,10:42:50,16264.79,0,0,0,0,0,0
MID150.BSE_IDX,01/07/2025,10:42:58,16264.2,0,0,0,0,0,0
MID150.BSE_IDX,01/07/2025,10:43:06,16265.22,0,0,0,0,0,0
MID150.BSE_IDX,01/07/2025,10:43:14,16264.68,0,0,0,0,0,0
MID150.BSE_IDX,01/07/2025,10:43:22,16263.84,0,0,0,0,0,0
MID150.BSE_IDX,01/07/2025,10:43:30,16263.28,0,0,0,0,0,0
MID150.BSE_IDX,01/07/2025,10:43:38,16262.79,0,0,0,0,0,0
MID150.BSE_IDX,01/07/2025,10:43:46,16261.76,0,0,0,0,0,0
MID150.BSE_IDX,01/07/2025,10:43:54,16261.18,0,0,0,0,0,0
MID150.BSE_IDX,01/07/2025,10:44:02,16262.55,0,0,0,0,0,0
MID150.BSE_IDX,01/07/2025,10:44:10,16262.3,0,0,0,0,0,0
MID150.BSE_IDX,01/07/2025,10:44:18,16261.69,0,0,0,0,0,0
MID150.BSE_IDX,01/07/2025,10:44:26,16262.01,0,0,0,0,0,0
MID150.BSE_IDX,01/07/2025,10:44:34,16261.5,0,0,0,0,0,0
MID150.BSE_IDX,01/07/2025,10:44:42,16261.72,0,0,0,0,0,0
MID150.BSE_IDX,01/07/2025,10:44:50,16260.85,0,0,0,0,0,0
MID150.BSE_IDX,01/07/2025,10:44:58,16260.53,0,0,0,0,0,0
MID150.BSE_IDX,01/07/2025,10:45:07,16258.6,0,0,0,0,0,0
MID150.BSE_IDX,01/07/2025,10:45:14,16257.14,0,0,0,0,0,0
MID150.BSE_IDX,01/07/2025,10:45:22,16256.69,0,0,0,0,0,0
MID150.BSE_IDX,01/07/2025,10:45:30,16257.38,0,0,0,0,0,0
MID150.BSE_IDX,01/07/2025,10:45:38,16257.74,0,0,0,0,0,0
MID150.BSE_IDX,01/07/2025,10:45:46,16257.37,0,0,0,0,0,0
MID150.BSE_IDX,01/07/2025,10:45:54,16255.85,0,0,0,0,0,0
MID150.BSE_IDX,01/07/2025,10:46:02,16254.63,0,0,0,0,0,0
MID150.BSE_IDX,01/07/2025,10:46:10,16253.9,0,0,0,0,0,0
MID150.BSE_IDX,01/07/2025,10:46:18,16252.49,0,0,0,0,0,0
MID150.BSE_IDX,01/07/2025,10:46:26,16253.1,0,0,0,0,0,0
MID150.BSE_IDX,01/07/2025,10:46:34,16253.97,0,0,0,0,0,0
MID150.BSE_IDX,01/07/2025,10:46:42,16254.59,0,0,0,0,0,0
MID150.BSE_IDX,01/07/2025,10:46:50,16254.64,0,0,0,0,0,0
MID150.BSE_IDX,01/07/2025,10:46:58,16254.79,0,0,0,0,0,0
MID150.BSE_IDX,01/07/2025,10:47:06,16255.05,0,0,0,0,0,0
MID150.BSE_IDX,01/07/2025,10:47:14,16255.22,0,0,0,0,0,0
MID150.BSE_IDX,01/07/2025,10:47:22,16254.36,0,0,0,0,0,0
MID150.BSE_IDX,01/07/2025,10:47:30,16254.39,0,0,0,0,0,0
MID150.BSE_IDX,01/07/2025,10:47:38,16254.92,0,0,0,0,0,0
MID150.BSE_IDX,01/07/2025,10:47:46,16255.29,0,0,0,0,0,0
MID150.BSE_IDX,01/07/2025,10:47:54,16256.75,0,0,0,0,0,0
MID150.BSE_IDX,01/07/2025,10:48:02,16256.43,0,0,0,0,0,0
MID150.BSE_IDX,01/07/2025,10:48:10,16256.11,0,0,0,0,0,0
MID150.BSE_IDX,01/07/2025,10:48:18,16257.17,0,0,0,0,0,0
MID150.BSE_IDX,01/07/2025,10:48:26,16258.31,0,0,0,0,0,0
MID150.BSE_IDX,01/07/2025,10:48:34,16257.58,0,0,0,0,0,0
MID150.BSE_IDX,01/07/2025,10:48:42,16257.82,0,0,0,0,0,0
MID150.BSE_IDX,01/07/2025,10:48:50,16256.84,0,0,0,0,0,0
MID150.BSE_IDX,01/07/2025,10:48:58,16257.32,0,0,0,0,0,0
MID150.BSE_IDX,01/07/2025,10:49:06,16255.74,0,0,0,0,0,0
MID150.BSE_IDX,01/07/2025,10:49:14,16252.67,0,0,0,0,0,0
MID150.BSE_IDX,01/07/2025,10:49:22,16252.88,0,0,0,0,0,0
MID150.BSE_IDX,01/07/2025,10:49:30,16251.43,0,0,0,0,0,0
MID150.BSE_IDX,01/07/2025,10:49:38,16250.61,0,0,0,0,0,0
MID150.BSE_IDX,01/07/2025,10:49:46,16250.86,0,0,0,0,0,0
MID150.BSE_IDX,01/07/2025,10:49:54,16251.25,0,0,0,0,0,0
MID150.BSE_IDX,01/07/2025,10:50:02,16251.61,0,0,0,0,0,0
MID150.BSE_IDX,01/07/2025,10:50:10,16250.57,0,0,0,0,0,0
MID150.BSE_IDX,01/07/2025,10:50:18,16250.81,0,0,0,0,0,0
MID150.BSE_IDX,01/07/2025,10:50:26,16250.07,0,0,0,0,0,0
MID150.BSE_IDX,01/07/2025,10:50:34,16249.5,0,0,0,0,0,0
MID150.BSE_IDX,01/07/2025,10:50:42,16248.75,0,0,0,0,0,0
MID150.BSE_IDX,01/07/2025,10:50:50,16248.39,0,0,0,0,0,0
MID150.BSE_IDX,01/07/2025,10:50:58,16249.22,0,0,0,0,0,0
MID150.BSE_IDX,01/07/2025,10:51:06,16248.94,0,0,0,0,0,0
MID150.BSE_IDX,01/07/2025,10:51:14,16248.72,0,0,0,0,0,0
MID150.BSE_IDX,01/07/2025,10:51:22,16248.75,0,0,0,0,0,0
MID150.BSE_IDX,01/07/2025,10:51:30,16248.74,0,0,0,0,0,0
MID150.BSE_IDX,01/07/2025,10:51:38,16248.48,0,0,0,0,0,0
MID150.BSE_IDX,01/07/2025,10:51:46,16248.45,0,0,0,0,0,0
MID150.BSE_IDX,01/07/2025,10:51:54,16247.63,0,0,0,0,0,0
MID150.BSE_IDX,01/07/2025,10:52:02,16246.76,0,0,0,0,0,0
MID150.BSE_IDX,01/07/2025,10:52:10,16246.34,0,0,0,0,0,0
MID150.BSE_IDX,01/07/2025,10:52:18,16245.07,0,0,0,0,0,0
MID150.BSE_IDX,01/07/2025,10:52:26,16241.87,0,0,0,0,0,0
MID150.BSE_IDX,01/07/2025,10:52:34,16241.45,0,0,0,0,0,0
MID150.BSE_IDX,01/07/2025,10:52:43,16238.81,0,0,0,0,0,0
MID150.BSE_IDX,01/07/2025,10:52:50,16237.37,0,0,0,0,0,0
MID150.BSE_IDX,01/07/2025,10:52:58,16235.84,0,0,0,0,0,0
MID150.BSE_IDX,01/07/2025,10:53:06,16234.44,0,0,0,0,0,0
MID150.BSE_IDX,01/07/2025,10:53:14,16233.98,0,0,0,0,0,0
MID150.BSE_IDX,01/07/2025,10:53:22,16234,0,0,0,0,0,0
MID150.BSE_IDX,01/07/2025,10:53:30,16233.49,0,0,0,0,0,0
MID150.BSE_IDX,01/07/2025,10:53:38,16233.59,0,0,0,0,0,0
MID150.BSE_IDX,01/07/2025,10:53:46,16233.49,0,0,0,0,0,0
MID150.BSE_IDX,01/07/2025,10:53:54,16234.46,0,0,0,0,0,0
MID150.BSE_IDX,01/07/2025,10:54:02,16235.86,0,0,0,0,0,0
MID150.BSE_IDX,01/07/2025,10:54:10,16235.91,0,0,0,0,0,0
MID150.BSE_IDX,01/07/2025,10:54:18,16235.6,0,0,0,0,0,0
MID150.BSE_IDX,01/07/2025,10:54:26,16235.71,0,0,0,0,0,0
MID150.BSE_IDX,01/07/2025,10:54:34,16236.34,0,0,0,0,0,0
MID150.BSE_IDX,01/07/2025,10:54:42,16236.14,0,0,0,0,0,0
MID150.BSE_IDX,01/07/2025,10:54:51,16236.03,0,0,0,0,0,0
MID150.BSE_IDX,01/07/2025,10:54:58,16236.81,0,0,0,0,0,0
MID150.BSE_IDX,01/07/2025,10:55:06,16236.28,0,0,0,0,0,0
MID150.BSE_IDX,01/07/2025,10:55:14,16235.99,0,0,0,0,0,0
MID150.BSE_IDX,01/07/2025,10:55:22,16236.33,0,0,0,0,0,0
MID150.BSE_IDX,01/07/2025,10:55:30,16236.03,0,0,0,0,0,0
MID150.BSE_IDX,01/07/2025,10:55:38,16236.23,0,0,0,0,0,0
MID150.BSE_IDX,01/07/2025,10:55:46,16234.94,0,0,0,0,0,0
MID150.BSE_IDX,01/07/2025,10:55:54,16233.38,0,0,0,0,0,0
MID150.BSE_IDX,01/07/2025,10:56:02,16231.75,0,0,0,0,0,0
MID150.BSE_IDX,01/07/2025,10:56:10,16231.3,0,0,0,0,0,0
MID150.BSE_IDX,01/07/2025,10:56:18,16231.49,0,0,0,0,0,0
MID150.BSE_IDX,01/07/2025,10:56:26,16231.92,0,0,0,0,0,0
MID150.BSE_IDX,01/07/2025,10:56:34,16231.17,0,0,0,0,0,0
MID150.BSE_IDX,01/07/2025,10:56:42,16231.21,0,0,0,0,0,0
MID150.BSE_IDX,01/07/2025,10:56:50,16230.81,0,0,0,0,0,0
MID150.BSE_IDX,01/07/2025,10:56:58,16230.6,0,0,0,0,0,0
MID150.BSE_IDX,01/07/2025,10:57:06,16228.73,0,0,0,0,0,0
MID150.BSE_IDX,01/07/2025,10:57:14,16227.4,0,0,0,0,0,0
MID150.BSE_IDX,01/07/2025,10:57:22,16226.6,0,0,0,0,0,0
MID150.BSE_IDX,01/07/2025,10:57:30,16227.07,0,0,0,0,0,0
MID150.BSE_IDX,01/07/2025,10:57:39,16227.41,0,0,0,0,0,0
MID150.BSE_IDX,01/07/2025,10:57:46,16227.47,0,0,0,0,0,0
MID150.BSE_IDX,01/07/2025,10:57:54,16227.26,0,0,0,0,0,0
MID150.BSE_IDX,01/07/2025,10:58:02,16226.73,0,0,0,0,0,0
MID150.BSE_IDX,01/07/2025,10:58:10,16227.45,0,0,0,0,0,0
MID150.BSE_IDX,01/07/2025,10:58:18,16227.18,0,0,0,0,0,0
MID150.BSE_IDX,01/07/2025,10:58:26,16227.19,0,0,0,0,0,0
MID150.BSE_IDX,01/07/2025,10:58:34,16226.64,0,0,0,0,0,0
MID150.BSE_IDX,01/07/2025,10:58:42,16227.65,0,0,0,0,0,0
MID150.BSE_IDX,01/07/2025,10:58:50,16227.61,0,0,0,0,0,0
MID150.BSE_IDX,01/07/2025,10:58:58,16227.23,0,0,0,0,0,0
MID150.BSE_IDX,01/07/2025,10:59:06,16226.48,0,0,0,0,0,0
MID150.BSE_IDX,01/07/2025,10:59:14,16226.41,0,0,0,0,0,0
MID150.BSE_IDX,01/07/2025,10:59:22,16226.37,0,0,0,0,0,0
MID150.BSE_IDX,01/07/2025,10:59:30,16225.5,0,0,0,0,0,0
MID150.BSE_IDX,01/07/2025,10:59:38,16225.23,0,0,0,0,0,0
MID150.BSE_IDX,01/07/2025,10:59:47,16223.69,0,0,0,0,0,0
MID150.BSE_IDX,01/07/2025,10:59:55,16223.24,0,0,0,0,0,0
MID150.BSE_IDX,01/07/2025,11:00:03,16223.03,0,0,0,0,0,0
MID150.BSE_IDX,01/07/2025,11:00:11,16222.09,0,0,0,0,0,0
MID150.BSE_IDX,01/07/2025,11:00:18,16222.59,0,0,0,0,0,0
MID150.BSE_IDX,01/07/2025,11:00:26,16221.74,0,0,0,0,0,0
MID150.BSE_IDX,01/07/2025,11:00:34,16221.63,0,0,0,0,0,0
MID150.BSE_IDX,01/07/2025,11:00:42,16220.95,0,0,0,0,0,0
MID150.BSE_IDX,01/07/2025,11:00:50,16220.04,0,0,0,0,0,0
MID150.BSE_IDX,01/07/2025,11:00:58,16220.26,0,0,0,0,0,0
MID150.BSE_IDX,01/07/2025,11:01:06,16220.85,0,0,0,0,0,0
MID150.BSE_IDX,01/07/2025,11:01:15,16221.25,0,0,0,0,0,0
MID150.BSE_IDX,01/07/2025,11:01:22,16220.93,0,0,0,0,0,0
MID150.BSE_IDX,01/07/2025,11:01:30,16221.7,0,0,0,0,0,0
MID150.BSE_IDX,01/07/2025,11:01:38,16222.25,0,0,0,0,0,0
MID150.BSE_IDX,01/07/2025,11:01:46,16222.68,0,0,0,0,0,0
MID150.BSE_IDX,01/07/2025,11:01:54,16222.79,0,0,0,0,0,0
MID150.BSE_IDX,01/07/2025,11:02:02,16223.3,0,0,0,0,0,0
MID150.BSE_IDX,01/07/2025,11:02:10,16222.9,0,0,0,0,0,0
MID150.BSE_IDX,01/07/2025,11:02:18,16223.02,0,0,0,0,0,0
MID150.BSE_IDX,01/07/2025,11:02:27,16222.32,0,0,0,0,0,0
MID150.BSE_IDX,01/07/2025,11:02:34,16221.63,0,0,0,0,0,0
MID150.BSE_IDX,01/07/2025,11:02:42,16221.34,0,0,0,0,0,0
MID150.BSE_IDX,01/07/2025,11:02:51,16221.36,0,0,0,0,0,0
MID150.BSE_IDX,01/07/2025,11:02:58,16219.85,0,0,0,0,0,0
MID150.BSE_IDX,01/07/2025,11:03:06,16218.41,0,0,0,0,0,0
MID150.BSE_IDX,01/07/2025,11:03:14,16217.61,0,0,0,0,0,0
MID150.BSE_IDX,01/07/2025,11:03:22,16216.64,0,0,0,0,0,0
MID150.BSE_IDX,01/07/2025,11:03:31,16216.51,0,0,0,0,0,0
MID150.BSE_IDX,01/07/2025,11:03:38,16215.83,0,0,0,0,0,0
MID150.BSE_IDX,01/07/2025,11:03:46,16216.27,0,0,0,0,0,0
MID150.BSE_IDX,01/07/2025,11:03:54,16217.09,0,0,0,0,0,0
MID150.BSE_IDX,01/07/2025,11:04:02,16216.68,0,0,0,0,0,0
MID150.BSE_IDX,01/07/2025,11:04:10,16215.21,0,0,0,0,0,0
MID150.BSE_IDX,01/07/2025,11:04:18,16214.39,0,0,0,0,0,0
MID150.BSE_IDX,01/07/2025,11:04:27,16213.67,0,0,0,0,0,0
MID150.BSE_IDX,01/07/2025,11:04:34,16213.58,0,0,0,0,0,0
MID150.BSE_IDX,01/07/2025,11:04:42,16214.17,0,0,0,0,0,0
MID150.BSE_IDX,01/07/2025,11:04:51,16214.06,0,0,0,0,0,0
MID150.BSE_IDX,01/07/2025,11:04:58,16214.4,0,0,0,0,0,0
MID150.BSE_IDX,01/07/2025,11:05:06,16214.87,0,0,0,0,0,0
MID150.BSE_IDX,01/07/2025,11:05:14,16216.54,0,0,0,0,0,0
MID150.BSE_IDX,01/07/2025,11:05:22,16216.98,0,0,0,0,0,0
MID150.BSE_IDX,01/07/2025,11:05:30,16218.13,0,0,0,0,0,0
MID150.BSE_IDX,01/07/2025,11:05:38,16219.05,0,0,0,0,0,0
MID150.BSE_IDX,01/07/2025,11:05:46,16219.14,0,0,0,0,0,0
MID150.BSE_IDX,01/07/2025,11:05:54,16220.43,0,0,0,0,0,0
MID150.BSE_IDX,01/07/2025,11:06:02,16221.58,0,0,0,0,0,0
MID150.BSE_IDX,01/07/2025,11:06:11,16222.06,0,0,0,0,0,0
MID150.BSE_IDX,01/07/2025,11:06:19,16223.19,0,0,0,0,0,0
MID150.BSE_IDX,01/07/2025,11:06:26,16223.63,0,0,0,0,0,0
MID150.BSE_IDX,01/07/2025,11:06:34,16223.76,0,0,0,0,0,0
MID150.BSE_IDX,01/07/2025,11:06:42,16223.3,0,0,0,0,0,0
MID150.BSE_IDX,01/07/2025,11:06:50,16224.1,0,0,0,0,0,0
MID150.BSE_IDX,01/07/2025,11:06:58,16225.31,0,0,0,0,0,0
MID150.BSE_IDX,01/07/2025,11:07:06,16226.79,0,0,0,0,0,0
MID150.BSE_IDX,01/07/2025,11:07:15,16228.84,0,0,0,0,0,0
MID150.BSE_IDX,01/07/2025,11:07:22,16228.84,0,0,0,0,0,0
MID150.BSE_IDX,01/07/2025,11:07:30,16229.49,0,0,0,0,0,0
MID150.BSE_IDX,01/07/2025,11:07:38,16230.23,0,0,0,0,0,0
MID150.BSE_IDX,01/07/2025,11:07:46,16230.86,0,0,0,0,0,0
MID150.BSE_IDX,01/07/2025,11:07:54,16230.66,0,0,0,0,0,0
MID150.BSE_IDX,01/07/2025,11:08:02,16231.29,0,0,0,0,0,0
MID150.BSE_IDX,01/07/2025,11:08:11,16231.99,0,0,0,0,0,0
MID150.BSE_IDX,01/07/2025,11:08:18,16232.48,0,0,0,0,0,0
MID150.BSE_IDX,01/07/2025,11:08:27,16234.04,0,0,0,0,0,0
MID150.BSE_IDX,01/07/2025,11:08:35,16234.46,0,0,0,0,0,0
MID150.BSE_IDX,01/07/2025,11:08:43,16236.17,0,0,0,0,0,0
MID150.BSE_IDX,01/07/2025,11:08:51,16236.38,0,0,0,0,0,0
MID150.BSE_IDX,01/07/2025,11:08:58,16236.6,0,0,0,0,0,0
MID150.BSE_IDX,01/07/2025,11:09:07,16237.32,0,0,0,0,0,0
MID150.BSE_IDX,01/07/2025,11:09:15,16237.81,0,0,0,0,0,0
MID150.BSE_IDX,01/07/2025,11:09:23,16237.23,0,0,0,0,0,0
MID150.BSE_IDX,01/07/2025,11:09:31,16237.65,0,0,0,0,0,0
MID150.BSE_IDX,01/07/2025,11:09:39,16237.45,0,0,0,0,0,0
MID150.BSE_IDX,01/07/2025,11:09:46,16238.27,0,0,0,0,0,0
MID150.BSE_IDX,01/07/2025,11:09:55,16238.48,0,0,0,0,0,0
MID150.BSE_IDX,01/07/2025,11:10:03,16238.47,0,0,0,0,0,0
MID150.BSE_IDX,01/07/2025,11:10:11,16237.83,0,0,0,0,0,0
MID150.BSE_IDX,01/07/2025,11:10:19,16237.91,0,0,0,0,0,0
MID150.BSE_IDX,01/07/2025,11:10:27,16238.42,0,0,0,0,0,0
MID150.BSE_IDX,01/07/2025,11:10:35,16238.02,0,0,0,0,0,0
MID150.BSE_IDX,01/07/2025,11:10:43,16239.47,0,0,0,0,0,0
MID150.BSE_IDX,01/07/2025,11:10:51,16239.88,0,0,0,0,0,0
MID150.BSE_IDX,01/07/2025,11:10:59,16239.72,0,0,0,0,0,0
MID150.BSE_IDX,01/07/2025,11:11:07,16240.14,0,0,0,0,0,0
MID150.BSE_IDX,01/07/2025,11:11:15,16240.28,0,0,0,0,0,0
MID150.BSE_IDX,01/07/2025,11:11:23,16239.55,0,0,0,0,0,0
MID150.BSE_IDX,01/07/2025,11:11:31,16239.23,0,0,0,0,0,0
MID150.BSE_IDX,01/07/2025,11:11:39,16238.95,0,0,0,0,0,0
MID150.BSE_IDX,01/07/2025,11:11:47,16237.42,0,0,0,0,0,0
MID150.BSE_IDX,01/07/2025,11:11:55,16237.59,0,0,0,0,0,0
MID150.BSE_IDX,01/07/2025,11:12:03,16239.47,0,0,0,0,0,0
MID150.BSE_IDX,01/07/2025,11:12:11,16239.61,0,0,0,0,0,0
MID150.BSE_IDX,01/07/2025,11:12:19,16239.28,0,0,0,0,0,0
MID150.BSE_IDX,01/07/2025,11:12:27,16239.33,0,0,0,0,0,0
MID150.BSE_IDX,01/07/2025,11:12:35,16240.14,0,0,0,0,0,0
MID150.BSE_IDX,01/07/2025,11:12:43,16240.4,0,0,0,0,0,0
MID150.BSE_IDX,01/07/2025,11:12:51,16240.23,0,0,0,0,0,0
MID150.BSE_IDX,01/07/2025,11:12:59,16240.21,0,0,0,0,0,0
MID150.BSE_IDX,01/07/2025,11:13:07,16239.72,0,0,0,0,0,0
MID150.BSE_IDX,01/07/2025,11:13:16,16239.55,0,0,0,0,0,0
MID150.BSE_IDX,01/07/2025,11:13:23,16239.12,0,0,0,0,0,0
MID150.BSE_IDX,01/07/2025,11:13:31,16240.24,0,0,0,0,0,0
MID150.BSE_IDX,01/07/2025,11:13:39,16240.2,0,0,0,0,0,0
MID150.BSE_IDX,01/07/2025,11:13:47,16240.66,0,0,0,0,0,0
MID150.BSE_IDX,01/07/2025,11:13:55,16240.47,0,0,0,0,0,0
MID150.BSE_IDX,01/07/2025,11:14:03,16240.66,0,0,0,0,0,0
MID150.BSE_IDX,01/07/2025,11:14:11,16239.94,0,0,0,0,0,0
MID150.BSE_IDX,01/07/2025,11:14:19,16239.83,0,0,0,0,0,0
MID150.BSE_IDX,01/07/2025,11:14:27,16239.7,0,0,0,0,0,0
MID150.BSE_IDX,01/07/2025,11:14:35,16240.22,0,0,0,0,0,0
MID150.BSE_IDX,01/07/2025,11:14:43,16240.11,0,0,0,0,0,0
MID150.BSE_IDX,01/07/2025,11:14:51,16240.47,0,0,0,0,0,0
MID150.BSE_IDX,01/07/2025,11:14:59,16240.86,0,0,0,0,0,0
MID150.BSE_IDX,01/07/2025,11:15:07,16240.19,0,0,0,0,0,0
MID150.BSE_IDX,01/07/2025,11:15:15,16240.25,0,0,0,0,0,0
MID150.BSE_IDX,01/07/2025,11:15:23,16240.4,0,0,0,0,0,0
MID150.BSE_IDX,01/07/2025,11:15:31,16239.41,0,0,0,0,0,0
MID150.BSE_IDX,01/07/2025,11:15:39,16239.71,0,0,0,0,0,0
MID150.BSE_IDX,01/07/2025,11:15:47,16239.76,0,0,0,0,0,0
MID150.BSE_IDX,01/07/2025,11:15:56,16239.25,0,0,0,0,0,0
MID150.BSE_IDX,01/07/2025,11:16:03,16239.13,0,0,0,0,0,0
MID150.BSE_IDX,01/07/2025,11:16:11,16238.19,0,0,0,0,0,0
MID150.BSE_IDX,01/07/2025,11:16:19,16237.86,0,0,0,0,0,0
MID150.BSE_IDX,01/07/2025,11:16:27,16236.38,0,0,0,0,0,0
MID150.BSE_IDX,01/07/2025,11:16:35,16235.34,0,0,0,0,0,0
MID150.BSE_IDX,01/07/2025,11:16:43,16235.2,0,0,0,0,0,0
MID150.BSE_IDX,01/07/2025,11:16:51,16234.79,0,0,0,0,0,0
MID150.BSE_IDX,01/07/2025,11:16:59,16236.79,0,0,0,0,0,0
MID150.BSE_IDX,01/07/2025,11:17:07,16236.55,0,0,0,0,0,0
MID150.BSE_IDX,01/07/2025,11:17:15,16236.72,0,0,0,0,0,0
MID150.BSE_IDX,01/07/2025,11:17:23,16236.26,0,0,0,0,0,0
MID150.BSE_IDX,01/07/2025,11:17:31,16236.95,0,0,0,0,0,0
MID150.BSE_IDX,01/07/2025,11:17:39,16237.41,0,0,0,0,0,0
MID150.BSE_IDX,01/07/2025,11:17:47,16238.17,0,0,0,0,0,0
MID150.BSE_IDX,01/07/2025,11:17:57,16240.21,0,0,0,0,0,0
MID150.BSE_IDX,01/07/2025,11:18:03,16240.46,0,0,0,0,0,0
MID150.BSE_IDX,01/07/2025,11:18:11,16240.32,0,0,0,0,0,0
MID150.BSE_IDX,01/07/2025,11:18:19,16240.6,0,0,0,0,0,0
MID150.BSE_IDX,01/07/2025,11:18:27,16241.09,0,0,0,0,0,0
MID150.BSE_IDX,01/07/2025,11:18:35,16241.22,0,0,0,0,0,0
MID150.BSE_IDX,01/07/2025,11:18:44,16242.29,0,0,0,0,0,0
MID150.BSE_IDX,01/07/2025,11:18:51,16241.46,0,0,0,0,0,0
MID150.BSE_IDX,01/07/2025,11:18:59,16240.41,0,0,0,0,0,0
MID150.BSE_IDX,01/07/2025,11:19:08,16240.11,0,0,0,0,0,0
MID150.BSE_IDX,01/07/2025,11:19:15,16238.83,0,0,0,0,0,0
MID150.BSE_IDX,01/07/2025,11:19:23,16238.53,0,0,0,0,0,0
MID150.BSE_IDX,01/07/2025,11:19:31,16236.79,0,0,0,0,0,0
MID150.BSE_IDX,01/07/2025,11:19:39,16236.26,0,0,0,0,0,0
MID150.BSE_IDX,01/07/2025,11:19:47,16235.21,0,0,0,0,0,0
MID150.BSE_IDX,01/07/2025,11:19:55,16233.78,0,0,0,0,0,0
MID150.BSE_IDX,01/07/2025,11:20:03,16234.41,0,0,0,0,0,0
MID150.BSE_IDX,01/07/2025,11:20:11,16233.74,0,0,0,0,0,0
MID150.BSE_IDX,01/07/2025,11:20:19,16233.29,0,0,0,0,0,0
MID150.BSE_IDX,01/07/2025,11:20:27,16233.67,0,0,0,0,0,0
MID150.BSE_IDX,01/07/2025,11:20:35,16234.64,0,0,0,0,0,0
MID150.BSE_IDX,01/07/2025,11:20:43,16233.81,0,0,0,0,0,0
MID150.BSE_IDX,01/07/2025,11:20:51,16233.39,0,0,0,0,0,0
MID150.BSE_IDX,01/07/2025,11:20:59,16233.02,0,0,0,0,0,0
MID150.BSE_IDX,01/07/2025,11:21:07,16233.84,0,0,0,0,0,0
MID150.BSE_IDX,01/07/2025,11:21:15,16234.26,0,0,0,0,0,0
MID150.BSE_IDX,01/07/2025,11:21:24,16235.04,0,0,0,0,0,0
MID150.BSE_IDX,01/07/2025,11:21:31,16235.67,0,0,0,0,0,0
MID150.BSE_IDX,01/07/2025,11:21:39,16235.79,0,0,0,0,0,0
MID150.BSE_IDX,01/07/2025,11:21:47,16235.92,0,0,0,0,0,0
MID150.BSE_IDX,01/07/2025,11:21:56,16235.52,0,0,0,0,0,0
MID150.BSE_IDX,01/07/2025,11:22:03,16236.3,0,0,0,0,0,0
MID150.BSE_IDX,01/07/2025,11:22:11,16236.46,0,0,0,0,0,0
MID150.BSE_IDX,01/07/2025,11:22:19,16237.14,0,0,0,0,0,0
MID150.BSE_IDX,01/07/2025,11:22:28,16237.07,0,0,0,0,0,0
MID150.BSE_IDX,01/07/2025,11:22:35,16236.32,0,0,0,0,0,0
MID150.BSE_IDX,01/07/2025,11:22:43,16235.9,0,0,0,0,0,0
MID150.BSE_IDX,01/07/2025,11:22:51,16235.67,0,0,0,0,0,0
MID150.BSE_IDX,01/07/2025,11:22:59,16235.65,0,0,0,0,0,0
MID150.BSE_IDX,01/07/2025,11:23:07,16235.89,0,0,0,0,0,0
MID150.BSE_IDX,01/07/2025,11:23:15,16235.34,0,0,0,0,0,0
MID150.BSE_IDX,01/07/2025,11:23:23,16234.81,0,0,0,0,0,0
MID150.BSE_IDX,01/07/2025,11:23:31,16234.11,0,0,0,0,0,0
MID150.BSE_IDX,01/07/2025,11:23:39,16234.78,0,0,0,0,0,0
MID150.BSE_IDX,01/07/2025,11:23:47,16234.08,0,0,0,0,0,0
MID150.BSE_IDX,01/07/2025,11:23:55,16234.43,0,0,0,0,0,0
MID150.BSE_IDX,01/07/2025,11:24:04,16234.62,0,0,0,0,0,0
MID150.BSE_IDX,01/07/2025,11:24:11,16235.49,0,0,0,0,0,0
MID150.BSE_IDX,01/07/2025,11:24:19,16235.62,0,0,0,0,0,0
MID150.BSE_IDX,01/07/2025,11:24:27,16236.15,0,0,0,0,0,0
MID150.BSE_IDX,01/07/2025,11:24:35,16235.74,0,0,0,0,0,0
MID150.BSE_IDX,01/07/2025,11:24:43,16235.86,0,0,0,0,0,0
MID150.BSE_IDX,01/07/2025,11:24:52,16234.95,0,0,0,0,0,0
MID150.BSE_IDX,01/07/2025,11:25:00,16235.19,0,0,0,0,0,0
MID150.BSE_IDX,01/07/2025,11:25:07,16235.08,0,0,0,0,0,0
MID150.BSE_IDX,01/07/2025,11:25:15,16235.48,0,0,0,0,0,0
MID150.BSE_IDX,01/07/2025,11:25:23,16235.4,0,0,0,0,0,0
MID150.BSE_IDX,01/07/2025,11:25:31,16234.98,0,0,0,0,0,0
MID150.BSE_IDX,01/07/2025,11:25:41,16235.37,0,0,0,0,0,0
MID150.BSE_IDX,01/07/2025,11:25:47,16235.69,0,0,0,0,0,0
MID150.BSE_IDX,01/07/2025,11:25:55,16235.14,0,0,0,0,0,0
MID150.BSE_IDX,01/07/2025,11:26:03,16235.47,0,0,0,0,0,0
MID150.BSE_IDX,01/07/2025,11:26:11,16235.92,0,0,0,0,0,0
MID150.BSE_IDX,01/07/2025,11:26:19,16236.49,0,0,0,0,0,0
MID150.BSE_IDX,01/07/2025,11:26:27,16236.46,0,0,0,0,0,0
MID150.BSE_IDX,01/07/2025,11:26:35,16236.86,0,0,0,0,0,0
MID150.BSE_IDX,01/07/2025,11:26:43,16236.5,0,0,0,0,0,0
MID150.BSE_IDX,01/07/2025,11:26:51,16236.8,0,0,0,0,0,0
MID150.BSE_IDX,01/07/2025,11:26:59,16237.83,0,0,0,0,0,0
MID150.BSE_IDX,01/07/2025,11:27:07,16237.58,0,0,0,0,0,0
MID150.BSE_IDX,01/07/2025,11:27:15,16237.4,0,0,0,0,0,0
MID150.BSE_IDX,01/07/2025,11:27:23,16236.18,0,0,0,0,0,0
MID150.BSE_IDX,01/07/2025,11:27:31,16236.51,0,0,0,0,0,0
MID150.BSE_IDX,01/07/2025,11:27:39,16236.87,0,0,0,0,0,0
MID150.BSE_IDX,01/07/2025,11:27:47,16236.92,0,0,0,0,0,0
MID150.BSE_IDX,01/07/2025,11:27:55,16236.99,0,0,0,0,0,0
MID150.BSE_IDX,01/07/2025,11:28:03,16237.28,0,0,0,0,0,0
MID150.BSE_IDX,01/07/2025,11:28:11,16237.65,0,0,0,0,0,0
MID150.BSE_IDX,01/07/2025,11:28:19,16237.73,0,0,0,0,0,0
MID150.BSE_IDX,01/07/2025,11:28:27,16237.16,0,0,0,0,0,0
MID150.BSE_IDX,01/07/2025,11:28:36,16237.8,0,0,0,0,0,0
MID150.BSE_IDX,01/07/2025,11:28:43,16237.46,0,0,0,0,0,0
MID150.BSE_IDX,01/07/2025,11:28:51,16237.85,0,0,0,0,0,0
MID150.BSE_IDX,01/07/2025,11:28:59,16238,0,0,0,0,0,0
MID150.BSE_IDX,01/07/2025,11:29:07,16237.89,0,0,0,0,0,0
MID150.BSE_IDX,01/07/2025,11:29:16,16238.09,0,0,0,0,0,0
MID150.BSE_IDX,01/07/2025,11:29:24,16238.55,0,0,0,0,0,0
MID150.BSE_IDX,01/07/2025,11:29:31,16238.93,0,0,0,0,0,0
MID150.BSE_IDX,01/07/2025,11:29:39,16239.82,0,0,0,0,0,0
MID150.BSE_IDX,01/07/2025,11:29:47,16240.17,0,0,0,0,0,0
MID150.BSE_IDX,01/07/2025,11:29:55,16240.5,0,0,0,0,0,0
MID150.BSE_IDX,01/07/2025,11:30:03,16240.78,0,0,0,0,0,0
MID150.BSE_IDX,01/07/2025,11:30:11,16240.66,0,0,0,0,0,0
MID150.BSE_IDX,01/07/2025,11:30:19,16240.92,0,0,0,0,0,0
MID150.BSE_IDX,01/07/2025,11:30:27,16241.07,0,0,0,0,0,0
MID150.BSE_IDX,01/07/2025,11:30:35,16241.33,0,0,0,0,0,0
MID150.BSE_IDX,01/07/2025,11:30:43,16241.75,0,0,0,0,0,0
MID150.BSE_IDX,01/07/2025,11:30:51,16240.55,0,0,0,0,0,0
MID150.BSE_IDX,01/07/2025,11:30:59,16240.07,0,0,0,0,0,0
MID150.BSE_IDX,01/07/2025,11:31:07,16240.76,0,0,0,0,0,0
MID150.BSE_IDX,01/07/2025,11:31:15,16241.1,0,0,0,0,0,0
MID150.BSE_IDX,01/07/2025,11:31:23,16240.31,0,0,0,0,0,0
MID150.BSE_IDX,01/07/2025,11:31:31,16240.51,0,0,0,0,0,0
MID150.BSE_IDX,01/07/2025,11:31:39,16240.79,0,0,0,0,0,0
MID150.BSE_IDX,01/07/2025,11:31:47,16240.67,0,0,0,0,0,0
MID150.BSE_IDX,01/07/2025,11:31:55,16240.5,0,0,0,0,0,0
MID150.BSE_IDX,01/07/2025,11:32:04,16240.26,0,0,0,0,0,0
MID150.BSE_IDX,01/07/2025,11:32:11,16239.58,0,0,0,0,0,0
MID150.BSE_IDX,01/07/2025,11:32:19,16238.85,0,0,0,0,0,0
MID150.BSE_IDX,01/07/2025,11:32:27,16238.67,0,0,0,0,0,0
MID150.BSE_IDX,01/07/2025,11:32:35,16238.37,0,0,0,0,0,0
MID150.BSE_IDX,01/07/2025,11:32:43,16238.28,0,0,0,0,0,0
MID150.BSE_IDX,01/07/2025,11:32:51,16237.97,0,0,0,0,0,0
MID150.BSE_IDX,01/07/2025,11:32:59,16236.6,0,0,0,0,0,0
MID150.BSE_IDX,01/07/2025,11:33:07,16235.09,0,0,0,0,0,0
MID150.BSE_IDX,01/07/2025,11:33:15,16234.96,0,0,0,0,0,0
MID150.BSE_IDX,01/07/2025,11:33:23,16234.23,0,0,0,0,0,0
MID150.BSE_IDX,01/07/2025,11:33:31,16234.37,0,0,0,0,0,0
MID150.BSE_IDX,01/07/2025,11:33:39,16233.97,0,0,0,0,0,0
MID150.BSE_IDX,01/07/2025,11:33:47,16233.77,0,0,0,0,0,0
MID150.BSE_IDX,01/07/2025,11:33:55,16234.23,0,0,0,0,0,0
MID150.BSE_IDX,01/07/2025,11:34:03,16233.78,0,0,0,0,0,0
MID150.BSE_IDX,01/07/2025,11:34:12,16234.42,0,0,0,0,0,0
MID150.BSE_IDX,01/07/2025,11:34:19,16234.28,0,0,0,0,0,0
MID150.BSE_IDX,01/07/2025,11:34:27,16234.17,0,0,0,0,0,0
MID150.BSE_IDX,01/07/2025,11:34:35,16233.47,0,0,0,0,0,0
MID150.BSE_IDX,01/07/2025,11:34:43,16233.54,0,0,0,0,0,0
MID150.BSE_IDX,01/07/2025,11:34:51,16232.91,0,0,0,0,0,0
MID150.BSE_IDX,01/07/2025,11:34:59,16231.97,0,0,0,0,0,0
MID150.BSE_IDX,01/07/2025,11:35:07,16231.08,0,0,0,0,0,0
MID150.BSE_IDX,01/07/2025,11:35:16,16230.14,0,0,0,0,0,0
MID150.BSE_IDX,01/07/2025,11:35:23,16229.53,0,0,0,0,0,0
MID150.BSE_IDX,01/07/2025,11:35:32,16229.31,0,0,0,0,0,0
MID150.BSE_IDX,01/07/2025,11:35:39,16229.22,0,0,0,0,0,0
MID150.BSE_IDX,01/07/2025,11:35:47,16229.4,0,0,0,0,0,0
MID150.BSE_IDX,01/07/2025,11:35:55,16229.76,0,0,0,0,0,0
MID150.BSE_IDX,01/07/2025,11:36:04,16229.67,0,0,0,0,0,0
MID150.BSE_IDX,01/07/2025,11:36:11,16230.6,0,0,0,0,0,0
MID150.BSE_IDX,01/07/2025,11:36:19,16229.99,0,0,0,0,0,0
MID150.BSE_IDX,01/07/2025,11:36:28,16229.73,0,0,0,0,0,0
MID150.BSE_IDX,01/07/2025,11:36:35,16229.75,0,0,0,0,0,0
MID150.BSE_IDX,01/07/2025,11:36:43,16230.62,0,0,0,0,0,0
MID150.BSE_IDX,01/07/2025,11:36:54,16230.7,0,0,0,0,0,0
MID150.BSE_IDX,01/07/2025,11:36:59,16230.39,0,0,0,0,0,0
MID150.BSE_IDX,01/07/2025,11:37:07,16230.35,0,0,0,0,0,0
MID150.BSE_IDX,01/07/2025,11:37:15,16230.04,0,0,0,0,0,0
MID150.BSE_IDX,01/07/2025,11:37:23,16229.66,0,0,0,0,0,0
MID150.BSE_IDX,01/07/2025,11:37:31,16230.56,0,0,0,0,0,0
MID150.BSE_IDX,01/07/2025,11:37:41,16230.36,0,0,0,0,0,0
MID150.BSE_IDX,01/07/2025,11:37:47,16231.81,0,0,0,0,0,0
MID150.BSE_IDX,01/07/2025,11:37:55,16231.47,0,0,0,0,0,0
MID150.BSE_IDX,01/07/2025,11:38:03,16232.17,0,0,0,0,0,0
MID150.BSE_IDX,01/07/2025,11:38:11,16232.01,0,0,0,0,0,0
MID150.BSE_IDX,01/07/2025,11:38:20,16231.44,0,0,0,0,0,0
MID150.BSE_IDX,01/07/2025,11:38:27,16231.54,0,0,0,0,0,0
MID150.BSE_IDX,01/07/2025,11:38:35,16231.39,0,0,0,0,0,0
MID150.BSE_IDX,01/07/2025,11:38:43,16231.55,0,0,0,0,0,0
MID150.BSE_IDX,01/07/2025,11:38:51,16231.36,0,0,0,0,0,0
MID150.BSE_IDX,01/07/2025,11:38:59,16231.66,0,0,0,0,0,0
MID150.BSE_IDX,01/07/2025,11:39:07,16231.38,0,0,0,0,0,0
MID150.BSE_IDX,01/07/2025,11:39:16,16232.71,0,0,0,0,0,0
MID150.BSE_IDX,01/07/2025,11:39:23,16234.13,0,0,0,0,0,0
MID150.BSE_IDX,01/07/2025,11:39:31,16234.38,0,0,0,0,0,0
MID150.BSE_IDX,01/07/2025,11:39:39,16233.6,0,0,0,0,0,0
MID150.BSE_IDX,01/07/2025,11:39:47,16233.73,0,0,0,0,0,0
MID150.BSE_IDX,01/07/2025,11:39:55,16233.72,0,0,0,0,0,0
MID150.BSE_IDX,01/07/2025,11:40:03,16233.75,0,0,0,0,0,0
MID150.BSE_IDX,01/07/2025,11:40:11,16234.86,0,0,0,0,0,0
MID150.BSE_IDX,01/07/2025,11:40:19,16235.38,0,0,0,0,0,0
MID150.BSE_IDX,01/07/2025,11:40:27,16235.78,0,0,0,0,0,0
MID150.BSE_IDX,01/07/2025,11:40:35,16235.79,0,0,0,0,0,0
MID150.BSE_IDX,01/07/2025,11:40:43,16236.34,0,0,0,0,0,0
MID150.BSE_IDX,01/07/2025,11:40:51,16236.38,0,0,0,0,0,0
MID150.BSE_IDX,01/07/2025,11:41:00,16235.47,0,0,0,0,0,0
MID150.BSE_IDX,01/07/2025,11:41:07,16235.63,0,0,0,0,0,0
MID150.BSE_IDX,01/07/2025,11:41:15,16235.75,0,0,0,0,0,0
MID150.BSE_IDX,01/07/2025,11:41:24,16236.32,0,0,0,0,0,0
MID150.BSE_IDX,01/07/2025,11:41:32,16235.76,0,0,0,0,0,0
MID150.BSE_IDX,01/07/2025,11:41:39,16237.04,0,0,0,0,0,0
MID150.BSE_IDX,01/07/2025,11:41:48,16237.5,0,0,0,0,0,0
MID150.BSE_IDX,01/07/2025,11:41:56,16236.42,0,0,0,0,0,0
MID150.BSE_IDX,01/07/2025,11:42:04,16236.72,0,0,0,0,0,0
MID150.BSE_IDX,01/07/2025,11:42:12,16237.2,0,0,0,0,0,0
MID150.BSE_IDX,01/07/2025,11:42:20,16237.55,0,0,0,0,0,0
MID150.BSE_IDX,01/07/2025,11:42:28,16238.9,0,0,0,0,0,0
MID150.BSE_IDX,01/07/2025,11:42:36,16239.33,0,0,0,0,0,0
MID150.BSE_IDX,01/07/2025,11:42:44,16239.79,0,0,0,0,0,0
MID150.BSE_IDX,01/07/2025,11:42:52,16239.96,0,0,0,0,0,0
MID150.BSE_IDX,01/07/2025,11:43:00,16240.3,0,0,0,0,0,0
MID150.BSE_IDX,01/07/2025,11:43:08,16240.4,0,0,0,0,0,0
MID150.BSE_IDX,01/07/2025,11:43:16,16240.16,0,0,0,0,0,0
MID150.BSE_IDX,01/07/2025,11:43:24,16239.8,0,0,0,0,0,0
MID150.BSE_IDX,01/07/2025,11:43:32,16239.48,0,0,0,0,0,0
MID150.BSE_IDX,01/07/2025,11:43:40,16239.01,0,0,0,0,0,0
MID150.BSE_IDX,01/07/2025,11:43:48,16238.85,0,0,0,0,0,0
MID150.BSE_IDX,01/07/2025,11:43:56,16238.42,0,0,0,0,0,0
MID150.BSE_IDX,01/07/2025,11:44:04,16239,0,0,0,0,0,0
MID150.BSE_IDX,01/07/2025,11:44:12,16239.62,0,0,0,0,0,0
MID150.BSE_IDX,01/07/2025,11:44:20,16240.07,0,0,0,0,0,0
MID150.BSE_IDX,01/07/2025,11:44:28,16240.53,0,0,0,0,0,0
MID150.BSE_IDX,01/07/2025,11:44:36,16240.24,0,0,0,0,0,0
MID150.BSE_IDX,01/07/2025,11:44:44,16240.53,0,0,0,0,0,0
MID150.BSE_IDX,01/07/2025,11:44:52,16239.66,0,0,0,0,0,0
MID150.BSE_IDX,01/07/2025,11:45:00,16239.81,0,0,0,0,0,0
MID150.BSE_IDX,01/07/2025,11:45:08,16239.64,0,0,0,0,0,0
MID150.BSE_IDX,01/07/2025,11:45:16,16239.51,0,0,0,0,0,0
MID150.BSE_IDX,01/07/2025,11:45:24,16239.21,0,0,0,0,0,0
MID150.BSE_IDX,01/07/2025,11:45:32,16239.25,0,0,0,0,0,0
MID150.BSE_IDX,01/07/2025,11:45:40,16238.66,0,0,0,0,0,0
MID150.BSE_IDX,01/07/2025,11:45:48,16238.44,0,0,0,0,0,0
MID150.BSE_IDX,01/07/2025,11:45:56,16239.18,0,0,0,0,0,0
MID150.BSE_IDX,01/07/2025,11:46:04,16238.46,0,0,0,0,0,0
MID150.BSE_IDX,01/07/2025,11:46:12,16238.37,0,0,0,0,0,0
MID150.BSE_IDX,01/07/2025,11:46:20,16238.04,0,0,0,0,0,0
MID150.BSE_IDX,01/07/2025,11:46:28,16237.82,0,0,0,0,0,0
MID150.BSE_IDX,01/07/2025,11:46:36,16239.02,0,0,0,0,0,0
MID150.BSE_IDX,01/07/2025,11:46:44,16239.04,0,0,0,0,0,0
MID150.BSE_IDX,01/07/2025,11:46:52,16238.96,0,0,0,0,0,0
MID150.BSE_IDX,01/07/2025,11:47:00,16239.79,0,0,0,0,0,0
MID150.BSE_IDX,01/07/2025,11:47:08,16238.55,0,0,0,0,0,0
MID150.BSE_IDX,01/07/2025,11:47:16,16238.49,0,0,0,0,0,0
MID150.BSE_IDX,01/07/2025,11:47:24,16238.47,0,0,0,0,0,0
MID150.BSE_IDX,01/07/2025,11:47:32,16238.42,0,0,0,0,0,0
MID150.BSE_IDX,01/07/2025,11:47:40,16238.48,0,0,0,0,0,0
MID150.BSE_IDX,01/07/2025,11:47:48,16238.22,0,0,0,0,0,0
MID150.BSE_IDX,01/07/2025,11:47:56,16237.64,0,0,0,0,0,0
MID150.BSE_IDX,01/07/2025,11:48:04,16237.17,0,0,0,0,0,0
MID150.BSE_IDX,01/07/2025,11:48:12,16237.13,0,0,0,0,0,0
MID150.BSE_IDX,01/07/2025,11:48:20,16237.76,0,0,0,0,0,0
MID150.BSE_IDX,01/07/2025,11:48:28,16237.83,0,0,0,0,0,0
MID150.BSE_IDX,01/07/2025,11:48:36,16237.67,0,0,0,0,0,0
MID150.BSE_IDX,01/07/2025,11:48:44,16237.96,0,0,0,0,0,0
MID150.BSE_IDX,01/07/2025,11:48:52,16238.28,0,0,0,0,0,0
MID150.BSE_IDX,01/07/2025,11:49:01,16238.2,0,0,0,0,0,0
MID150.BSE_IDX,01/07/2025,11:49:09,16238.45,0,0,0,0,0,0
MID150.BSE_IDX,01/07/2025,11:49:16,16238.7,0,0,0,0,0,0
MID150.BSE_IDX,01/07/2025,11:49:24,16238.22,0,0,0,0,0,0
MID150.BSE_IDX,01/07/2025,11:49:32,16238.13,0,0,0,0,0,0
MID150.BSE_IDX,01/07/2025,11:49:40,16237.81,0,0,0,0,0,0
MID150.BSE_IDX,01/07/2025,11:49:49,16237.21,0,0,0,0,0,0
MID150.BSE_IDX,01/07/2025,11:49:56,16237.56,0,0,0,0,0,0
MID150.BSE_IDX,01/07/2025,11:50:04,16236.8,0,0,0,0,0,0
MID150.BSE_IDX,01/07/2025,11:50:12,16236.1,0,0,0,0,0,0
MID150.BSE_IDX,01/07/2025,11:50:20,16235.76,0,0,0,0,0,0
MID150.BSE_IDX,01/07/2025,11:50:28,16235.32,0,0,0,0,0,0
MID150.BSE_IDX,01/07/2025,11:50:36,16235.87,0,0,0,0,0,0
MID150.BSE_IDX,01/07/2025,11:50:44,16235.32,0,0,0,0,0,0
MID150.BSE_IDX,01/07/2025,11:50:52,16234.94,0,0,0,0,0,0
MID150.BSE_IDX,01/07/2025,11:51:00,16234.34,0,0,0,0,0,0
MID150.BSE_IDX,01/07/2025,11:51:08,16234.66,0,0,0,0,0,0
MID150.BSE_IDX,01/07/2025,11:51:16,16233.63,0,0,0,0,0,0
MID150.BSE_IDX,01/07/2025,11:51:24,16233.13,0,0,0,0,0,0
MID150.BSE_IDX,01/07/2025,11:51:32,16233.45,0,0,0,0,0,0
MID150.BSE_IDX,01/07/2025,11:51:40,16233.84,0,0,0,0,0,0
MID150.BSE_IDX,01/07/2025,11:51:48,16233.8,0,0,0,0,0,0
MID150.BSE_IDX,01/07/2025,11:51:56,16233.85,0,0,0,0,0,0
MID150.BSE_IDX,01/07/2025,11:52:04,16234.62,0,0,0,0,0,0
MID150.BSE_IDX,01/07/2025,11:52:12,16234.79,0,0,0,0,0,0
MID150.BSE_IDX,01/07/2025,11:52:20,16234.92,0,0,0,0,0,0
MID150.BSE_IDX,01/07/2025,11:52:28,16235.17,0,0,0,0,0,0
MID150.BSE_IDX,01/07/2025,11:52:36,16235.69,0,0,0,0,0,0
MID150.BSE_IDX,01/07/2025,11:52:44,16234.68,0,0,0,0,0,0
MID150.BSE_IDX,01/07/2025,11:52:52,16234.08,0,0,0,0,0,0
MID150.BSE_IDX,01/07/2025,11:53:00,16232.85,0,0,0,0,0,0
MID150.BSE_IDX,01/07/2025,11:53:08,16231.53,0,0,0,0,0,0
MID150.BSE_IDX,01/07/2025,11:53:16,16231.12,0,0,0,0,0,0
MID150.BSE_IDX,01/07/2025,11:53:24,16231.17,0,0,0,0,0,0
MID150.BSE_IDX,01/07/2025,11:53:32,16230.18,0,0,0,0,0,0
MID150.BSE_IDX,01/07/2025,11:53:40,16229.78,0,0,0,0,0,0
MID150.BSE_IDX,01/07/2025,11:53:48,16229.37,0,0,0,0,0,0
MID150.BSE_IDX,01/07/2025,11:53:56,16229.13,0,0,0,0,0,0
MID150.BSE_IDX,01/07/2025,11:54:04,16227.91,0,0,0,0,0,0
MID150.BSE_IDX,01/07/2025,11:54:12,16226.08,0,0,0,0,0,0
MID150.BSE_IDX,01/07/2025,11:54:20,16225.49,0,0,0,0,0,0
MID150.BSE_IDX,01/07/2025,11:54:28,16224.25,0,0,0,0,0,0
MID150.BSE_IDX,01/07/2025,11:54:36,16224.5,0,0,0,0,0,0
MID150.BSE_IDX,01/07/2025,11:54:44,16223.92,0,0,0,0,0,0
MID150.BSE_IDX,01/07/2025,11:54:52,16223.32,0,0,0,0,0,0
MID150.BSE_IDX,01/07/2025,11:55:00,16223.89,0,0,0,0,0,0
MID150.BSE_IDX,01/07/2025,11:55:08,16223.91,0,0,0,0,0,0
MID150.BSE_IDX,01/07/2025,11:55:17,16223.27,0,0,0,0,0,0
MID150.BSE_IDX,01/07/2025,11:55:24,16223.95,0,0,0,0,0,0
MID150.BSE_IDX,01/07/2025,11:55:32,16223.85,0,0,0,0,0,0
MID150.BSE_IDX,01/07/2025,11:55:40,16224.65,0,0,0,0,0,0
MID150.BSE_IDX,01/07/2025,11:55:48,16224.7,0,0,0,0,0,0
MID150.BSE_IDX,01/07/2025,11:55:56,16224.07,0,0,0,0,0,0
MID150.BSE_IDX,01/07/2025,11:56:05,16223.97,0,0,0,0,0,0
MID150.BSE_IDX,01/07/2025,11:56:12,16221.63,0,0,0,0,0,0
MID150.BSE_IDX,01/07/2025,11:56:20,16219.24,0,0,0,0,0,0
MID150.BSE_IDX,01/07/2025,11:56:28,16218.81,0,0,0,0,0,0
MID150.BSE_IDX,01/07/2025,11:56:36,16218.67,0,0,0,0,0,0
MID150.BSE_IDX,01/07/2025,11:56:44,16218.21,0,0,0,0,0,0
MID150.BSE_IDX,01/07/2025,11:56:52,16218.56,0,0,0,0,0,0
MID150.BSE_IDX,01/07/2025,11:57:00,16218.71,0,0,0,0,0,0
MID150.BSE_IDX,01/07/2025,11:57:08,16217.75,0,0,0,0,0,0
MID150.BSE_IDX,01/07/2025,11:57:16,16217.79,0,0,0,0,0,0
MID150.BSE_IDX,01/07/2025,11:57:24,16218.42,0,0,0,0,0,0
MID150.BSE_IDX,01/07/2025,11:57:32,16218.4,0,0,0,0,0,0
MID150.BSE_IDX,01/07/2025,11:57:40,16217.9,0,0,0,0,0,0
MID150.BSE_IDX,01/07/2025,11:57:48,16217.48,0,0,0,0,0,0
MID150.BSE_IDX,01/07/2025,11:57:56,16216.8,0,0,0,0,0,0
MID150.BSE_IDX,01/07/2025,11:58:04,16216.77,0,0,0,0,0,0
MID150.BSE_IDX,01/07/2025,11:58:12,16216.16,0,0,0,0,0,0
MID150.BSE_IDX,01/07/2025,11:58:20,16216.21,0,0,0,0,0,0
MID150.BSE_IDX,01/07/2025,11:58:28,16216.31,0,0,0,0,0,0
MID150.BSE_IDX,01/07/2025,11:58:36,16216,0,0,0,0,0,0
MID150.BSE_IDX,01/07/2025,11:58:44,16215.97,0,0,0,0,0,0
MID150.BSE_IDX,01/07/2025,11:58:52,16216.37,0,0,0,0,0,0
MID150.BSE_IDX,01/07/2025,11:59:00,16216.81,0,0,0,0,0,0
MID150.BSE_IDX,01/07/2025,11:59:08,16217.05,0,0,0,0,0,0
MID150.BSE_IDX,01/07/2025,11:59:16,16217.34,0,0,0,0,0,0
MID150.BSE_IDX,01/07/2025,11:59:24,16217.92,0,0,0,0,0,0
MID150.BSE_IDX,01/07/2025,11:59:32,16219.35,0,0,0,0,0,0
MID150.BSE_IDX,01/07/2025,11:59:40,16220.22,0,0,0,0,0,0
MID150.BSE_IDX,01/07/2025,11:59:48,16220.92,0,0,0,0,0,0
MID150.BSE_IDX,01/07/2025,11:59:56,16220.79,0,0,0,0,0,0
MID150.BSE_IDX,01/07/2025,12:00:05,16221.26,0,0,0,0,0,0
MID150.BSE_IDX,01/07/2025,12:00:12,16221.57,0,0,0,0,0,0
MID150.BSE_IDX,01/07/2025,12:00:20,16221.23,0,0,0,0,0,0
MID150.BSE_IDX,01/07/2025,12:00:28,16221.23,0,0,0,0,0,0
MID150.BSE_IDX,01/07/2025,12:00:37,16220.15,0,0,0,0,0,0
MID150.BSE_IDX,01/07/2025,12:00:44,16219.29,0,0,0,0,0,0
MID150.BSE_IDX,01/07/2025,12:00:52,16220.09,0,0,0,0,0,0
MID150.BSE_IDX,01/07/2025,12:01:00,16219.66,0,0,0,0,0,0
MID150.BSE_IDX,01/07/2025,12:01:08,16218.94,0,0,0,0,0,0
MID150.BSE_IDX,01/07/2025,12:01:16,16219.13,0,0,0,0,0,0
MID150.BSE_IDX,01/07/2025,12:01:24,16220.06,0,0,0,0,0,0
MID150.BSE_IDX,01/07/2025,12:01:32,16220.06,0,0,0,0,0,0
MID150.BSE_IDX,01/07/2025,12:01:40,16219.69,0,0,0,0,0,0
MID150.BSE_IDX,01/07/2025,12:01:48,16219.54,0,0,0,0,0,0
MID150.BSE_IDX,01/07/2025,12:01:57,16219.22,0,0,0,0,0,0
MID150.BSE_IDX,01/07/2025,12:02:04,16219.46,0,0,0,0,0,0
MID150.BSE_IDX,01/07/2025,12:02:12,16219.4,0,0,0,0,0,0
MID150.BSE_IDX,01/07/2025,12:02:20,16219.28,0,0,0,0,0,0
MID150.BSE_IDX,01/07/2025,12:02:28,16219.34,0,0,0,0,0,0
MID150.BSE_IDX,01/07/2025,12:02:36,16219.07,0,0,0,0,0,0
MID150.BSE_IDX,01/07/2025,12:02:44,16219.1,0,0,0,0,0,0
MID150.BSE_IDX,01/07/2025,12:02:52,16218.91,0,0,0,0,0,0
MID150.BSE_IDX,01/07/2025,12:03:00,16218.82,0,0,0,0,0,0
MID150.BSE_IDX,01/07/2025,12:03:08,16218.06,0,0,0,0,0,0
MID150.BSE_IDX,01/07/2025,12:03:17,16217.68,0,0,0,0,0,0
MID150.BSE_IDX,01/07/2025,12:03:24,16216.74,0,0,0,0,0,0
MID150.BSE_IDX,01/07/2025,12:03:32,16216.55,0,0,0,0,0,0
MID150.BSE_IDX,01/07/2025,12:03:40,16216.74,0,0,0,0,0,0
MID150.BSE_IDX,01/07/2025,12:03:48,16217.01,0,0,0,0,0,0
MID150.BSE_IDX,01/07/2025,12:03:56,16216.61,0,0,0,0,0,0
MID150.BSE_IDX,01/07/2025,12:04:04,16216.72,0,0,0,0,0,0
MID150.BSE_IDX,01/07/2025,12:04:12,16216.03,0,0,0,0,0,0
MID150.BSE_IDX,01/07/2025,12:04:20,16216,0,0,0,0,0,0
MID150.BSE_IDX,01/07/2025,12:04:28,16216.36,0,0,0,0,0,0
MID150.BSE_IDX,01/07/2025,12:04:36,16216.13,0,0,0,0,0,0
MID150.BSE_IDX,01/07/2025,12:04:44,16215.86,0,0,0,0,0,0
MID150.BSE_IDX,01/07/2025,12:04:52,16215.12,0,0,0,0,0,0
MID150.BSE_IDX,01/07/2025,12:05:01,16215.38,0,0,0,0,0,0
MID150.BSE_IDX,01/07/2025,12:05:08,16215.29,0,0,0,0,0,0
MID150.BSE_IDX,01/07/2025,12:05:16,16216.28,0,0,0,0,0,0
MID150.BSE_IDX,01/07/2025,12:05:24,16216.14,0,0,0,0,0,0
MID150.BSE_IDX,01/07/2025,12:05:32,16216.04,0,0,0,0,0,0
MID150.BSE_IDX,01/07/2025,12:05:40,16215.81,0,0,0,0,0,0
MID150.BSE_IDX,01/07/2025,12:05:48,16215.79,0,0,0,0,0,0
MID150.BSE_IDX,01/07/2025,12:05:56,16216.13,0,0,0,0,0,0
MID150.BSE_IDX,01/07/2025,12:06:04,16216.1,0,0,0,0,0,0
MID150.BSE_IDX,01/07/2025,12:06:12,16217.4,0,0,0,0,0,0
MID150.BSE_IDX,01/07/2025,12:06:20,16217.88,0,0,0,0,0,0
MID150.BSE_IDX,01/07/2025,12:06:28,16217.71,0,0,0,0,0,0
MID150.BSE_IDX,01/07/2025,12:06:36,16216.88,0,0,0,0,0,0
MID150.BSE_IDX,01/07/2025,12:06:44,16216.82,0,0,0,0,0,0
MID150.BSE_IDX,01/07/2025,12:06:53,16215.53,0,0,0,0,0,0
MID150.BSE_IDX,01/07/2025,12:07:00,16214.66,0,0,0,0,0,0
MID150.BSE_IDX,01/07/2025,12:07:08,16214.73,0,0,0,0,0,0
MID150.BSE_IDX,01/07/2025,12:07:16,16214.57,0,0,0,0,0,0
MID150.BSE_IDX,01/07/2025,12:07:24,16214.28,0,0,0,0,0,0
MID150.BSE_IDX,01/07/2025,12:07:32,16215.13,0,0,0,0,0,0
MID150.BSE_IDX,01/07/2025,12:07:40,16215.29,0,0,0,0,0,0
MID150.BSE_IDX,01/07/2025,12:07:48,16215.4,0,0,0,0,0,0
MID150.BSE_IDX,01/07/2025,12:07:56,16215.66,0,0,0,0,0,0
MID150.BSE_IDX,01/07/2025,12:08:04,16216.26,0,0,0,0,0,0
MID150.BSE_IDX,01/07/2025,12:08:12,16215.28,0,0,0,0,0,0
MID150.BSE_IDX,01/07/2025,12:08:20,16213.88,0,0,0,0,0,0
MID150.BSE_IDX,01/07/2025,12:08:28,16213.83,0,0,0,0,0,0
MID150.BSE_IDX,01/07/2025,12:08:36,16214.35,0,0,0,0,0,0
MID150.BSE_IDX,01/07/2025,12:08:44,16214.78,0,0,0,0,0,0
MID150.BSE_IDX,01/07/2025,12:08:52,16215.5,0,0,0,0,0,0
MID150.BSE_IDX,01/07/2025,12:09:00,16214.91,0,0,0,0,0,0
MID150.BSE_IDX,01/07/2025,12:09:08,16216.11,0,0,0,0,0,0
MID150.BSE_IDX,01/07/2025,12:09:16,16216.72,0,0,0,0,0,0
MID150.BSE_IDX,01/07/2025,12:09:25,16215.96,0,0,0,0,0,0
MID150.BSE_IDX,01/07/2025,12:09:32,16215.9,0,0,0,0,0,0
MID150.BSE_IDX,01/07/2025,12:09:40,16216.61,0,0,0,0,0,0
MID150.BSE_IDX,01/07/2025,12:09:48,16216.8,0,0,0,0,0,0
MID150.BSE_IDX,01/07/2025,12:09:57,16217.37,0,0,0,0,0,0
MID150.BSE_IDX,01/07/2025,12:10:05,16217.31,0,0,0,0,0,0
MID150.BSE_IDX,01/07/2025,12:10:13,16217.37,0,0,0,0,0,0
MID150.BSE_IDX,01/07/2025,12:10:22,16218.4,0,0,0,0,0,0
MID150.BSE_IDX,01/07/2025,12:10:28,16218.6,0,0,0,0,0,0
MID150.BSE_IDX,01/07/2025,12:10:36,16219.35,0,0,0,0,0,0
MID150.BSE_IDX,01/07/2025,12:10:45,16219,0,0,0,0,0,0
MID150.BSE_IDX,01/07/2025,12:10:52,16219.05,0,0,0,0,0,0
MID150.BSE_IDX,01/07/2025,12:11:00,16218.79,0,0,0,0,0,0
MID150.BSE_IDX,01/07/2025,12:11:08,16218.32,0,0,0,0,0,0
MID150.BSE_IDX,01/07/2025,12:11:17,16217.95,0,0,0,0,0,0
MID150.BSE_IDX,01/07/2025,12:11:24,16217.68,0,0,0,0,0,0
MID150.BSE_IDX,01/07/2025,12:11:32,16217.59,0,0,0,0,0,0
MID150.BSE_IDX,01/07/2025,12:11:40,16218.27,0,0,0,0,0,0
MID150.BSE_IDX,01/07/2025,12:11:49,16219.09,0,0,0,0,0,0
MID150.BSE_IDX,01/07/2025,12:11:57,16219.15,0,0,0,0,0,0
MID150.BSE_IDX,01/07/2025,12:12:05,16220.34,0,0,0,0,0,0
MID150.BSE_IDX,01/07/2025,12:12:13,16220.15,0,0,0,0,0,0
MID150.BSE_IDX,01/07/2025,12:12:21,16222.04,0,0,0,0,0,0
MID150.BSE_IDX,01/07/2025,12:12:29,16222.85,0,0,0,0,0,0
MID150.BSE_IDX,01/07/2025,12:12:37,16223.9,0,0,0,0,0,0
MID150.BSE_IDX,01/07/2025,12:12:45,16223.98,0,0,0,0,0,0
MID150.BSE_IDX,01/07/2025,12:12:53,16224.27,0,0,0,0,0,0
MID150.BSE_IDX,01/07/2025,12:13:01,16224.94,0,0,0,0,0,0
MID150.BSE_IDX,01/07/2025,12:13:09,16224.67,0,0,0,0,0,0
MID150.BSE_IDX,01/07/2025,12:13:17,16224.41,0,0,0,0,0,0
MID150.BSE_IDX,01/07/2025,12:13:25,16225.04,0,0,0,0,0,0
MID150.BSE_IDX,01/07/2025,12:13:33,16225.25,0,0,0,0,0,0
MID150.BSE_IDX,01/07/2025,12:13:41,16225.93,0,0,0,0,0,0
MID150.BSE_IDX,01/07/2025,12:13:49,16225.71,0,0,0,0,0,0
MID150.BSE_IDX,01/07/2025,12:13:57,16225.96,0,0,0,0,0,0
MID150.BSE_IDX,01/07/2025,12:14:05,16225.66,0,0,0,0,0,0
MID150.BSE_IDX,01/07/2025,12:14:13,16225.31,0,0,0,0,0,0
MID150.BSE_IDX,01/07/2025,12:14:21,16225.93,0,0,0,0,0,0
MID150.BSE_IDX,01/07/2025,12:14:29,16226.16,0,0,0,0,0,0
MID150.BSE_IDX,01/07/2025,12:14:37,16225.58,0,0,0,0,0,0
MID150.BSE_IDX,01/07/2025,12:14:46,16226.35,0,0,0,0,0,0
MID150.BSE_IDX,01/07/2025,12:14:54,16226.33,0,0,0,0,0,0
MID150.BSE_IDX,01/07/2025,12:15:01,16226.61,0,0,0,0,0,0
MID150.BSE_IDX,01/07/2025,12:15:09,16226.43,0,0,0,0,0,0
MID150.BSE_IDX,01/07/2025,12:15:17,16226.92,0,0,0,0,0,0
MID150.BSE_IDX,01/07/2025,12:15:25,16226.77,0,0,0,0,0,0
MID150.BSE_IDX,01/07/2025,12:15:33,16226.39,0,0,0,0,0,0
MID150.BSE_IDX,01/07/2025,12:15:41,16226.46,0,0,0,0,0,0
MID150.BSE_IDX,01/07/2025,12:15:49,16227.52,0,0,0,0,0,0
MID150.BSE_IDX,01/07/2025,12:15:57,16229.15,0,0,0,0,0,0
MID150.BSE_IDX,01/07/2025,12:16:05,16229.29,0,0,0,0,0,0
MID150.BSE_IDX,01/07/2025,12:16:13,16229.52,0,0,0,0,0,0
MID150.BSE_IDX,01/07/2025,12:16:21,16229.64,0,0,0,0,0,0
MID150.BSE_IDX,01/07/2025,12:16:29,16229.95,0,0,0,0,0,0
MID150.BSE_IDX,01/07/2025,12:16:37,16229.3,0,0,0,0,0,0
MID150.BSE_IDX,01/07/2025,12:16:45,16229.39,0,0,0,0,0,0
MID150.BSE_IDX,01/07/2025,12:16:53,16230.21,0,0,0,0,0,0
MID150.BSE_IDX,01/07/2025,12:17:01,16229.79,0,0,0,0,0,0
MID150.BSE_IDX,01/07/2025,12:17:09,16229.85,0,0,0,0,0,0
MID150.BSE_IDX,01/07/2025,12:17:17,16230.61,0,0,0,0,0,0
MID150.BSE_IDX,01/07/2025,12:17:25,16230.79,0,0,0,0,0,0
MID150.BSE_IDX,01/07/2025,12:17:33,16230.67,0,0,0,0,0,0
MID150.BSE_IDX,01/07/2025,12:17:41,16230.94,0,0,0,0,0,0
MID150.BSE_IDX,01/07/2025,12:17:49,16230.57,0,0,0,0,0,0
MID150.BSE_IDX,01/07/2025,12:17:57,16231.05,0,0,0,0,0,0
MID150.BSE_IDX,01/07/2025,12:18:05,16232.24,0,0,0,0,0,0
MID150.BSE_IDX,01/07/2025,12:18:13,16232.68,0,0,0,0,0,0
MID150.BSE_IDX,01/07/2025,12:18:21,16233.37,0,0,0,0,0,0
MID150.BSE_IDX,01/07/2025,12:18:29,16233.46,0,0,0,0,0,0
MID150.BSE_IDX,01/07/2025,12:18:37,16233.62,0,0,0,0,0,0
MID150.BSE_IDX,01/07/2025,12:18:45,16234.19,0,0,0,0,0,0
MID150.BSE_IDX,01/07/2025,12:18:53,16234.95,0,0,0,0,0,0
MID150.BSE_IDX,01/07/2025,12:19:01,16235.98,0,0,0,0,0,0
MID150.BSE_IDX,01/07/2025,12:19:09,16236.09,0,0,0,0,0,0
MID150.BSE_IDX,01/07/2025,12:19:17,16236.36,0,0,0,0,0,0
MID150.BSE_IDX,01/07/2025,12:19:25,16237.2,0,0,0,0,0,0
MID150.BSE_IDX,01/07/2025,12:19:33,16238.07,0,0,0,0,0,0
MID150.BSE_IDX,01/07/2025,12:19:41,16239.17,0,0,0,0,0,0
MID150.BSE_IDX,01/07/2025,12:19:49,16240.85,0,0,0,0,0,0
MID150.BSE_IDX,01/07/2025,12:19:57,16241.23,0,0,0,0,0,0
MID150.BSE_IDX,01/07/2025,12:20:05,16242.15,0,0,0,0,0,0
MID150.BSE_IDX,01/07/2025,12:20:13,16242.25,0,0,0,0,0,0
MID150.BSE_IDX,01/07/2025,12:20:21,16243.52,0,0,0,0,0,0
MID150.BSE_IDX,01/07/2025,12:20:29,16244.11,0,0,0,0,0,0
MID150.BSE_IDX,01/07/2025,12:20:37,16244.38,0,0,0,0,0,0
MID150.BSE_IDX,01/07/2025,12:20:45,16244.41,0,0,0,0,0,0
MID150.BSE_IDX,01/07/2025,12:20:53,16244.22,0,0,0,0,0,0
MID150.BSE_IDX,01/07/2025,12:21:01,16244.18,0,0,0,0,0,0
MID150.BSE_IDX,01/07/2025,12:21:09,16243.84,0,0,0,0,0,0
MID150.BSE_IDX,01/07/2025,12:21:17,16243.47,0,0,0,0,0,0
MID150.BSE_IDX,01/07/2025,12:21:25,16243.68,0,0,0,0,0,0
MID150.BSE_IDX,01/07/2025,12:21:33,16244.1,0,0,0,0,0,0
MID150.BSE_IDX,01/07/2025,12:21:41,16245.65,0,0,0,0,0,0
MID150.BSE_IDX,01/07/2025,12:21:49,16247.18,0,0,0,0,0,0
MID150.BSE_IDX,01/07/2025,12:21:57,16247.83,0,0,0,0,0,0
MID150.BSE_IDX,01/07/2025,12:22:05,16249.37,0,0,0,0,0,0
MID150.BSE_IDX,01/07/2025,12:22:13,16249.99,0,0,0,0,0,0
MID150.BSE_IDX,01/07/2025,12:22:21,16249.87,0,0,0,0,0,0
MID150.BSE_IDX,01/07/2025,12:22:29,16249.99,0,0,0,0,0,0
MID150.BSE_IDX,01/07/2025,12:22:37,16250.14,0,0,0,0,0,0
MID150.BSE_IDX,01/07/2025,12:22:45,16251.15,0,0,0,0,0,0
MID150.BSE_IDX,01/07/2025,12:22:53,16251.77,0,0,0,0,0,0
MID150.BSE_IDX,01/07/2025,12:23:02,16252.31,0,0,0,0,0,0
MID150.BSE_IDX,01/07/2025,12:23:09,16251.72,0,0,0,0,0,0
MID150.BSE_IDX,01/07/2025,12:23:17,16251.9,0,0,0,0,0,0
MID150.BSE_IDX,01/07/2025,12:23:25,16252.11,0,0,0,0,0,0
MID150.BSE_IDX,01/07/2025,12:23:33,16252.02,0,0,0,0,0,0
MID150.BSE_IDX,01/07/2025,12:23:41,16251.95,0,0,0,0,0,0
MID150.BSE_IDX,01/07/2025,12:23:49,16252.31,0,0,0,0,0,0
MID150.BSE_IDX,01/07/2025,12:23:57,16252.13,0,0,0,0,0,0
MID150.BSE_IDX,01/07/2025,12:24:05,16252.26,0,0,0,0,0,0
MID150.BSE_IDX,01/07/2025,12:24:13,16250.9,0,0,0,0,0,0
MID150.BSE_IDX,01/07/2025,12:24:21,16251.24,0,0,0,0,0,0
MID150.BSE_IDX,01/07/2025,12:24:29,16251.16,0,0,0,0,0,0
MID150.BSE_IDX,01/07/2025,12:24:37,16251.17,0,0,0,0,0,0
MID150.BSE_IDX,01/07/2025,12:24:45,16251.32,0,0,0,0,0,0
MID150.BSE_IDX,01/07/2025,12:24:53,16252.09,0,0,0,0,0,0
MID150.BSE_IDX,01/07/2025,12:25:01,16252.48,0,0,0,0,0,0
MID150.BSE_IDX,01/07/2025,12:25:09,16252.71,0,0,0,0,0,0
MID150.BSE_IDX,01/07/2025,12:25:17,16253.4,0,0,0,0,0,0
MID150.BSE_IDX,01/07/2025,12:25:25,16254.17,0,0,0,0,0,0
MID150.BSE_IDX,01/07/2025,12:25:33,16254.25,0,0,0,0,0,0
MID150.BSE_IDX,01/07/2025,12:25:41,16253.89,0,0,0,0,0,0
MID150.BSE_IDX,01/07/2025,12:25:49,16254.96,0,0,0,0,0,0
MID150.BSE_IDX,01/07/2025,12:25:57,16255.34,0,0,0,0,0,0
MID150.BSE_IDX,01/07/2025,12:26:05,16255.56,0,0,0,0,0,0
MID150.BSE_IDX,01/07/2025,12:26:13,16255.96,0,0,0,0,0,0
MID150.BSE_IDX,01/07/2025,12:26:21,16256.29,0,0,0,0,0,0
MID150.BSE_IDX,01/07/2025,12:26:31,16256.01,0,0,0,0,0,0
MID150.BSE_IDX,01/07/2025,12:26:37,16256.11,0,0,0,0,0,0
MID150.BSE_IDX,01/07/2025,12:26:45,16255.27,0,0,0,0,0,0
MID150.BSE_IDX,01/07/2025,12:26:53,16254.34,0,0,0,0,0,0
MID150.BSE_IDX,01/07/2025,12:27:01,16253.77,0,0,0,0,0,0
MID150.BSE_IDX,01/07/2025,12:27:09,16253.65,0,0,0,0,0,0
MID150.BSE_IDX,01/07/2025,12:27:17,16253.79,0,0,0,0,0,0
MID150.BSE_IDX,01/07/2025,12:27:25,16252.95,0,0,0,0,0,0
MID150.BSE_IDX,01/07/2025,12:27:33,16252.5,0,0,0,0,0,0
MID150.BSE_IDX,01/07/2025,12:27:41,16251.93,0,0,0,0,0,0
MID150.BSE_IDX,01/07/2025,12:27:49,16252.21,0,0,0,0,0,0
MID150.BSE_IDX,01/07/2025,12:27:57,16252.59,0,0,0,0,0,0
MID150.BSE_IDX,01/07/2025,12:28:05,16252.95,0,0,0,0,0,0
MID150.BSE_IDX,01/07/2025,12:28:13,16253.53,0,0,0,0,0,0
MID150.BSE_IDX,01/07/2025,12:28:21,16253.49,0,0,0,0,0,0
MID150.BSE_IDX,01/07/2025,12:28:29,16253.28,0,0,0,0,0,0
MID150.BSE_IDX,01/07/2025,12:28:37,16252.67,0,0,0,0,0,0
MID150.BSE_IDX,01/07/2025,12:28:45,16252.54,0,0,0,0,0,0
MID150.BSE_IDX,01/07/2025,12:28:53,16251.78,0,0,0,0,0,0
MID150.BSE_IDX,01/07/2025,12:29:01,16250.41,0,0,0,0,0,0
MID150.BSE_IDX,01/07/2025,12:29:10,16249.77,0,0,0,0,0,0
MID150.BSE_IDX,01/07/2025,12:29:18,16249.73,0,0,0,0,0,0
MID150.BSE_IDX,01/07/2025,12:29:25,16250.38,0,0,0,0,0,0
MID150.BSE_IDX,01/07/2025,12:29:33,16250.68,0,0,0,0,0,0
MID150.BSE_IDX,01/07/2025,12:29:41,16251.15,0,0,0,0,0,0
MID150.BSE_IDX,01/07/2025,12:29:49,16250.57,0,0,0,0,0,0
MID150.BSE_IDX,01/07/2025,12:29:57,16250.08,0,0,0,0,0,0
MID150.BSE_IDX,01/07/2025,12:30:05,16251.56,0,0,0,0,0,0
MID150.BSE_IDX,01/07/2025,12:30:13,16252.89,0,0,0,0,0,0
MID150.BSE_IDX,01/07/2025,12:30:22,16252.54,0,0,0,0,0,0
MID150.BSE_IDX,01/07/2025,12:30:29,16253.39,0,0,0,0,0,0
MID150.BSE_IDX,01/07/2025,12:30:37,16254.44,0,0,0,0,0,0
MID150.BSE_IDX,01/07/2025,12:30:45,16253.52,0,0,0,0,0,0
MID150.BSE_IDX,01/07/2025,12:30:53,16253.78,0,0,0,0,0,0
MID150.BSE_IDX,01/07/2025,12:31:01,16253.1,0,0,0,0,0,0
MID150.BSE_IDX,01/07/2025,12:31:09,16251.8,0,0,0,0,0,0
MID150.BSE_IDX,01/07/2025,12:31:17,16252.01,0,0,0,0,0,0
MID150.BSE_IDX,01/07/2025,12:31:25,16252.25,0,0,0,0,0,0
MID150.BSE_IDX,01/07/2025,12:31:34,16251.78,0,0,0,0,0,0
MID150.BSE_IDX,01/07/2025,12:31:41,16251.32,0,0,0,0,0,0
MID150.BSE_IDX,01/07/2025,12:31:49,16250.7,0,0,0,0,0,0
MID150.BSE_IDX,01/07/2025,12:31:57,16249.2,0,0,0,0,0,0
MID150.BSE_IDX,01/07/2025,12:32:05,16248.53,0,0,0,0,0,0
MID150.BSE_IDX,01/07/2025,12:32:13,16248.53,0,0,0,0,0,0
MID150.BSE_IDX,01/07/2025,12:32:21,16248.39,0,0,0,0,0,0
MID150.BSE_IDX,01/07/2025,12:32:29,16248.94,0,0,0,0,0,0
MID150.BSE_IDX,01/07/2025,12:32:37,16248.39,0,0,0,0,0,0
MID150.BSE_IDX,01/07/2025,12:32:45,16248.66,0,0,0,0,0,0
MID150.BSE_IDX,01/07/2025,12:32:53,16248.19,0,0,0,0,0,0
MID150.BSE_IDX,01/07/2025,12:33:01,16248.42,0,0,0,0,0,0
MID150.BSE_IDX,01/07/2025,12:33:09,16247.74,0,0,0,0,0,0
MID150.BSE_IDX,01/07/2025,12:33:17,16247.84,0,0,0,0,0,0
MID150.BSE_IDX,01/07/2025,12:33:26,16247.71,0,0,0,0,0,0
MID150.BSE_IDX,01/07/2025,12:33:33,16247.98,0,0,0,0,0,0
MID150.BSE_IDX,01/07/2025,12:33:41,16247.31,0,0,0,0,0,0
MID150.BSE_IDX,01/07/2025,12:33:49,16246.67,0,0,0,0,0,0
MID150.BSE_IDX,01/07/2025,12:33:57,16247.02,0,0,0,0,0,0
MID150.BSE_IDX,01/07/2025,12:34:05,16246.48,0,0,0,0,0,0
MID150.BSE_IDX,01/07/2025,12:34:13,16246.97,0,0,0,0,0,0
MID150.BSE_IDX,01/07/2025,12:34:21,16247.39,0,0,0,0,0,0
MID150.BSE_IDX,01/07/2025,12:34:29,16247.7,0,0,0,0,0,0
MID150.BSE_IDX,01/07/2025,12:34:37,16247.89,0,0,0,0,0,0
MID150.BSE_IDX,01/07/2025,12:34:45,16247.31,0,0,0,0,0,0
MID150.BSE_IDX,01/07/2025,12:34:53,16247.58,0,0,0,0,0,0
MID150.BSE_IDX,01/07/2025,12:35:01,16247.84,0,0,0,0,0,0
MID150.BSE_IDX,01/07/2025,12:35:09,16249.12,0,0,0,0,0,0
MID150.BSE_IDX,01/07/2025,12:35:17,16249.98,0,0,0,0,0,0
MID150.BSE_IDX,01/07/2025,12:35:25,16250.07,0,0,0,0,0,0
MID150.BSE_IDX,01/07/2025,12:35:33,16249.83,0,0,0,0,0,0
MID150.BSE_IDX,01/07/2025,12:35:41,16249.56,0,0,0,0,0,0
MID150.BSE_IDX,01/07/2025,12:35:49,16250.9,0,0,0,0,0,0
MID150.BSE_IDX,01/07/2025,12:35:57,16251.01,0,0,0,0,0,0
MID150.BSE_IDX,01/07/2025,12:36:05,16251.48,0,0,0,0,0,0
MID150.BSE_IDX,01/07/2025,12:36:13,16251.45,0,0,0,0,0,0
MID150.BSE_IDX,01/07/2025,12:36:21,16251.99,0,0,0,0,0,0
MID150.BSE_IDX,01/07/2025,12:36:29,16252.49,0,0,0,0,0,0
MID150.BSE_IDX,01/07/2025,12:36:37,16252.7,0,0,0,0,0,0
MID150.BSE_IDX,01/07/2025,12:36:45,16252.38,0,0,0,0,0,0
MID150.BSE_IDX,01/07/2025,12:36:53,16252.27,0,0,0,0,0,0
MID150.BSE_IDX,01/07/2025,12:37:01,16252.39,0,0,0,0,0,0
MID150.BSE_IDX,01/07/2025,12:37:09,16253.38,0,0,0,0,0,0
MID150.BSE_IDX,01/07/2025,12:37:17,16253.75,0,0,0,0,0,0
MID150.BSE_IDX,01/07/2025,12:37:25,16253.38,0,0,0,0,0,0
MID150.BSE_IDX,01/07/2025,12:37:33,16252.33,0,0,0,0,0,0
MID150.BSE_IDX,01/07/2025,12:37:41,16251.69,0,0,0,0,0,0
MID150.BSE_IDX,01/07/2025,12:37:49,16250.23,0,0,0,0,0,0
MID150.BSE_IDX,01/07/2025,12:37:57,16250.43,0,0,0,0,0,0
MID150.BSE_IDX,01/07/2025,12:38:05,16249.96,0,0,0,0,0,0
MID150.BSE_IDX,01/07/2025,12:38:13,16249.53,0,0,0,0,0,0
MID150.BSE_IDX,01/07/2025,12:38:22,16249.68,0,0,0,0,0,0
MID150.BSE_IDX,01/07/2025,12:38:29,16249.51,0,0,0,0,0,0
MID150.BSE_IDX,01/07/2025,12:38:39,16250.34,0,0,0,0,0,0
MID150.BSE_IDX,01/07/2025,12:38:45,16250.62,0,0,0,0,0,0
MID150.BSE_IDX,01/07/2025,12:38:53,16251.52,0,0,0,0,0,0
MID150.BSE_IDX,01/07/2025,12:39:01,16250.81,0,0,0,0,0,0
MID150.BSE_IDX,01/07/2025,12:39:10,16250.96,0,0,0,0,0,0
MID150.BSE_IDX,01/07/2025,12:39:17,16251.8,0,0,0,0,0,0
MID150.BSE_IDX,01/07/2025,12:39:25,16252.21,0,0,0,0,0,0
MID150.BSE_IDX,01/07/2025,12:39:34,16252.93,0,0,0,0,0,0
MID150.BSE_IDX,01/07/2025,12:39:42,16253.95,0,0,0,0,0,0
MID150.BSE_IDX,01/07/2025,12:39:49,16254.94,0,0,0,0,0,0
MID150.BSE_IDX,01/07/2025,12:39:57,16254.59,0,0,0,0,0,0
MID150.BSE_IDX,01/07/2025,12:40:05,16255.2,0,0,0,0,0,0
MID150.BSE_IDX,01/07/2025,12:40:14,16255.33,0,0,0,0,0,0
MID150.BSE_IDX,01/07/2025,12:40:21,16255.33,0,0,0,0,0,0
MID150.BSE_IDX,01/07/2025,12:40:29,16255.34,0,0,0,0,0,0
MID150.BSE_IDX,01/07/2025,12:40:37,16255.07,0,0,0,0,0,0
MID150.BSE_IDX,01/07/2025,12:40:45,16255.41,0,0,0,0,0,0
MID150.BSE_IDX,01/07/2025,12:40:54,16254.92,0,0,0,0,0,0
MID150.BSE_IDX,01/07/2025,12:41:01,16254.87,0,0,0,0,0,0
MID150.BSE_IDX,01/07/2025,12:41:09,16254.24,0,0,0,0,0,0
MID150.BSE_IDX,01/07/2025,12:41:17,16253.86,0,0,0,0,0,0
MID150.BSE_IDX,01/07/2025,12:41:25,16253.92,0,0,0,0,0,0
MID150.BSE_IDX,01/07/2025,12:41:33,16254.01,0,0,0,0,0,0
MID150.BSE_IDX,01/07/2025,12:41:41,16254.92,0,0,0,0,0,0
MID150.BSE_IDX,01/07/2025,12:41:49,16254.93,0,0,0,0,0,0
MID150.BSE_IDX,01/07/2025,12:41:57,16255.97,0,0,0,0,0,0
MID150.BSE_IDX,01/07/2025,12:42:05,16255.88,0,0,0,0,0,0
MID150.BSE_IDX,01/07/2025,12:42:13,16255.42,0,0,0,0,0,0
MID150.BSE_IDX,01/07/2025,12:42:21,16255.48,0,0,0,0,0,0
MID150.BSE_IDX,01/07/2025,12:42:29,16255.57,0,0,0,0,0,0
MID150.BSE_IDX,01/07/2025,12:42:37,16255.9,0,0,0,0,0,0
MID150.BSE_IDX,01/07/2025,12:42:45,16256.05,0,0,0,0,0,0
MID150.BSE_IDX,01/07/2025,12:42:53,16256.44,0,0,0,0,0,0
MID150.BSE_IDX,01/07/2025,12:43:01,16257.11,0,0,0,0,0,0
MID150.BSE_IDX,01/07/2025,12:43:10,16256.93,0,0,0,0,0,0
MID150.BSE_IDX,01/07/2025,12:43:17,16256.4,0,0,0,0,0,0
MID150.BSE_IDX,01/07/2025,12:43:26,16256.7,0,0,0,0,0,0
MID150.BSE_IDX,01/07/2025,12:43:33,16257.36,0,0,0,0,0,0
MID150.BSE_IDX,01/07/2025,12:43:41,16257.78,0,0,0,0,0,0
MID150.BSE_IDX,01/07/2025,12:43:49,16257.65,0,0,0,0,0,0
MID150.BSE_IDX,01/07/2025,12:43:58,16257.44,0,0,0,0,0,0
MID150.BSE_IDX,01/07/2025,12:44:05,16255.91,0,0,0,0,0,0
MID150.BSE_IDX,01/07/2025,12:44:14,16254.38,0,0,0,0,0,0
MID150.BSE_IDX,01/07/2025,12:44:21,16252.9,0,0,0,0,0,0
MID150.BSE_IDX,01/07/2025,12:44:29,16251.32,0,0,0,0,0,0
MID150.BSE_IDX,01/07/2025,12:44:38,16252.09,0,0,0,0,0,0
MID150.BSE_IDX,01/07/2025,12:44:45,16252.21,0,0,0,0,0,0
MID150.BSE_IDX,01/07/2025,12:44:53,16251.84,0,0,0,0,0,0
MID150.BSE_IDX,01/07/2025,12:45:01,16251.67,0,0,0,0,0,0
MID150.BSE_IDX,01/07/2025,12:45:11,16250.32,0,0,0,0,0,0
MID150.BSE_IDX,01/07/2025,12:45:17,16250.5,0,0,0,0,0,0
MID150.BSE_IDX,01/07/2025,12:45:25,16250.71,0,0,0,0,0,0
MID150.BSE_IDX,01/07/2025,12:45:34,16251.08,0,0,0,0,0,0
MID150.BSE_IDX,01/07/2025,12:45:42,16250.23,0,0,0,0,0,0
MID150.BSE_IDX,01/07/2025,12:45:50,16249.65,0,0,0,0,0,0
MID150.BSE_IDX,01/07/2025,12:45:58,16249.04,0,0,0,0,0,0
MID150.BSE_IDX,01/07/2025,12:46:06,16249.16,0,0,0,0,0,0
MID150.BSE_IDX,01/07/2025,12:46:14,16248.9,0,0,0,0,0,0
MID150.BSE_IDX,01/07/2025,12:46:22,16247.71,0,0,0,0,0,0
MID150.BSE_IDX,01/07/2025,12:46:30,16246.66,0,0,0,0,0,0
MID150.BSE_IDX,01/07/2025,12:46:38,16245.55,0,0,0,0,0,0
MID150.BSE_IDX,01/07/2025,12:46:46,16244.88,0,0,0,0,0,0
MID150.BSE_IDX,01/07/2025,12:46:54,16243.73,0,0,0,0,0,0
MID150.BSE_IDX,01/07/2025,12:47:02,16243.99,0,0,0,0,0,0
MID150.BSE_IDX,01/07/2025,12:47:10,16244.15,0,0,0,0,0,0
MID150.BSE_IDX,01/07/2025,12:47:18,16244.46,0,0,0,0,0,0
MID150.BSE_IDX,01/07/2025,12:47:26,16244.41,0,0,0,0,0,0
MID150.BSE_IDX,01/07/2025,12:47:34,16244.26,0,0,0,0,0,0
MID150.BSE_IDX,01/07/2025,12:47:42,16243.98,0,0,0,0,0,0
MID150.BSE_IDX,01/07/2025,12:47:50,16243.93,0,0,0,0,0,0
MID150.BSE_IDX,01/07/2025,12:47:58,16243.36,0,0,0,0,0,0
MID150.BSE_IDX,01/07/2025,12:48:06,16242.83,0,0,0,0,0,0
MID150.BSE_IDX,01/07/2025,12:48:14,16243.81,0,0,0,0,0,0
MID150.BSE_IDX,01/07/2025,12:48:22,16243.46,0,0,0,0,0,0
MID150.BSE_IDX,01/07/2025,12:48:30,16244.12,0,0,0,0,0,0
MID150.BSE_IDX,01/07/2025,12:48:38,16244.4,0,0,0,0,0,0
MID150.BSE_IDX,01/07/2025,12:48:46,16243.83,0,0,0,0,0,0
MID150.BSE_IDX,01/07/2025,12:48:54,16242.95,0,0,0,0,0,0
MID150.BSE_IDX,01/07/2025,12:49:02,16243.02,0,0,0,0,0,0
MID150.BSE_IDX,01/07/2025,12:49:10,16242.82,0,0,0,0,0,0
MID150.BSE_IDX,01/07/2025,12:49:18,16242.2,0,0,0,0,0,0
MID150.BSE_IDX,01/07/2025,12:49:26,16241.95,0,0,0,0,0,0
MID150.BSE_IDX,01/07/2025,12:49:34,16241.46,0,0,0,0,0,0
MID150.BSE_IDX,01/07/2025,12:49:42,16241.78,0,0,0,0,0,0
MID150.BSE_IDX,01/07/2025,12:49:50,16243,0,0,0,0,0,0
MID150.BSE_IDX,01/07/2025,12:49:58,16243.07,0,0,0,0,0,0
MID150.BSE_IDX,01/07/2025,12:50:06,16243.49,0,0,0,0,0,0
MID150.BSE_IDX,01/07/2025,12:50:14,16243.22,0,0,0,0,0,0
MID150.BSE_IDX,01/07/2025,12:50:22,16242.29,0,0,0,0,0,0
MID150.BSE_IDX,01/07/2025,12:50:30,16242.57,0,0,0,0,0,0
MID150.BSE_IDX,01/07/2025,12:50:38,16242.7,0,0,0,0,0,0
MID150.BSE_IDX,01/07/2025,12:50:47,16242.81,0,0,0,0,0,0
MID150.BSE_IDX,01/07/2025,12:50:54,16243.77,0,0,0,0,0,0
MID150.BSE_IDX,01/07/2025,12:51:02,16243.34,0,0,0,0,0,0
MID150.BSE_IDX,01/07/2025,12:51:10,16243.86,0,0,0,0,0,0
MID150.BSE_IDX,01/07/2025,12:51:19,16243.51,0,0,0,0,0,0
MID150.BSE_IDX,01/07/2025,12:51:26,16244.45,0,0,0,0,0,0
MID150.BSE_IDX,01/07/2025,12:51:34,16244.54,0,0,0,0,0,0
MID150.BSE_IDX,01/07/2025,12:51:42,16244.66,0,0,0,0,0,0
MID150.BSE_IDX,01/07/2025,12:51:50,16245.07,0,0,0,0,0,0
MID150.BSE_IDX,01/07/2025,12:51:58,16244.66,0,0,0,0,0,0
MID150.BSE_IDX,01/07/2025,12:52:06,16244,0,0,0,0,0,0
MID150.BSE_IDX,01/07/2025,12:52:14,16244.34,0,0,0,0,0,0
MID150.BSE_IDX,01/07/2025,12:52:22,16244.36,0,0,0,0,0,0
MID150.BSE_IDX,01/07/2025,12:52:30,16244.1,0,0,0,0,0,0
MID150.BSE_IDX,01/07/2025,12:52:38,16243.75,0,0,0,0,0,0
MID150.BSE_IDX,01/07/2025,12:52:46,16244.46,0,0,0,0,0,0
MID150.BSE_IDX,01/07/2025,12:52:54,16245.66,0,0,0,0,0,0
MID150.BSE_IDX,01/07/2025,12:53:02,16245.85,0,0,0,0,0,0
MID150.BSE_IDX,01/07/2025,12:53:10,16246.7,0,0,0,0,0,0
MID150.BSE_IDX,01/07/2025,12:53:18,16246.97,0,0,0,0,0,0
MID150.BSE_IDX,01/07/2025,12:53:26,16246.57,0,0,0,0,0,0
MID150.BSE_IDX,01/07/2025,12:53:34,16246.85,0,0,0,0,0,0
MID150.BSE_IDX,01/07/2025,12:53:42,16246.87,0,0,0,0,0,0
MID150.BSE_IDX,01/07/2025,12:53:50,16246.45,0,0,0,0,0,0
MID150.BSE_IDX,01/07/2025,12:53:58,16246.32,0,0,0,0,0,0
MID150.BSE_IDX,01/07/2025,12:54:06,16246.36,0,0,0,0,0,0
MID150.BSE_IDX,01/07/2025,12:54:14,16246.63,0,0,0,0,0,0
