Ticker,Date,Time,LTP,BuyPrice,BuyQty,SellPrice,SellQty,LTQ,OpenInterest
MIDCAP.BSE_IDX,01/07/2025,09:00:07,47194.78,0,0,0,0,0,0
MIDCAP.BSE_IDX,01/07/2025,09:00:15,47108.87,0,0,0,0,0,0
MIDCAP.BSE_IDX,01/07/2025,09:00:23,47087.11,0,0,0,0,0,0
MIDCAP.BSE_IDX,01/07/2025,09:00:31,47086.49,0,0,0,0,0,0
MIDCAP.BSE_IDX,01/07/2025,09:00:39,47079.85,0,0,0,0,0,0
MIDCAP.BSE_IDX,01/07/2025,09:00:47,46954.86,0,0,0,0,0,0
MIDCAP.BSE_IDX,01/07/2025,09:00:55,46941.64,0,0,0,0,0,0
MIDCAP.BSE_IDX,01/07/2025,09:01:03,46945.03,0,0,0,0,0,0
MIDCAP.BSE_IDX,01/07/2025,09:01:11,46977.3,0,0,0,0,0,0
MIDCAP.BSE_IDX,01/07/2025,09:01:19,47027.59,0,0,0,0,0,0
MIDCAP.BSE_IDX,01/07/2025,09:01:27,47018.42,0,0,0,0,0,0
MIDCAP.BSE_IDX,01/07/2025,09:01:35,46988.08,0,0,0,0,0,0
MIDCAP.BSE_IDX,01/07/2025,09:01:43,47012.9,0,0,0,0,0,0
MIDCAP.BSE_IDX,01/07/2025,09:01:51,47020.39,0,0,0,0,0,0
MIDCAP.BSE_IDX,01/07/2025,09:01:59,46889.5,0,0,0,0,0,0
MIDCAP.BSE_IDX,01/07/2025,09:02:07,46889.8,0,0,0,0,0,0
MIDCAP.BSE_IDX,01/07/2025,09:02:15,46887.67,0,0,0,0,0,0
MIDCAP.BSE_IDX,01/07/2025,09:02:23,46871.8,0,0,0,0,0,0
MIDCAP.BSE_IDX,01/07/2025,09:02:31,46896.87,0,0,0,0,0,0
MIDCAP.BSE_IDX,01/07/2025,09:02:39,46889.35,0,0,0,0,0,0
MIDCAP.BSE_IDX,01/07/2025,09:02:47,46882.78,0,0,0,0,0,0
MIDCAP.BSE_IDX,01/07/2025,09:02:55,46883.6,0,0,0,0,0,0
MIDCAP.BSE_IDX,01/07/2025,09:03:03,46883.5,0,0,0,0,0,0
MIDCAP.BSE_IDX,01/07/2025,09:03:11,46887.29,0,0,0,0,0,0
MIDCAP.BSE_IDX,01/07/2025,09:03:19,46890.25,0,0,0,0,0,0
MIDCAP.BSE_IDX,01/07/2025,09:03:27,46891.05,0,0,0,0,0,0
MIDCAP.BSE_IDX,01/07/2025,09:03:35,46888.45,0,0,0,0,0,0
MIDCAP.BSE_IDX,01/07/2025,09:03:43,46904.25,0,0,0,0,0,0
MIDCAP.BSE_IDX,01/07/2025,09:03:51,46870.83,0,0,0,0,0,0
MIDCAP.BSE_IDX,01/07/2025,09:03:59,46887.98,0,0,0,0,0,0
MIDCAP.BSE_IDX,01/07/2025,09:04:07,46886.48,0,0,0,0,0,0
MIDCAP.BSE_IDX,01/07/2025,09:04:15,46886.07,0,0,0,0,0,0
MIDCAP.BSE_IDX,01/07/2025,09:04:23,46886.99,0,0,0,0,0,0
MIDCAP.BSE_IDX,01/07/2025,09:04:31,46897.65,0,0,0,0,0,0
MIDCAP.BSE_IDX,01/07/2025,09:04:39,46904.36,0,0,0,0,0,0
MIDCAP.BSE_IDX,01/07/2025,09:04:47,46910.27,0,0,0,0,0,0
MIDCAP.BSE_IDX,01/07/2025,09:04:55,46913.05,0,0,0,0,0,0
MIDCAP.BSE_IDX,01/07/2025,09:05:03,46919.66,0,0,0,0,0,0
MIDCAP.BSE_IDX,01/07/2025,09:05:11,46921.9,0,0,0,0,0,0
MIDCAP.BSE_IDX,01/07/2025,09:05:19,46924.58,0,0,0,0,0,0
MIDCAP.BSE_IDX,01/07/2025,09:05:27,46906.81,0,0,0,0,0,0
MIDCAP.BSE_IDX,01/07/2025,09:05:35,46909.2,0,0,0,0,0,0
MIDCAP.BSE_IDX,01/07/2025,09:05:43,46906.19,0,0,0,0,0,0
MIDCAP.BSE_IDX,01/07/2025,09:05:51,46907.96,0,0,0,0,0,0
MIDCAP.BSE_IDX,01/07/2025,09:05:59,46924.82,0,0,0,0,0,0
MIDCAP.BSE_IDX,01/07/2025,09:06:07,46914.07,0,0,0,0,0,0
MIDCAP.BSE_IDX,01/07/2025,09:06:15,46912.13,0,0,0,0,0,0
MIDCAP.BSE_IDX,01/07/2025,09:06:23,46916.05,0,0,0,0,0,0
MIDCAP.BSE_IDX,01/07/2025,09:06:31,46928.67,0,0,0,0,0,0
MIDCAP.BSE_IDX,01/07/2025,09:06:39,46952.2,0,0,0,0,0,0
MIDCAP.BSE_IDX,01/07/2025,09:06:47,46943.73,0,0,0,0,0,0
MIDCAP.BSE_IDX,01/07/2025,09:06:55,46939.85,0,0,0,0,0,0
MIDCAP.BSE_IDX,01/07/2025,09:07:04,46989.53,0,0,0,0,0,0
MIDCAP.BSE_IDX,01/07/2025,09:07:11,46989.53,0,0,0,0,0,0
MIDCAP.BSE_IDX,01/07/2025,09:07:19,46989.53,0,0,0,0,0,0
MIDCAP.BSE_IDX,01/07/2025,09:07:27,46989.53,0,0,0,0,0,0
MIDCAP.BSE_IDX,01/07/2025,09:07:35,46989.53,0,0,0,0,0,0
MIDCAP.BSE_IDX,01/07/2025,09:07:43,46989.53,0,0,0,0,0,0
MIDCAP.BSE_IDX,01/07/2025,09:07:51,46989.53,0,0,0,0,0,0
MIDCAP.BSE_IDX,01/07/2025,09:07:59,46989.53,0,0,0,0,0,0
MIDCAP.BSE_IDX,01/07/2025,09:08:07,46989.53,0,0,0,0,0,0
MIDCAP.BSE_IDX,01/07/2025,09:08:15,46989.53,0,0,0,0,0,0
MIDCAP.BSE_IDX,01/07/2025,09:08:23,46989.53,0,0,0,0,0,0
MIDCAP.BSE_IDX,01/07/2025,09:08:31,46989.53,0,0,0,0,0,0
MIDCAP.BSE_IDX,01/07/2025,09:08:39,46989.53,0,0,0,0,0,0
MIDCAP.BSE_IDX,01/07/2025,09:08:47,46989.53,0,0,0,0,0,0
MIDCAP.BSE_IDX,01/07/2025,09:08:55,46989.53,0,0,0,0,0,0
MIDCAP.BSE_IDX,01/07/2025,09:09:03,46982.38,0,0,0,0,0,0
MIDCAP.BSE_IDX,01/07/2025,09:09:11,46982.38,0,0,0,0,0,0
MIDCAP.BSE_IDX,01/07/2025,09:09:19,46982.38,0,0,0,0,0,0
MIDCAP.BSE_IDX,01/07/2025,09:09:27,46982.38,0,0,0,0,0,0
MIDCAP.BSE_IDX,01/07/2025,09:09:35,46982.38,0,0,0,0,0,0
MIDCAP.BSE_IDX,01/07/2025,09:09:43,46982.38,0,0,0,0,0,0
MIDCAP.BSE_IDX,01/07/2025,09:09:51,46982.38,0,0,0,0,0,0
MIDCAP.BSE_IDX,01/07/2025,09:09:59,46982.38,0,0,0,0,0,0
MIDCAP.BSE_IDX,01/07/2025,09:10:07,46982.38,0,0,0,0,0,0
MIDCAP.BSE_IDX,01/07/2025,09:10:15,46982.38,0,0,0,0,0,0
MIDCAP.BSE_IDX,01/07/2025,09:10:23,46982.38,0,0,0,0,0,0
MIDCAP.BSE_IDX,01/07/2025,09:10:31,46982.38,0,0,0,0,0,0
MIDCAP.BSE_IDX,01/07/2025,09:10:39,46982.38,0,0,0,0,0,0
MIDCAP.BSE_IDX,01/07/2025,09:10:47,46982.38,0,0,0,0,0,0
MIDCAP.BSE_IDX,01/07/2025,09:10:55,46982.38,0,0,0,0,0,0
MIDCAP.BSE_IDX,01/07/2025,09:11:03,46982.38,0,0,0,0,0,0
MIDCAP.BSE_IDX,01/07/2025,09:11:11,46982.38,0,0,0,0,0,0
MIDCAP.BSE_IDX,01/07/2025,09:11:19,46982.38,0,0,0,0,0,0
MIDCAP.BSE_IDX,01/07/2025,09:11:27,46982.38,0,0,0,0,0,0
MIDCAP.BSE_IDX,01/07/2025,09:11:35,46982.38,0,0,0,0,0,0
MIDCAP.BSE_IDX,01/07/2025,09:11:43,46982.38,0,0,0,0,0,0
MIDCAP.BSE_IDX,01/07/2025,09:11:51,46982.38,0,0,0,0,0,0
MIDCAP.BSE_IDX,01/07/2025,09:11:59,46982.38,0,0,0,0,0,0
MIDCAP.BSE_IDX,01/07/2025,09:12:07,46982.38,0,0,0,0,0,0
MIDCAP.BSE_IDX,01/07/2025,09:12:16,46982.38,0,0,0,0,0,0
MIDCAP.BSE_IDX,01/07/2025,09:12:23,46982.38,0,0,0,0,0,0
MIDCAP.BSE_IDX,01/07/2025,09:12:31,46982.38,0,0,0,0,0,0
MIDCAP.BSE_IDX,01/07/2025,09:12:39,46982.38,0,0,0,0,0,0
MIDCAP.BSE_IDX,01/07/2025,09:12:47,46982.38,0,0,0,0,0,0
MIDCAP.BSE_IDX,01/07/2025,09:12:55,46982.38,0,0,0,0,0,0
MIDCAP.BSE_IDX,01/07/2025,09:13:03,46982.38,0,0,0,0,0,0
MIDCAP.BSE_IDX,01/07/2025,09:13:11,46982.38,0,0,0,0,0,0
MIDCAP.BSE_IDX,01/07/2025,09:13:19,46982.38,0,0,0,0,0,0
MIDCAP.BSE_IDX,01/07/2025,09:13:27,46982.38,0,0,0,0,0,0
MIDCAP.BSE_IDX,01/07/2025,09:13:35,46982.38,0,0,0,0,0,0
MIDCAP.BSE_IDX,01/07/2025,09:13:43,46982.38,0,0,0,0,0,0
MIDCAP.BSE_IDX,01/07/2025,09:13:51,46982.38,0,0,0,0,0,0
MIDCAP.BSE_IDX,01/07/2025,09:13:59,46982.38,0,0,0,0,0,0
MIDCAP.BSE_IDX,01/07/2025,09:14:07,46982.38,0,0,0,0,0,0
MIDCAP.BSE_IDX,01/07/2025,09:14:15,46982.38,0,0,0,0,0,0
MIDCAP.BSE_IDX,01/07/2025,09:14:23,46982.38,0,0,0,0,0,0
MIDCAP.BSE_IDX,01/07/2025,09:14:31,46982.38,0,0,0,0,0,0
MIDCAP.BSE_IDX,01/07/2025,09:14:39,46982.38,0,0,0,0,0,0
MIDCAP.BSE_IDX,01/07/2025,09:14:47,46982.38,0,0,0,0,0,0
MIDCAP.BSE_IDX,01/07/2025,09:14:55,46982.38,0,0,0,0,0,0
MIDCAP.BSE_IDX,01/07/2025,09:15:04,46969.03,0,0,0,0,0,0
MIDCAP.BSE_IDX,01/07/2025,09:15:11,46959.93,0,0,0,0,0,0
MIDCAP.BSE_IDX,01/07/2025,09:15:19,46954.72,0,0,0,0,0,0
MIDCAP.BSE_IDX,01/07/2025,09:15:27,46922.25,0,0,0,0,0,0
MIDCAP.BSE_IDX,01/07/2025,09:15:35,46931.92,0,0,0,0,0,0
MIDCAP.BSE_IDX,01/07/2025,09:15:43,46931.63,0,0,0,0,0,0
MIDCAP.BSE_IDX,01/07/2025,09:15:51,46929.23,0,0,0,0,0,0
MIDCAP.BSE_IDX,01/07/2025,09:15:59,46917.53,0,0,0,0,0,0
MIDCAP.BSE_IDX,01/07/2025,09:16:07,46921.51,0,0,0,0,0,0
MIDCAP.BSE_IDX,01/07/2025,09:16:15,46928.38,0,0,0,0,0,0
MIDCAP.BSE_IDX,01/07/2025,09:16:24,46933.44,0,0,0,0,0,0
MIDCAP.BSE_IDX,01/07/2025,09:16:31,46942.98,0,0,0,0,0,0
MIDCAP.BSE_IDX,01/07/2025,09:16:39,46941.29,0,0,0,0,0,0
MIDCAP.BSE_IDX,01/07/2025,09:16:48,46952.16,0,0,0,0,0,0
MIDCAP.BSE_IDX,01/07/2025,09:16:55,46953.3,0,0,0,0,0,0
MIDCAP.BSE_IDX,01/07/2025,09:17:03,46948.64,0,0,0,0,0,0
MIDCAP.BSE_IDX,01/07/2025,09:17:12,46942.74,0,0,0,0,0,0
MIDCAP.BSE_IDX,01/07/2025,09:17:19,46944.45,0,0,0,0,0,0
MIDCAP.BSE_IDX,01/07/2025,09:17:27,46945.23,0,0,0,0,0,0
MIDCAP.BSE_IDX,01/07/2025,09:17:35,46948.18,0,0,0,0,0,0
MIDCAP.BSE_IDX,01/07/2025,09:17:44,46953.69,0,0,0,0,0,0
MIDCAP.BSE_IDX,01/07/2025,09:17:51,46947.06,0,0,0,0,0,0
MIDCAP.BSE_IDX,01/07/2025,09:17:59,46950.58,0,0,0,0,0,0
MIDCAP.BSE_IDX,01/07/2025,09:18:07,46947.89,0,0,0,0,0,0
MIDCAP.BSE_IDX,01/07/2025,09:18:15,46942.68,0,0,0,0,0,0
MIDCAP.BSE_IDX,01/07/2025,09:18:23,46942.01,0,0,0,0,0,0
MIDCAP.BSE_IDX,01/07/2025,09:18:31,46935.04,0,0,0,0,0,0
MIDCAP.BSE_IDX,01/07/2025,09:18:39,46938.4,0,0,0,0,0,0
MIDCAP.BSE_IDX,01/07/2025,09:18:47,46938.07,0,0,0,0,0,0
MIDCAP.BSE_IDX,01/07/2025,09:18:56,46943.02,0,0,0,0,0,0
MIDCAP.BSE_IDX,01/07/2025,09:19:03,46939.65,0,0,0,0,0,0
MIDCAP.BSE_IDX,01/07/2025,09:19:11,46934.59,0,0,0,0,0,0
MIDCAP.BSE_IDX,01/07/2025,09:19:19,46939.75,0,0,0,0,0,0
MIDCAP.BSE_IDX,01/07/2025,09:19:28,46943.96,0,0,0,0,0,0
MIDCAP.BSE_IDX,01/07/2025,09:19:35,46944.94,0,0,0,0,0,0
MIDCAP.BSE_IDX,01/07/2025,09:19:43,46940.67,0,0,0,0,0,0
MIDCAP.BSE_IDX,01/07/2025,09:19:52,46937.84,0,0,0,0,0,0
MIDCAP.BSE_IDX,01/07/2025,09:19:59,46936.88,0,0,0,0,0,0
MIDCAP.BSE_IDX,01/07/2025,09:20:07,46937.67,0,0,0,0,0,0
MIDCAP.BSE_IDX,01/07/2025,09:20:15,46933.49,0,0,0,0,0,0
MIDCAP.BSE_IDX,01/07/2025,09:20:24,46923.31,0,0,0,0,0,0
MIDCAP.BSE_IDX,01/07/2025,09:20:31,46923.16,0,0,0,0,0,0
MIDCAP.BSE_IDX,01/07/2025,09:20:39,46915.62,0,0,0,0,0,0
MIDCAP.BSE_IDX,01/07/2025,09:20:47,46913.75,0,0,0,0,0,0
MIDCAP.BSE_IDX,01/07/2025,09:20:55,46910.76,0,0,0,0,0,0
MIDCAP.BSE_IDX,01/07/2025,09:21:03,46913.12,0,0,0,0,0,0
MIDCAP.BSE_IDX,01/07/2025,09:21:11,46913.18,0,0,0,0,0,0
MIDCAP.BSE_IDX,01/07/2025,09:21:19,46930.09,0,0,0,0,0,0
MIDCAP.BSE_IDX,01/07/2025,09:21:27,46933.85,0,0,0,0,0,0
MIDCAP.BSE_IDX,01/07/2025,09:21:36,46936.48,0,0,0,0,0,0
MIDCAP.BSE_IDX,01/07/2025,09:21:43,46932.02,0,0,0,0,0,0
MIDCAP.BSE_IDX,01/07/2025,09:21:51,46931.66,0,0,0,0,0,0
MIDCAP.BSE_IDX,01/07/2025,09:21:59,46934.67,0,0,0,0,0,0
MIDCAP.BSE_IDX,01/07/2025,09:22:07,46935.42,0,0,0,0,0,0
MIDCAP.BSE_IDX,01/07/2025,09:22:15,46935.51,0,0,0,0,0,0
MIDCAP.BSE_IDX,01/07/2025,09:22:23,46935.34,0,0,0,0,0,0
MIDCAP.BSE_IDX,01/07/2025,09:22:31,46938.75,0,0,0,0,0,0
MIDCAP.BSE_IDX,01/07/2025,09:22:39,46939.81,0,0,0,0,0,0
MIDCAP.BSE_IDX,01/07/2025,09:22:47,46937.92,0,0,0,0,0,0
MIDCAP.BSE_IDX,01/07/2025,09:22:55,46936.86,0,0,0,0,0,0
MIDCAP.BSE_IDX,01/07/2025,09:23:03,46942.32,0,0,0,0,0,0
MIDCAP.BSE_IDX,01/07/2025,09:23:11,46943.93,0,0,0,0,0,0
MIDCAP.BSE_IDX,01/07/2025,09:23:19,46946.64,0,0,0,0,0,0
MIDCAP.BSE_IDX,01/07/2025,09:23:27,46950.48,0,0,0,0,0,0
MIDCAP.BSE_IDX,01/07/2025,09:23:35,46948.59,0,0,0,0,0,0
MIDCAP.BSE_IDX,01/07/2025,09:23:44,46949.03,0,0,0,0,0,0
MIDCAP.BSE_IDX,01/07/2025,09:23:51,46946.74,0,0,0,0,0,0
MIDCAP.BSE_IDX,01/07/2025,09:23:59,46945.06,0,0,0,0,0,0
MIDCAP.BSE_IDX,01/07/2025,09:24:08,46946.79,0,0,0,0,0,0
MIDCAP.BSE_IDX,01/07/2025,09:24:15,46946.92,0,0,0,0,0,0
MIDCAP.BSE_IDX,01/07/2025,09:24:23,46943.27,0,0,0,0,0,0
MIDCAP.BSE_IDX,01/07/2025,09:24:32,46942.3,0,0,0,0,0,0
MIDCAP.BSE_IDX,01/07/2025,09:24:39,46946.08,0,0,0,0,0,0
MIDCAP.BSE_IDX,01/07/2025,09:24:48,46946.82,0,0,0,0,0,0
MIDCAP.BSE_IDX,01/07/2025,09:24:57,46946.24,0,0,0,0,0,0
MIDCAP.BSE_IDX,01/07/2025,09:25:03,46948.75,0,0,0,0,0,0
MIDCAP.BSE_IDX,01/07/2025,09:25:12,46940.62,0,0,0,0,0,0
MIDCAP.BSE_IDX,01/07/2025,09:25:19,46938.09,0,0,0,0,0,0
MIDCAP.BSE_IDX,01/07/2025,09:25:29,46930.06,0,0,0,0,0,0
MIDCAP.BSE_IDX,01/07/2025,09:25:35,46928.93,0,0,0,0,0,0
MIDCAP.BSE_IDX,01/07/2025,09:25:43,46925.82,0,0,0,0,0,0
MIDCAP.BSE_IDX,01/07/2025,09:25:51,46921.52,0,0,0,0,0,0
MIDCAP.BSE_IDX,01/07/2025,09:25:59,46920.59,0,0,0,0,0,0
MIDCAP.BSE_IDX,01/07/2025,09:26:08,46921.89,0,0,0,0,0,0
MIDCAP.BSE_IDX,01/07/2025,09:26:15,46923.97,0,0,0,0,0,0
MIDCAP.BSE_IDX,01/07/2025,09:26:23,46921.53,0,0,0,0,0,0
MIDCAP.BSE_IDX,01/07/2025,09:26:31,46922.7,0,0,0,0,0,0
MIDCAP.BSE_IDX,01/07/2025,09:26:39,46926.19,0,0,0,0,0,0
MIDCAP.BSE_IDX,01/07/2025,09:26:48,46925.78,0,0,0,0,0,0
MIDCAP.BSE_IDX,01/07/2025,09:26:55,46926.46,0,0,0,0,0,0
MIDCAP.BSE_IDX,01/07/2025,09:27:04,46931.84,0,0,0,0,0,0
MIDCAP.BSE_IDX,01/07/2025,09:27:12,46926.96,0,0,0,0,0,0
MIDCAP.BSE_IDX,01/07/2025,09:27:19,46924.69,0,0,0,0,0,0
MIDCAP.BSE_IDX,01/07/2025,09:27:28,46927.89,0,0,0,0,0,0
MIDCAP.BSE_IDX,01/07/2025,09:27:36,46925.83,0,0,0,0,0,0
MIDCAP.BSE_IDX,01/07/2025,09:27:44,46920.51,0,0,0,0,0,0
MIDCAP.BSE_IDX,01/07/2025,09:27:51,46921.3,0,0,0,0,0,0
MIDCAP.BSE_IDX,01/07/2025,09:28:00,46921.84,0,0,0,0,0,0
MIDCAP.BSE_IDX,01/07/2025,09:28:08,46919.88,0,0,0,0,0,0
MIDCAP.BSE_IDX,01/07/2025,09:28:16,46903.11,0,0,0,0,0,0
MIDCAP.BSE_IDX,01/07/2025,09:28:24,46898.55,0,0,0,0,0,0
MIDCAP.BSE_IDX,01/07/2025,09:28:32,46898.96,0,0,0,0,0,0
MIDCAP.BSE_IDX,01/07/2025,09:28:40,46898.82,0,0,0,0,0,0
MIDCAP.BSE_IDX,01/07/2025,09:28:48,46902.57,0,0,0,0,0,0
MIDCAP.BSE_IDX,01/07/2025,09:28:56,46903.8,0,0,0,0,0,0
MIDCAP.BSE_IDX,01/07/2025,09:29:04,46899.48,0,0,0,0,0,0
MIDCAP.BSE_IDX,01/07/2025,09:29:12,46896.99,0,0,0,0,0,0
MIDCAP.BSE_IDX,01/07/2025,09:29:20,46894.85,0,0,0,0,0,0
MIDCAP.BSE_IDX,01/07/2025,09:29:28,46893.09,0,0,0,0,0,0
MIDCAP.BSE_IDX,01/07/2025,09:29:36,46893.09,0,0,0,0,0,0
MIDCAP.BSE_IDX,01/07/2025,09:29:44,46894.45,0,0,0,0,0,0
MIDCAP.BSE_IDX,01/07/2025,09:29:52,46895.34,0,0,0,0,0,0
MIDCAP.BSE_IDX,01/07/2025,09:30:00,46901.85,0,0,0,0,0,0
MIDCAP.BSE_IDX,01/07/2025,09:30:08,46909.41,0,0,0,0,0,0
MIDCAP.BSE_IDX,01/07/2025,09:30:16,46915.15,0,0,0,0,0,0
MIDCAP.BSE_IDX,01/07/2025,09:30:24,46920.55,0,0,0,0,0,0
MIDCAP.BSE_IDX,01/07/2025,09:30:32,46922.34,0,0,0,0,0,0
MIDCAP.BSE_IDX,01/07/2025,09:30:40,46923.27,0,0,0,0,0,0
MIDCAP.BSE_IDX,01/07/2025,09:30:48,46924.25,0,0,0,0,0,0
MIDCAP.BSE_IDX,01/07/2025,09:30:56,46916.05,0,0,0,0,0,0
MIDCAP.BSE_IDX,01/07/2025,09:31:04,46916.99,0,0,0,0,0,0
MIDCAP.BSE_IDX,01/07/2025,09:31:12,46912.39,0,0,0,0,0,0
MIDCAP.BSE_IDX,01/07/2025,09:31:20,46905.26,0,0,0,0,0,0
MIDCAP.BSE_IDX,01/07/2025,09:31:28,46904.2,0,0,0,0,0,0
MIDCAP.BSE_IDX,01/07/2025,09:31:36,46903.57,0,0,0,0,0,0
MIDCAP.BSE_IDX,01/07/2025,09:31:44,46900.38,0,0,0,0,0,0
MIDCAP.BSE_IDX,01/07/2025,09:31:52,46899.94,0,0,0,0,0,0
MIDCAP.BSE_IDX,01/07/2025,09:32:00,46900.99,0,0,0,0,0,0
MIDCAP.BSE_IDX,01/07/2025,09:32:08,46900.87,0,0,0,0,0,0
MIDCAP.BSE_IDX,01/07/2025,09:32:16,46901.35,0,0,0,0,0,0
MIDCAP.BSE_IDX,01/07/2025,09:32:24,46903.58,0,0,0,0,0,0
MIDCAP.BSE_IDX,01/07/2025,09:32:32,46903.84,0,0,0,0,0,0
MIDCAP.BSE_IDX,01/07/2025,09:32:40,46906.78,0,0,0,0,0,0
MIDCAP.BSE_IDX,01/07/2025,09:32:48,46911.73,0,0,0,0,0,0
MIDCAP.BSE_IDX,01/07/2025,09:32:56,46920,0,0,0,0,0,0
MIDCAP.BSE_IDX,01/07/2025,09:33:04,46922.71,0,0,0,0,0,0
MIDCAP.BSE_IDX,01/07/2025,09:33:12,46925.03,0,0,0,0,0,0
MIDCAP.BSE_IDX,01/07/2025,09:33:20,46927.52,0,0,0,0,0,0
MIDCAP.BSE_IDX,01/07/2025,09:33:28,46930.63,0,0,0,0,0,0
MIDCAP.BSE_IDX,01/07/2025,09:33:36,46930.01,0,0,0,0,0,0
MIDCAP.BSE_IDX,01/07/2025,09:33:44,46925.93,0,0,0,0,0,0
MIDCAP.BSE_IDX,01/07/2025,09:33:52,46925.94,0,0,0,0,0,0
MIDCAP.BSE_IDX,01/07/2025,09:34:00,46925.83,0,0,0,0,0,0
MIDCAP.BSE_IDX,01/07/2025,09:34:08,46927.66,0,0,0,0,0,0
MIDCAP.BSE_IDX,01/07/2025,09:34:16,46922.59,0,0,0,0,0,0
MIDCAP.BSE_IDX,01/07/2025,09:34:24,46925.17,0,0,0,0,0,0
MIDCAP.BSE_IDX,01/07/2025,09:34:32,46932.31,0,0,0,0,0,0
MIDCAP.BSE_IDX,01/07/2025,09:34:40,46938.02,0,0,0,0,0,0
MIDCAP.BSE_IDX,01/07/2025,09:34:48,46938.72,0,0,0,0,0,0
MIDCAP.BSE_IDX,01/07/2025,09:34:56,46940.62,0,0,0,0,0,0
MIDCAP.BSE_IDX,01/07/2025,09:35:05,46937.27,0,0,0,0,0,0
MIDCAP.BSE_IDX,01/07/2025,09:35:12,46935.96,0,0,0,0,0,0
MIDCAP.BSE_IDX,01/07/2025,09:35:20,46934.23,0,0,0,0,0,0
MIDCAP.BSE_IDX,01/07/2025,09:35:28,46933.14,0,0,0,0,0,0
MIDCAP.BSE_IDX,01/07/2025,09:35:36,46936.24,0,0,0,0,0,0
MIDCAP.BSE_IDX,01/07/2025,09:35:44,46937.24,0,0,0,0,0,0
MIDCAP.BSE_IDX,01/07/2025,09:35:52,46939.25,0,0,0,0,0,0
MIDCAP.BSE_IDX,01/07/2025,09:36:00,46941.14,0,0,0,0,0,0
MIDCAP.BSE_IDX,01/07/2025,09:36:08,46935.62,0,0,0,0,0,0
MIDCAP.BSE_IDX,01/07/2025,09:36:16,46936.21,0,0,0,0,0,0
MIDCAP.BSE_IDX,01/07/2025,09:36:24,46931.7,0,0,0,0,0,0
MIDCAP.BSE_IDX,01/07/2025,09:36:33,46929.48,0,0,0,0,0,0
MIDCAP.BSE_IDX,01/07/2025,09:36:40,46932.23,0,0,0,0,0,0
MIDCAP.BSE_IDX,01/07/2025,09:36:48,46932.83,0,0,0,0,0,0
MIDCAP.BSE_IDX,01/07/2025,09:36:56,46934.9,0,0,0,0,0,0
MIDCAP.BSE_IDX,01/07/2025,09:37:04,46934.37,0,0,0,0,0,0
MIDCAP.BSE_IDX,01/07/2025,09:37:12,46934.56,0,0,0,0,0,0
MIDCAP.BSE_IDX,01/07/2025,09:37:20,46930.6,0,0,0,0,0,0
MIDCAP.BSE_IDX,01/07/2025,09:37:28,46930.74,0,0,0,0,0,0
MIDCAP.BSE_IDX,01/07/2025,09:37:36,46927.93,0,0,0,0,0,0
MIDCAP.BSE_IDX,01/07/2025,09:37:44,46926.78,0,0,0,0,0,0
MIDCAP.BSE_IDX,01/07/2025,09:37:52,46924.98,0,0,0,0,0,0
MIDCAP.BSE_IDX,01/07/2025,09:38:00,46928.36,0,0,0,0,0,0
MIDCAP.BSE_IDX,01/07/2025,09:38:08,46924.35,0,0,0,0,0,0
MIDCAP.BSE_IDX,01/07/2025,09:38:16,46919.53,0,0,0,0,0,0
MIDCAP.BSE_IDX,01/07/2025,09:38:24,46919.18,0,0,0,0,0,0
MIDCAP.BSE_IDX,01/07/2025,09:38:32,46911.26,0,0,0,0,0,0
MIDCAP.BSE_IDX,01/07/2025,09:38:40,46899.45,0,0,0,0,0,0
MIDCAP.BSE_IDX,01/07/2025,09:38:48,46903.23,0,0,0,0,0,0
MIDCAP.BSE_IDX,01/07/2025,09:38:56,46900.58,0,0,0,0,0,0
MIDCAP.BSE_IDX,01/07/2025,09:39:04,46896.32,0,0,0,0,0,0
MIDCAP.BSE_IDX,01/07/2025,09:39:12,46895.46,0,0,0,0,0,0
MIDCAP.BSE_IDX,01/07/2025,09:39:20,46900.54,0,0,0,0,0,0
MIDCAP.BSE_IDX,01/07/2025,09:39:28,46902.77,0,0,0,0,0,0
MIDCAP.BSE_IDX,01/07/2025,09:39:36,46901.38,0,0,0,0,0,0
MIDCAP.BSE_IDX,01/07/2025,09:39:44,46904.59,0,0,0,0,0,0
MIDCAP.BSE_IDX,01/07/2025,09:39:52,46904.37,0,0,0,0,0,0
MIDCAP.BSE_IDX,01/07/2025,09:40:00,46903.23,0,0,0,0,0,0
MIDCAP.BSE_IDX,01/07/2025,09:40:08,46906.25,0,0,0,0,0,0
MIDCAP.BSE_IDX,01/07/2025,09:40:16,46909.43,0,0,0,0,0,0
MIDCAP.BSE_IDX,01/07/2025,09:40:24,46910.38,0,0,0,0,0,0
MIDCAP.BSE_IDX,01/07/2025,09:40:32,46908.8,0,0,0,0,0,0
MIDCAP.BSE_IDX,01/07/2025,09:40:40,46906.05,0,0,0,0,0,0
MIDCAP.BSE_IDX,01/07/2025,09:40:48,46906.53,0,0,0,0,0,0
MIDCAP.BSE_IDX,01/07/2025,09:40:56,46898.83,0,0,0,0,0,0
MIDCAP.BSE_IDX,01/07/2025,09:41:04,46889.37,0,0,0,0,0,0
MIDCAP.BSE_IDX,01/07/2025,09:41:12,46889.07,0,0,0,0,0,0
MIDCAP.BSE_IDX,01/07/2025,09:41:20,46894.62,0,0,0,0,0,0
MIDCAP.BSE_IDX,01/07/2025,09:41:28,46895.96,0,0,0,0,0,0
MIDCAP.BSE_IDX,01/07/2025,09:41:36,46897.45,0,0,0,0,0,0
MIDCAP.BSE_IDX,01/07/2025,09:41:44,46896.58,0,0,0,0,0,0
MIDCAP.BSE_IDX,01/07/2025,09:41:52,46896.75,0,0,0,0,0,0
MIDCAP.BSE_IDX,01/07/2025,09:42:00,46895.97,0,0,0,0,0,0
MIDCAP.BSE_IDX,01/07/2025,09:42:08,46897.46,0,0,0,0,0,0
MIDCAP.BSE_IDX,01/07/2025,09:42:16,46894.59,0,0,0,0,0,0
MIDCAP.BSE_IDX,01/07/2025,09:42:24,46890.42,0,0,0,0,0,0
MIDCAP.BSE_IDX,01/07/2025,09:42:32,46892.85,0,0,0,0,0,0
MIDCAP.BSE_IDX,01/07/2025,09:42:40,46888.87,0,0,0,0,0,0
MIDCAP.BSE_IDX,01/07/2025,09:42:48,46893.46,0,0,0,0,0,0
MIDCAP.BSE_IDX,01/07/2025,09:42:56,46894.26,0,0,0,0,0,0
MIDCAP.BSE_IDX,01/07/2025,09:43:04,46895.33,0,0,0,0,0,0
MIDCAP.BSE_IDX,01/07/2025,09:43:12,46895.31,0,0,0,0,0,0
MIDCAP.BSE_IDX,01/07/2025,09:43:20,46893.86,0,0,0,0,0,0
MIDCAP.BSE_IDX,01/07/2025,09:43:28,46893.01,0,0,0,0,0,0
MIDCAP.BSE_IDX,01/07/2025,09:43:36,46896.75,0,0,0,0,0,0
MIDCAP.BSE_IDX,01/07/2025,09:43:44,46899.36,0,0,0,0,0,0
MIDCAP.BSE_IDX,01/07/2025,09:43:53,46899.51,0,0,0,0,0,0
MIDCAP.BSE_IDX,01/07/2025,09:44:00,46899.37,0,0,0,0,0,0
MIDCAP.BSE_IDX,01/07/2025,09:44:08,46894.77,0,0,0,0,0,0
MIDCAP.BSE_IDX,01/07/2025,09:44:16,46890.48,0,0,0,0,0,0
MIDCAP.BSE_IDX,01/07/2025,09:44:24,46886.92,0,0,0,0,0,0
MIDCAP.BSE_IDX,01/07/2025,09:44:32,46890.79,0,0,0,0,0,0
MIDCAP.BSE_IDX,01/07/2025,09:44:40,46890.91,0,0,0,0,0,0
MIDCAP.BSE_IDX,01/07/2025,09:44:48,46885.75,0,0,0,0,0,0
MIDCAP.BSE_IDX,01/07/2025,09:44:56,46876.66,0,0,0,0,0,0
MIDCAP.BSE_IDX,01/07/2025,09:45:05,46876.14,0,0,0,0,0,0
MIDCAP.BSE_IDX,01/07/2025,09:45:12,46865.22,0,0,0,0,0,0
MIDCAP.BSE_IDX,01/07/2025,09:45:20,46858.92,0,0,0,0,0,0
MIDCAP.BSE_IDX,01/07/2025,09:45:28,46858.29,0,0,0,0,0,0
MIDCAP.BSE_IDX,01/07/2025,09:45:36,46854.68,0,0,0,0,0,0
MIDCAP.BSE_IDX,01/07/2025,09:45:44,46849.44,0,0,0,0,0,0
MIDCAP.BSE_IDX,01/07/2025,09:45:52,46847.66,0,0,0,0,0,0
MIDCAP.BSE_IDX,01/07/2025,09:46:01,46849.56,0,0,0,0,0,0
MIDCAP.BSE_IDX,01/07/2025,09:46:08,46847.62,0,0,0,0,0,0
MIDCAP.BSE_IDX,01/07/2025,09:46:16,46850.09,0,0,0,0,0,0
MIDCAP.BSE_IDX,01/07/2025,09:46:24,46851.9,0,0,0,0,0,0
MIDCAP.BSE_IDX,01/07/2025,09:46:32,46850.51,0,0,0,0,0,0
MIDCAP.BSE_IDX,01/07/2025,09:46:40,46850.36,0,0,0,0,0,0
MIDCAP.BSE_IDX,01/07/2025,09:46:48,46851.5,0,0,0,0,0,0
MIDCAP.BSE_IDX,01/07/2025,09:46:56,46850.08,0,0,0,0,0,0
MIDCAP.BSE_IDX,01/07/2025,09:47:04,46849.43,0,0,0,0,0,0
MIDCAP.BSE_IDX,01/07/2025,09:47:12,46850.41,0,0,0,0,0,0
MIDCAP.BSE_IDX,01/07/2025,09:47:20,46848.66,0,0,0,0,0,0
MIDCAP.BSE_IDX,01/07/2025,09:47:28,46850.33,0,0,0,0,0,0
MIDCAP.BSE_IDX,01/07/2025,09:47:36,46848.95,0,0,0,0,0,0
MIDCAP.BSE_IDX,01/07/2025,09:47:44,46848.97,0,0,0,0,0,0
MIDCAP.BSE_IDX,01/07/2025,09:47:52,46851.52,0,0,0,0,0,0
MIDCAP.BSE_IDX,01/07/2025,09:48:00,46856.03,0,0,0,0,0,0
MIDCAP.BSE_IDX,01/07/2025,09:48:08,46858.18,0,0,0,0,0,0
MIDCAP.BSE_IDX,01/07/2025,09:48:16,46868.26,0,0,0,0,0,0
MIDCAP.BSE_IDX,01/07/2025,09:48:24,46872.94,0,0,0,0,0,0
MIDCAP.BSE_IDX,01/07/2025,09:48:32,46872.38,0,0,0,0,0,0
MIDCAP.BSE_IDX,01/07/2025,09:48:40,46870.92,0,0,0,0,0,0
MIDCAP.BSE_IDX,01/07/2025,09:48:48,46875.73,0,0,0,0,0,0
MIDCAP.BSE_IDX,01/07/2025,09:48:56,46874.24,0,0,0,0,0,0
MIDCAP.BSE_IDX,01/07/2025,09:49:04,46875.76,0,0,0,0,0,0
MIDCAP.BSE_IDX,01/07/2025,09:49:12,46876.02,0,0,0,0,0,0
MIDCAP.BSE_IDX,01/07/2025,09:49:20,46875.06,0,0,0,0,0,0
MIDCAP.BSE_IDX,01/07/2025,09:49:28,46873.57,0,0,0,0,0,0
MIDCAP.BSE_IDX,01/07/2025,09:49:36,46871.98,0,0,0,0,0,0
MIDCAP.BSE_IDX,01/07/2025,09:49:44,46874.05,0,0,0,0,0,0
MIDCAP.BSE_IDX,01/07/2025,09:49:52,46874.81,0,0,0,0,0,0
MIDCAP.BSE_IDX,01/07/2025,09:50:00,46875.25,0,0,0,0,0,0
MIDCAP.BSE_IDX,01/07/2025,09:50:08,46876.86,0,0,0,0,0,0
MIDCAP.BSE_IDX,01/07/2025,09:50:16,46883.16,0,0,0,0,0,0
MIDCAP.BSE_IDX,01/07/2025,09:50:24,46882.56,0,0,0,0,0,0
MIDCAP.BSE_IDX,01/07/2025,09:50:32,46881.63,0,0,0,0,0,0
MIDCAP.BSE_IDX,01/07/2025,09:50:40,46878.63,0,0,0,0,0,0
MIDCAP.BSE_IDX,01/07/2025,09:50:48,46874.12,0,0,0,0,0,0
MIDCAP.BSE_IDX,01/07/2025,09:50:57,46868.91,0,0,0,0,0,0
MIDCAP.BSE_IDX,01/07/2025,09:51:04,46865.15,0,0,0,0,0,0
MIDCAP.BSE_IDX,01/07/2025,09:51:12,46863.83,0,0,0,0,0,0
MIDCAP.BSE_IDX,01/07/2025,09:51:20,46860.51,0,0,0,0,0,0
MIDCAP.BSE_IDX,01/07/2025,09:51:28,46858.55,0,0,0,0,0,0
MIDCAP.BSE_IDX,01/07/2025,09:51:37,46858.58,0,0,0,0,0,0
MIDCAP.BSE_IDX,01/07/2025,09:51:44,46861.21,0,0,0,0,0,0
MIDCAP.BSE_IDX,01/07/2025,09:51:52,46858.8,0,0,0,0,0,0
MIDCAP.BSE_IDX,01/07/2025,09:52:01,46860.24,0,0,0,0,0,0
MIDCAP.BSE_IDX,01/07/2025,09:52:08,46856.99,0,0,0,0,0,0
MIDCAP.BSE_IDX,01/07/2025,09:52:17,46856.33,0,0,0,0,0,0
MIDCAP.BSE_IDX,01/07/2025,09:52:24,46851.28,0,0,0,0,0,0
MIDCAP.BSE_IDX,01/07/2025,09:52:32,46850.61,0,0,0,0,0,0
MIDCAP.BSE_IDX,01/07/2025,09:52:40,46846.9,0,0,0,0,0,0
MIDCAP.BSE_IDX,01/07/2025,09:52:48,46846.33,0,0,0,0,0,0
MIDCAP.BSE_IDX,01/07/2025,09:52:57,46845.7,0,0,0,0,0,0
MIDCAP.BSE_IDX,01/07/2025,09:53:04,46846.48,0,0,0,0,0,0
MIDCAP.BSE_IDX,01/07/2025,09:53:13,46846.57,0,0,0,0,0,0
MIDCAP.BSE_IDX,01/07/2025,09:53:20,46848.13,0,0,0,0,0,0
MIDCAP.BSE_IDX,01/07/2025,09:53:28,46853.59,0,0,0,0,0,0
MIDCAP.BSE_IDX,01/07/2025,09:53:36,46854.85,0,0,0,0,0,0
MIDCAP.BSE_IDX,01/07/2025,09:53:44,46853.86,0,0,0,0,0,0
MIDCAP.BSE_IDX,01/07/2025,09:53:52,46855.97,0,0,0,0,0,0
MIDCAP.BSE_IDX,01/07/2025,09:54:00,46850.85,0,0,0,0,0,0
MIDCAP.BSE_IDX,01/07/2025,09:54:08,46841.76,0,0,0,0,0,0
MIDCAP.BSE_IDX,01/07/2025,09:54:16,46836.58,0,0,0,0,0,0
MIDCAP.BSE_IDX,01/07/2025,09:54:24,46835.67,0,0,0,0,0,0
MIDCAP.BSE_IDX,01/07/2025,09:54:32,46834.87,0,0,0,0,0,0
MIDCAP.BSE_IDX,01/07/2025,09:54:40,46831.27,0,0,0,0,0,0
MIDCAP.BSE_IDX,01/07/2025,09:54:48,46830.83,0,0,0,0,0,0
MIDCAP.BSE_IDX,01/07/2025,09:54:56,46831.39,0,0,0,0,0,0
MIDCAP.BSE_IDX,01/07/2025,09:55:04,46823.46,0,0,0,0,0,0
MIDCAP.BSE_IDX,01/07/2025,09:55:12,46826.89,0,0,0,0,0,0
MIDCAP.BSE_IDX,01/07/2025,09:55:20,46824.94,0,0,0,0,0,0
MIDCAP.BSE_IDX,01/07/2025,09:55:28,46826.02,0,0,0,0,0,0
MIDCAP.BSE_IDX,01/07/2025,09:55:36,46827.4,0,0,0,0,0,0
MIDCAP.BSE_IDX,01/07/2025,09:55:44,46820.48,0,0,0,0,0,0
MIDCAP.BSE_IDX,01/07/2025,09:55:52,46818.68,0,0,0,0,0,0
MIDCAP.BSE_IDX,01/07/2025,09:56:00,46816.58,0,0,0,0,0,0
MIDCAP.BSE_IDX,01/07/2025,09:56:08,46818.98,0,0,0,0,0,0
MIDCAP.BSE_IDX,01/07/2025,09:56:16,46817.65,0,0,0,0,0,0
MIDCAP.BSE_IDX,01/07/2025,09:56:25,46815.66,0,0,0,0,0,0
MIDCAP.BSE_IDX,01/07/2025,09:56:32,46817.75,0,0,0,0,0,0
MIDCAP.BSE_IDX,01/07/2025,09:56:41,46816.41,0,0,0,0,0,0
MIDCAP.BSE_IDX,01/07/2025,09:56:48,46814.49,0,0,0,0,0,0
MIDCAP.BSE_IDX,01/07/2025,09:56:57,46815.24,0,0,0,0,0,0
MIDCAP.BSE_IDX,01/07/2025,09:57:04,46814.02,0,0,0,0,0,0
MIDCAP.BSE_IDX,01/07/2025,09:57:12,46818.83,0,0,0,0,0,0
MIDCAP.BSE_IDX,01/07/2025,09:57:20,46823.13,0,0,0,0,0,0
MIDCAP.BSE_IDX,01/07/2025,09:57:28,46825.9,0,0,0,0,0,0
MIDCAP.BSE_IDX,01/07/2025,09:57:36,46825.27,0,0,0,0,0,0
MIDCAP.BSE_IDX,01/07/2025,09:57:44,46830.76,0,0,0,0,0,0
MIDCAP.BSE_IDX,01/07/2025,09:57:52,46833.87,0,0,0,0,0,0
MIDCAP.BSE_IDX,01/07/2025,09:58:00,46831.16,0,0,0,0,0,0
MIDCAP.BSE_IDX,01/07/2025,09:58:08,46832.39,0,0,0,0,0,0
MIDCAP.BSE_IDX,01/07/2025,09:58:16,46832.16,0,0,0,0,0,0
MIDCAP.BSE_IDX,01/07/2025,09:58:24,46830.93,0,0,0,0,0,0
MIDCAP.BSE_IDX,01/07/2025,09:58:32,46834.24,0,0,0,0,0,0
MIDCAP.BSE_IDX,01/07/2025,09:58:40,46842.66,0,0,0,0,0,0
MIDCAP.BSE_IDX,01/07/2025,09:58:48,46844.81,0,0,0,0,0,0
MIDCAP.BSE_IDX,01/07/2025,09:58:56,46847.16,0,0,0,0,0,0
MIDCAP.BSE_IDX,01/07/2025,09:59:05,46848.49,0,0,0,0,0,0
MIDCAP.BSE_IDX,01/07/2025,09:59:12,46847.61,0,0,0,0,0,0
MIDCAP.BSE_IDX,01/07/2025,09:59:20,46850.27,0,0,0,0,0,0
MIDCAP.BSE_IDX,01/07/2025,09:59:28,46852.05,0,0,0,0,0,0
MIDCAP.BSE_IDX,01/07/2025,09:59:36,46854.1,0,0,0,0,0,0
MIDCAP.BSE_IDX,01/07/2025,09:59:45,46857.98,0,0,0,0,0,0
MIDCAP.BSE_IDX,01/07/2025,09:59:52,46857.48,0,0,0,0,0,0
MIDCAP.BSE_IDX,01/07/2025,10:00:00,46858.65,0,0,0,0,0,0
MIDCAP.BSE_IDX,01/07/2025,10:00:08,46863.35,0,0,0,0,0,0
MIDCAP.BSE_IDX,01/07/2025,10:00:16,46862.18,0,0,0,0,0,0
MIDCAP.BSE_IDX,01/07/2025,10:00:24,46860.97,0,0,0,0,0,0
MIDCAP.BSE_IDX,01/07/2025,10:00:32,46861.08,0,0,0,0,0,0
MIDCAP.BSE_IDX,01/07/2025,10:00:40,46858.2,0,0,0,0,0,0
MIDCAP.BSE_IDX,01/07/2025,10:00:48,46857.02,0,0,0,0,0,0
MIDCAP.BSE_IDX,01/07/2025,10:00:56,46860.89,0,0,0,0,0,0
MIDCAP.BSE_IDX,01/07/2025,10:01:04,46855.65,0,0,0,0,0,0
MIDCAP.BSE_IDX,01/07/2025,10:01:12,46849.09,0,0,0,0,0,0
MIDCAP.BSE_IDX,01/07/2025,10:01:21,46852.25,0,0,0,0,0,0
MIDCAP.BSE_IDX,01/07/2025,10:01:28,46852.26,0,0,0,0,0,0
MIDCAP.BSE_IDX,01/07/2025,10:01:36,46852.63,0,0,0,0,0,0
MIDCAP.BSE_IDX,01/07/2025,10:01:44,46850.05,0,0,0,0,0,0
MIDCAP.BSE_IDX,01/07/2025,10:01:52,46849.61,0,0,0,0,0,0
MIDCAP.BSE_IDX,01/07/2025,10:02:00,46848.22,0,0,0,0,0,0
MIDCAP.BSE_IDX,01/07/2025,10:02:08,46848.08,0,0,0,0,0,0
MIDCAP.BSE_IDX,01/07/2025,10:02:16,46848.77,0,0,0,0,0,0
MIDCAP.BSE_IDX,01/07/2025,10:02:24,46843.76,0,0,0,0,0,0
MIDCAP.BSE_IDX,01/07/2025,10:02:32,46839.24,0,0,0,0,0,0
MIDCAP.BSE_IDX,01/07/2025,10:02:41,46838.07,0,0,0,0,0,0
MIDCAP.BSE_IDX,01/07/2025,10:02:49,46837.62,0,0,0,0,0,0
MIDCAP.BSE_IDX,01/07/2025,10:02:56,46836.06,0,0,0,0,0,0
MIDCAP.BSE_IDX,01/07/2025,10:03:04,46824.91,0,0,0,0,0,0
MIDCAP.BSE_IDX,01/07/2025,10:03:13,46818.81,0,0,0,0,0,0
MIDCAP.BSE_IDX,01/07/2025,10:03:20,46812.51,0,0,0,0,0,0
MIDCAP.BSE_IDX,01/07/2025,10:03:29,46807.45,0,0,0,0,0,0
MIDCAP.BSE_IDX,01/07/2025,10:03:37,46802.98,0,0,0,0,0,0
MIDCAP.BSE_IDX,01/07/2025,10:03:45,46801.14,0,0,0,0,0,0
MIDCAP.BSE_IDX,01/07/2025,10:03:53,46797.27,0,0,0,0,0,0
MIDCAP.BSE_IDX,01/07/2025,10:04:01,46794.63,0,0,0,0,0,0
MIDCAP.BSE_IDX,01/07/2025,10:04:09,46796.8,0,0,0,0,0,0
MIDCAP.BSE_IDX,01/07/2025,10:04:17,46797.96,0,0,0,0,0,0
MIDCAP.BSE_IDX,01/07/2025,10:04:25,46796.58,0,0,0,0,0,0
MIDCAP.BSE_IDX,01/07/2025,10:04:33,46797.19,0,0,0,0,0,0
MIDCAP.BSE_IDX,01/07/2025,10:04:41,46797.74,0,0,0,0,0,0
MIDCAP.BSE_IDX,01/07/2025,10:04:50,46799.95,0,0,0,0,0,0
MIDCAP.BSE_IDX,01/07/2025,10:04:57,46803.07,0,0,0,0,0,0
MIDCAP.BSE_IDX,01/07/2025,10:05:05,46803.01,0,0,0,0,0,0
MIDCAP.BSE_IDX,01/07/2025,10:05:14,46798.88,0,0,0,0,0,0
MIDCAP.BSE_IDX,01/07/2025,10:05:21,46798.28,0,0,0,0,0,0
MIDCAP.BSE_IDX,01/07/2025,10:05:29,46797.64,0,0,0,0,0,0
MIDCAP.BSE_IDX,01/07/2025,10:05:37,46799.44,0,0,0,0,0,0
MIDCAP.BSE_IDX,01/07/2025,10:05:45,46803.29,0,0,0,0,0,0
MIDCAP.BSE_IDX,01/07/2025,10:05:53,46805.7,0,0,0,0,0,0
MIDCAP.BSE_IDX,01/07/2025,10:06:01,46804.73,0,0,0,0,0,0
MIDCAP.BSE_IDX,01/07/2025,10:06:09,46808.61,0,0,0,0,0,0
MIDCAP.BSE_IDX,01/07/2025,10:06:17,46806.71,0,0,0,0,0,0
MIDCAP.BSE_IDX,01/07/2025,10:06:25,46808.63,0,0,0,0,0,0
MIDCAP.BSE_IDX,01/07/2025,10:06:33,46809.12,0,0,0,0,0,0
MIDCAP.BSE_IDX,01/07/2025,10:06:41,46812.75,0,0,0,0,0,0
MIDCAP.BSE_IDX,01/07/2025,10:06:49,46816.16,0,0,0,0,0,0
MIDCAP.BSE_IDX,01/07/2025,10:06:57,46816.78,0,0,0,0,0,0
MIDCAP.BSE_IDX,01/07/2025,10:07:05,46819.02,0,0,0,0,0,0
MIDCAP.BSE_IDX,01/07/2025,10:07:13,46819.18,0,0,0,0,0,0
MIDCAP.BSE_IDX,01/07/2025,10:07:21,46818.65,0,0,0,0,0,0
MIDCAP.BSE_IDX,01/07/2025,10:07:29,46821.92,0,0,0,0,0,0
MIDCAP.BSE_IDX,01/07/2025,10:07:37,46823.55,0,0,0,0,0,0
MIDCAP.BSE_IDX,01/07/2025,10:07:45,46826.96,0,0,0,0,0,0
MIDCAP.BSE_IDX,01/07/2025,10:07:53,46827.26,0,0,0,0,0,0
MIDCAP.BSE_IDX,01/07/2025,10:08:01,46829.49,0,0,0,0,0,0
MIDCAP.BSE_IDX,01/07/2025,10:08:09,46832.32,0,0,0,0,0,0
MIDCAP.BSE_IDX,01/07/2025,10:08:17,46831.04,0,0,0,0,0,0
MIDCAP.BSE_IDX,01/07/2025,10:08:25,46833.53,0,0,0,0,0,0
MIDCAP.BSE_IDX,01/07/2025,10:08:33,46829.43,0,0,0,0,0,0
MIDCAP.BSE_IDX,01/07/2025,10:08:41,46828.12,0,0,0,0,0,0
MIDCAP.BSE_IDX,01/07/2025,10:08:49,46826.55,0,0,0,0,0,0
MIDCAP.BSE_IDX,01/07/2025,10:08:57,46824.9,0,0,0,0,0,0
MIDCAP.BSE_IDX,01/07/2025,10:09:05,46816.56,0,0,0,0,0,0
MIDCAP.BSE_IDX,01/07/2025,10:09:13,46816.1,0,0,0,0,0,0
MIDCAP.BSE_IDX,01/07/2025,10:09:21,46814.67,0,0,0,0,0,0
MIDCAP.BSE_IDX,01/07/2025,10:09:29,46814.32,0,0,0,0,0,0
MIDCAP.BSE_IDX,01/07/2025,10:09:37,46815.53,0,0,0,0,0,0
MIDCAP.BSE_IDX,01/07/2025,10:09:45,46815.75,0,0,0,0,0,0
MIDCAP.BSE_IDX,01/07/2025,10:09:53,46815.74,0,0,0,0,0,0
MIDCAP.BSE_IDX,01/07/2025,10:10:01,46817.72,0,0,0,0,0,0
MIDCAP.BSE_IDX,01/07/2025,10:10:09,46816.99,0,0,0,0,0,0
MIDCAP.BSE_IDX,01/07/2025,10:10:17,46817.06,0,0,0,0,0,0
MIDCAP.BSE_IDX,01/07/2025,10:10:25,46819.19,0,0,0,0,0,0
MIDCAP.BSE_IDX,01/07/2025,10:10:33,46820.41,0,0,0,0,0,0
MIDCAP.BSE_IDX,01/07/2025,10:10:41,46823.18,0,0,0,0,0,0
MIDCAP.BSE_IDX,01/07/2025,10:10:49,46821.94,0,0,0,0,0,0
MIDCAP.BSE_IDX,01/07/2025,10:10:57,46822.81,0,0,0,0,0,0
MIDCAP.BSE_IDX,01/07/2025,10:11:05,46822.7,0,0,0,0,0,0
MIDCAP.BSE_IDX,01/07/2025,10:11:13,46820.51,0,0,0,0,0,0
MIDCAP.BSE_IDX,01/07/2025,10:11:22,46816.76,0,0,0,0,0,0
MIDCAP.BSE_IDX,01/07/2025,10:11:29,46813.38,0,0,0,0,0,0
MIDCAP.BSE_IDX,01/07/2025,10:11:37,46812.88,0,0,0,0,0,0
MIDCAP.BSE_IDX,01/07/2025,10:11:45,46812.36,0,0,0,0,0,0
MIDCAP.BSE_IDX,01/07/2025,10:11:53,46810.47,0,0,0,0,0,0
MIDCAP.BSE_IDX,01/07/2025,10:12:01,46807.78,0,0,0,0,0,0
MIDCAP.BSE_IDX,01/07/2025,10:12:09,46804.94,0,0,0,0,0,0
MIDCAP.BSE_IDX,01/07/2025,10:12:17,46802.53,0,0,0,0,0,0
MIDCAP.BSE_IDX,01/07/2025,10:12:25,46795.62,0,0,0,0,0,0
MIDCAP.BSE_IDX,01/07/2025,10:12:33,46790.12,0,0,0,0,0,0
MIDCAP.BSE_IDX,01/07/2025,10:12:41,46785.9,0,0,0,0,0,0
MIDCAP.BSE_IDX,01/07/2025,10:12:49,46787.22,0,0,0,0,0,0
MIDCAP.BSE_IDX,01/07/2025,10:12:57,46783.76,0,0,0,0,0,0
MIDCAP.BSE_IDX,01/07/2025,10:13:05,46782.12,0,0,0,0,0,0
MIDCAP.BSE_IDX,01/07/2025,10:13:13,46783.67,0,0,0,0,0,0
MIDCAP.BSE_IDX,01/07/2025,10:13:21,46785.93,0,0,0,0,0,0
MIDCAP.BSE_IDX,01/07/2025,10:13:29,46781.26,0,0,0,0,0,0
MIDCAP.BSE_IDX,01/07/2025,10:13:37,46781.23,0,0,0,0,0,0
MIDCAP.BSE_IDX,01/07/2025,10:13:45,46781.25,0,0,0,0,0,0
MIDCAP.BSE_IDX,01/07/2025,10:13:53,46776.87,0,0,0,0,0,0
MIDCAP.BSE_IDX,01/07/2025,10:14:01,46766.05,0,0,0,0,0,0
MIDCAP.BSE_IDX,01/07/2025,10:14:09,46765.39,0,0,0,0,0,0
MIDCAP.BSE_IDX,01/07/2025,10:14:17,46760.49,0,0,0,0,0,0
MIDCAP.BSE_IDX,01/07/2025,10:14:25,46758.84,0,0,0,0,0,0
MIDCAP.BSE_IDX,01/07/2025,10:14:33,46755.57,0,0,0,0,0,0
MIDCAP.BSE_IDX,01/07/2025,10:14:41,46751.83,0,0,0,0,0,0
MIDCAP.BSE_IDX,01/07/2025,10:14:49,46748.63,0,0,0,0,0,0
MIDCAP.BSE_IDX,01/07/2025,10:14:57,46747.17,0,0,0,0,0,0
MIDCAP.BSE_IDX,01/07/2025,10:15:05,46743.7,0,0,0,0,0,0
MIDCAP.BSE_IDX,01/07/2025,10:15:13,46738.33,0,0,0,0,0,0
MIDCAP.BSE_IDX,01/07/2025,10:15:21,46735.24,0,0,0,0,0,0
MIDCAP.BSE_IDX,01/07/2025,10:15:29,46732,0,0,0,0,0,0
MIDCAP.BSE_IDX,01/07/2025,10:15:37,46734.55,0,0,0,0,0,0
MIDCAP.BSE_IDX,01/07/2025,10:15:45,46734.12,0,0,0,0,0,0
MIDCAP.BSE_IDX,01/07/2025,10:15:53,46732.12,0,0,0,0,0,0
MIDCAP.BSE_IDX,01/07/2025,10:16:01,46731.88,0,0,0,0,0,0
MIDCAP.BSE_IDX,01/07/2025,10:16:09,46733.52,0,0,0,0,0,0
MIDCAP.BSE_IDX,01/07/2025,10:16:17,46736.9,0,0,0,0,0,0
MIDCAP.BSE_IDX,01/07/2025,10:16:25,46737.88,0,0,0,0,0,0
MIDCAP.BSE_IDX,01/07/2025,10:16:33,46739.22,0,0,0,0,0,0
MIDCAP.BSE_IDX,01/07/2025,10:16:41,46739.58,0,0,0,0,0,0
MIDCAP.BSE_IDX,01/07/2025,10:16:49,46738.47,0,0,0,0,0,0
MIDCAP.BSE_IDX,01/07/2025,10:16:57,46741.84,0,0,0,0,0,0
MIDCAP.BSE_IDX,01/07/2025,10:17:05,46743.11,0,0,0,0,0,0
MIDCAP.BSE_IDX,01/07/2025,10:17:13,46742.02,0,0,0,0,0,0
MIDCAP.BSE_IDX,01/07/2025,10:17:21,46746.31,0,0,0,0,0,0
MIDCAP.BSE_IDX,01/07/2025,10:17:29,46750.25,0,0,0,0,0,0
MIDCAP.BSE_IDX,01/07/2025,10:17:37,46758.97,0,0,0,0,0,0
MIDCAP.BSE_IDX,01/07/2025,10:17:45,46766.86,0,0,0,0,0,0
MIDCAP.BSE_IDX,01/07/2025,10:17:53,46770.97,0,0,0,0,0,0
MIDCAP.BSE_IDX,01/07/2025,10:18:01,46771.85,0,0,0,0,0,0
MIDCAP.BSE_IDX,01/07/2025,10:18:09,46778.23,0,0,0,0,0,0
MIDCAP.BSE_IDX,01/07/2025,10:18:17,46780.97,0,0,0,0,0,0
MIDCAP.BSE_IDX,01/07/2025,10:18:25,46781.56,0,0,0,0,0,0
MIDCAP.BSE_IDX,01/07/2025,10:18:33,46778.27,0,0,0,0,0,0
MIDCAP.BSE_IDX,01/07/2025,10:18:41,46778.8,0,0,0,0,0,0
MIDCAP.BSE_IDX,01/07/2025,10:18:49,46781.51,0,0,0,0,0,0
MIDCAP.BSE_IDX,01/07/2025,10:18:57,46782.59,0,0,0,0,0,0
MIDCAP.BSE_IDX,01/07/2025,10:19:05,46776.59,0,0,0,0,0,0
MIDCAP.BSE_IDX,01/07/2025,10:19:13,46778.17,0,0,0,0,0,0
MIDCAP.BSE_IDX,01/07/2025,10:19:21,46776.89,0,0,0,0,0,0
MIDCAP.BSE_IDX,01/07/2025,10:19:29,46778.13,0,0,0,0,0,0
MIDCAP.BSE_IDX,01/07/2025,10:19:37,46777.15,0,0,0,0,0,0
MIDCAP.BSE_IDX,01/07/2025,10:19:45,46775.88,0,0,0,0,0,0
MIDCAP.BSE_IDX,01/07/2025,10:19:53,46770.17,0,0,0,0,0,0
MIDCAP.BSE_IDX,01/07/2025,10:20:01,46768.65,0,0,0,0,0,0
MIDCAP.BSE_IDX,01/07/2025,10:20:09,46769.79,0,0,0,0,0,0
MIDCAP.BSE_IDX,01/07/2025,10:20:17,46771.42,0,0,0,0,0,0
MIDCAP.BSE_IDX,01/07/2025,10:20:25,46771.58,0,0,0,0,0,0
MIDCAP.BSE_IDX,01/07/2025,10:20:33,46769.77,0,0,0,0,0,0
MIDCAP.BSE_IDX,01/07/2025,10:20:41,46772.49,0,0,0,0,0,0
MIDCAP.BSE_IDX,01/07/2025,10:20:49,46769.64,0,0,0,0,0,0
MIDCAP.BSE_IDX,01/07/2025,10:20:57,46766.1,0,0,0,0,0,0
MIDCAP.BSE_IDX,01/07/2025,10:21:05,46765.06,0,0,0,0,0,0
MIDCAP.BSE_IDX,01/07/2025,10:21:13,46764.26,0,0,0,0,0,0
MIDCAP.BSE_IDX,01/07/2025,10:21:21,46759.76,0,0,0,0,0,0
MIDCAP.BSE_IDX,01/07/2025,10:21:29,46756.38,0,0,0,0,0,0
MIDCAP.BSE_IDX,01/07/2025,10:21:37,46755.67,0,0,0,0,0,0
MIDCAP.BSE_IDX,01/07/2025,10:21:45,46752.21,0,0,0,0,0,0
MIDCAP.BSE_IDX,01/07/2025,10:21:53,46752.66,0,0,0,0,0,0
MIDCAP.BSE_IDX,01/07/2025,10:22:01,46755.7,0,0,0,0,0,0
MIDCAP.BSE_IDX,01/07/2025,10:22:09,46752.82,0,0,0,0,0,0
MIDCAP.BSE_IDX,01/07/2025,10:22:17,46748.07,0,0,0,0,0,0
MIDCAP.BSE_IDX,01/07/2025,10:22:25,46748.39,0,0,0,0,0,0
MIDCAP.BSE_IDX,01/07/2025,10:22:33,46748.99,0,0,0,0,0,0
MIDCAP.BSE_IDX,01/07/2025,10:22:41,46750.9,0,0,0,0,0,0
MIDCAP.BSE_IDX,01/07/2025,10:22:49,46752.71,0,0,0,0,0,0
MIDCAP.BSE_IDX,01/07/2025,10:22:57,46753.03,0,0,0,0,0,0
MIDCAP.BSE_IDX,01/07/2025,10:23:05,46749.93,0,0,0,0,0,0
MIDCAP.BSE_IDX,01/07/2025,10:23:13,46750.68,0,0,0,0,0,0
MIDCAP.BSE_IDX,01/07/2025,10:23:21,46750.06,0,0,0,0,0,0
MIDCAP.BSE_IDX,01/07/2025,10:23:29,46751.93,0,0,0,0,0,0
MIDCAP.BSE_IDX,01/07/2025,10:23:37,46753.42,0,0,0,0,0,0
MIDCAP.BSE_IDX,01/07/2025,10:23:45,46756.5,0,0,0,0,0,0
MIDCAP.BSE_IDX,01/07/2025,10:23:53,46755.83,0,0,0,0,0,0
MIDCAP.BSE_IDX,01/07/2025,10:24:01,46757.83,0,0,0,0,0,0
MIDCAP.BSE_IDX,01/07/2025,10:24:09,46757.83,0,0,0,0,0,0
MIDCAP.BSE_IDX,01/07/2025,10:24:17,46753.48,0,0,0,0,0,0
MIDCAP.BSE_IDX,01/07/2025,10:24:25,46753.48,0,0,0,0,0,0
MIDCAP.BSE_IDX,01/07/2025,10:24:33,46751.72,0,0,0,0,0,0
MIDCAP.BSE_IDX,01/07/2025,10:24:41,46748.24,0,0,0,0,0,0
MIDCAP.BSE_IDX,01/07/2025,10:24:49,46745.31,0,0,0,0,0,0
MIDCAP.BSE_IDX,01/07/2025,10:24:57,46747.62,0,0,0,0,0,0
MIDCAP.BSE_IDX,01/07/2025,10:25:05,46748.73,0,0,0,0,0,0
MIDCAP.BSE_IDX,01/07/2025,10:25:13,46749.07,0,0,0,0,0,0
MIDCAP.BSE_IDX,01/07/2025,10:25:21,46748.77,0,0,0,0,0,0
MIDCAP.BSE_IDX,01/07/2025,10:25:29,46746.6,0,0,0,0,0,0
MIDCAP.BSE_IDX,01/07/2025,10:25:37,46747.27,0,0,0,0,0,0
MIDCAP.BSE_IDX,01/07/2025,10:25:45,46742.18,0,0,0,0,0,0
MIDCAP.BSE_IDX,01/07/2025,10:25:53,46743.41,0,0,0,0,0,0
MIDCAP.BSE_IDX,01/07/2025,10:26:01,46742.51,0,0,0,0,0,0
MIDCAP.BSE_IDX,01/07/2025,10:26:09,46743.19,0,0,0,0,0,0
MIDCAP.BSE_IDX,01/07/2025,10:26:17,46743.65,0,0,0,0,0,0
MIDCAP.BSE_IDX,01/07/2025,10:26:25,46743.61,0,0,0,0,0,0
MIDCAP.BSE_IDX,01/07/2025,10:26:33,46744.67,0,0,0,0,0,0
MIDCAP.BSE_IDX,01/07/2025,10:26:41,46745,0,0,0,0,0,0
MIDCAP.BSE_IDX,01/07/2025,10:26:49,46742.72,0,0,0,0,0,0
MIDCAP.BSE_IDX,01/07/2025,10:26:57,46745.28,0,0,0,0,0,0
MIDCAP.BSE_IDX,01/07/2025,10:27:05,46749.14,0,0,0,0,0,0
MIDCAP.BSE_IDX,01/07/2025,10:27:13,46747.8,0,0,0,0,0,0
MIDCAP.BSE_IDX,01/07/2025,10:27:21,46750.44,0,0,0,0,0,0
MIDCAP.BSE_IDX,01/07/2025,10:27:29,46752.96,0,0,0,0,0,0
MIDCAP.BSE_IDX,01/07/2025,10:27:37,46755.38,0,0,0,0,0,0
MIDCAP.BSE_IDX,01/07/2025,10:27:45,46752.52,0,0,0,0,0,0
MIDCAP.BSE_IDX,01/07/2025,10:27:53,46752.99,0,0,0,0,0,0
MIDCAP.BSE_IDX,01/07/2025,10:28:01,46758.68,0,0,0,0,0,0
MIDCAP.BSE_IDX,01/07/2025,10:28:09,46761.29,0,0,0,0,0,0
MIDCAP.BSE_IDX,01/07/2025,10:28:17,46761.21,0,0,0,0,0,0
MIDCAP.BSE_IDX,01/07/2025,10:28:25,46760.15,0,0,0,0,0,0
MIDCAP.BSE_IDX,01/07/2025,10:28:33,46761.04,0,0,0,0,0,0
MIDCAP.BSE_IDX,01/07/2025,10:28:41,46761.94,0,0,0,0,0,0
MIDCAP.BSE_IDX,01/07/2025,10:28:49,46764.91,0,0,0,0,0,0
MIDCAP.BSE_IDX,01/07/2025,10:28:57,46763.77,0,0,0,0,0,0
MIDCAP.BSE_IDX,01/07/2025,10:29:05,46755.31,0,0,0,0,0,0
MIDCAP.BSE_IDX,01/07/2025,10:29:13,46758.67,0,0,0,0,0,0
MIDCAP.BSE_IDX,01/07/2025,10:29:21,46759.17,0,0,0,0,0,0
MIDCAP.BSE_IDX,01/07/2025,10:29:29,46760.16,0,0,0,0,0,0
MIDCAP.BSE_IDX,01/07/2025,10:29:37,46758.69,0,0,0,0,0,0
MIDCAP.BSE_IDX,01/07/2025,10:29:46,46757.24,0,0,0,0,0,0
MIDCAP.BSE_IDX,01/07/2025,10:29:54,46756.29,0,0,0,0,0,0
MIDCAP.BSE_IDX,01/07/2025,10:30:01,46755.16,0,0,0,0,0,0
MIDCAP.BSE_IDX,01/07/2025,10:30:09,46758.09,0,0,0,0,0,0
MIDCAP.BSE_IDX,01/07/2025,10:30:17,46760.78,0,0,0,0,0,0
MIDCAP.BSE_IDX,01/07/2025,10:30:25,46765.47,0,0,0,0,0,0
MIDCAP.BSE_IDX,01/07/2025,10:30:33,46766.74,0,0,0,0,0,0
MIDCAP.BSE_IDX,01/07/2025,10:30:41,46771.52,0,0,0,0,0,0
MIDCAP.BSE_IDX,01/07/2025,10:30:49,46769.72,0,0,0,0,0,0
MIDCAP.BSE_IDX,01/07/2025,10:30:57,46771.15,0,0,0,0,0,0
MIDCAP.BSE_IDX,01/07/2025,10:31:05,46769.54,0,0,0,0,0,0
MIDCAP.BSE_IDX,01/07/2025,10:31:13,46769.67,0,0,0,0,0,0
MIDCAP.BSE_IDX,01/07/2025,10:31:21,46771.81,0,0,0,0,0,0
MIDCAP.BSE_IDX,01/07/2025,10:31:29,46771.09,0,0,0,0,0,0
MIDCAP.BSE_IDX,01/07/2025,10:31:37,46773.03,0,0,0,0,0,0
MIDCAP.BSE_IDX,01/07/2025,10:31:45,46772.42,0,0,0,0,0,0
MIDCAP.BSE_IDX,01/07/2025,10:31:53,46771.37,0,0,0,0,0,0
MIDCAP.BSE_IDX,01/07/2025,10:32:01,46770.27,0,0,0,0,0,0
MIDCAP.BSE_IDX,01/07/2025,10:32:09,46769.71,0,0,0,0,0,0
MIDCAP.BSE_IDX,01/07/2025,10:32:17,46771.59,0,0,0,0,0,0
MIDCAP.BSE_IDX,01/07/2025,10:32:25,46775.72,0,0,0,0,0,0
MIDCAP.BSE_IDX,01/07/2025,10:32:33,46777.32,0,0,0,0,0,0
MIDCAP.BSE_IDX,01/07/2025,10:32:41,46782.05,0,0,0,0,0,0
MIDCAP.BSE_IDX,01/07/2025,10:32:49,46783.93,0,0,0,0,0,0
MIDCAP.BSE_IDX,01/07/2025,10:32:57,46785.51,0,0,0,0,0,0
MIDCAP.BSE_IDX,01/07/2025,10:33:05,46783.1,0,0,0,0,0,0
MIDCAP.BSE_IDX,01/07/2025,10:33:13,46782.81,0,0,0,0,0,0
MIDCAP.BSE_IDX,01/07/2025,10:33:21,46784.83,0,0,0,0,0,0
MIDCAP.BSE_IDX,01/07/2025,10:33:29,46783.87,0,0,0,0,0,0
MIDCAP.BSE_IDX,01/07/2025,10:33:37,46785,0,0,0,0,0,0
MIDCAP.BSE_IDX,01/07/2025,10:33:45,46787.06,0,0,0,0,0,0
MIDCAP.BSE_IDX,01/07/2025,10:33:53,46786.06,0,0,0,0,0,0
MIDCAP.BSE_IDX,01/07/2025,10:34:01,46787.52,0,0,0,0,0,0
MIDCAP.BSE_IDX,01/07/2025,10:34:09,46786.16,0,0,0,0,0,0
MIDCAP.BSE_IDX,01/07/2025,10:34:17,46787.87,0,0,0,0,0,0
MIDCAP.BSE_IDX,01/07/2025,10:34:25,46788.71,0,0,0,0,0,0
MIDCAP.BSE_IDX,01/07/2025,10:34:33,46790.35,0,0,0,0,0,0
MIDCAP.BSE_IDX,01/07/2025,10:34:41,46793.38,0,0,0,0,0,0
MIDCAP.BSE_IDX,01/07/2025,10:34:49,46793.53,0,0,0,0,0,0
MIDCAP.BSE_IDX,01/07/2025,10:34:58,46792.04,0,0,0,0,0,0
MIDCAP.BSE_IDX,01/07/2025,10:35:06,46791.03,0,0,0,0,0,0
MIDCAP.BSE_IDX,01/07/2025,10:35:14,46792.19,0,0,0,0,0,0
MIDCAP.BSE_IDX,01/07/2025,10:35:21,46792.43,0,0,0,0,0,0
MIDCAP.BSE_IDX,01/07/2025,10:35:29,46791.53,0,0,0,0,0,0
MIDCAP.BSE_IDX,01/07/2025,10:35:37,46792.4,0,0,0,0,0,0
MIDCAP.BSE_IDX,01/07/2025,10:35:45,46786.86,0,0,0,0,0,0
MIDCAP.BSE_IDX,01/07/2025,10:35:54,46787.92,0,0,0,0,0,0
MIDCAP.BSE_IDX,01/07/2025,10:36:02,46786.2,0,0,0,0,0,0
MIDCAP.BSE_IDX,01/07/2025,10:36:10,46783.17,0,0,0,0,0,0
MIDCAP.BSE_IDX,01/07/2025,10:36:17,46785.44,0,0,0,0,0,0
MIDCAP.BSE_IDX,01/07/2025,10:36:25,46783.8,0,0,0,0,0,0
MIDCAP.BSE_IDX,01/07/2025,10:36:34,46784.52,0,0,0,0,0,0
MIDCAP.BSE_IDX,01/07/2025,10:36:42,46784.16,0,0,0,0,0,0
MIDCAP.BSE_IDX,01/07/2025,10:36:49,46778.36,0,0,0,0,0,0
MIDCAP.BSE_IDX,01/07/2025,10:36:58,46772.49,0,0,0,0,0,0
MIDCAP.BSE_IDX,01/07/2025,10:37:05,46772.47,0,0,0,0,0,0
MIDCAP.BSE_IDX,01/07/2025,10:37:14,46773.9,0,0,0,0,0,0
MIDCAP.BSE_IDX,01/07/2025,10:37:21,46771.56,0,0,0,0,0,0
MIDCAP.BSE_IDX,01/07/2025,10:37:30,46772.53,0,0,0,0,0,0
MIDCAP.BSE_IDX,01/07/2025,10:37:38,46768.81,0,0,0,0,0,0
MIDCAP.BSE_IDX,01/07/2025,10:37:46,46764.75,0,0,0,0,0,0
MIDCAP.BSE_IDX,01/07/2025,10:37:54,46762.67,0,0,0,0,0,0
MIDCAP.BSE_IDX,01/07/2025,10:38:02,46763.4,0,0,0,0,0,0
MIDCAP.BSE_IDX,01/07/2025,10:38:10,46763.23,0,0,0,0,0,0
MIDCAP.BSE_IDX,01/07/2025,10:38:18,46763.87,0,0,0,0,0,0
MIDCAP.BSE_IDX,01/07/2025,10:38:26,46763.73,0,0,0,0,0,0
MIDCAP.BSE_IDX,01/07/2025,10:38:34,46763.44,0,0,0,0,0,0
MIDCAP.BSE_IDX,01/07/2025,10:38:42,46765.21,0,0,0,0,0,0
MIDCAP.BSE_IDX,01/07/2025,10:38:50,46767.73,0,0,0,0,0,0
MIDCAP.BSE_IDX,01/07/2025,10:38:58,46768.51,0,0,0,0,0,0
MIDCAP.BSE_IDX,01/07/2025,10:39:06,46770.16,0,0,0,0,0,0
MIDCAP.BSE_IDX,01/07/2025,10:39:14,46769.69,0,0,0,0,0,0
MIDCAP.BSE_IDX,01/07/2025,10:39:22,46772,0,0,0,0,0,0
MIDCAP.BSE_IDX,01/07/2025,10:39:30,46769.88,0,0,0,0,0,0
MIDCAP.BSE_IDX,01/07/2025,10:39:38,46770.63,0,0,0,0,0,0
MIDCAP.BSE_IDX,01/07/2025,10:39:46,46774.12,0,0,0,0,0,0
MIDCAP.BSE_IDX,01/07/2025,10:39:54,46771.53,0,0,0,0,0,0
MIDCAP.BSE_IDX,01/07/2025,10:40:02,46771.57,0,0,0,0,0,0
MIDCAP.BSE_IDX,01/07/2025,10:40:10,46768.8,0,0,0,0,0,0
MIDCAP.BSE_IDX,01/07/2025,10:40:18,46766.58,0,0,0,0,0,0
MIDCAP.BSE_IDX,01/07/2025,10:40:26,46766.79,0,0,0,0,0,0
MIDCAP.BSE_IDX,01/07/2025,10:40:34,46762.61,0,0,0,0,0,0
MIDCAP.BSE_IDX,01/07/2025,10:40:42,46759.78,0,0,0,0,0,0
MIDCAP.BSE_IDX,01/07/2025,10:40:50,46758.84,0,0,0,0,0,0
MIDCAP.BSE_IDX,01/07/2025,10:40:58,46755.79,0,0,0,0,0,0
MIDCAP.BSE_IDX,01/07/2025,10:41:06,46752.03,0,0,0,0,0,0
MIDCAP.BSE_IDX,01/07/2025,10:41:14,46750.7,0,0,0,0,0,0
MIDCAP.BSE_IDX,01/07/2025,10:41:22,46752.71,0,0,0,0,0,0
MIDCAP.BSE_IDX,01/07/2025,10:41:30,46753.22,0,0,0,0,0,0
MIDCAP.BSE_IDX,01/07/2025,10:41:38,46753.8,0,0,0,0,0,0
MIDCAP.BSE_IDX,01/07/2025,10:41:46,46754.03,0,0,0,0,0,0
MIDCAP.BSE_IDX,01/07/2025,10:41:54,46754.83,0,0,0,0,0,0
MIDCAP.BSE_IDX,01/07/2025,10:42:02,46757.38,0,0,0,0,0,0
MIDCAP.BSE_IDX,01/07/2025,10:42:10,46761.32,0,0,0,0,0,0
MIDCAP.BSE_IDX,01/07/2025,10:42:18,46761.26,0,0,0,0,0,0
MIDCAP.BSE_IDX,01/07/2025,10:42:26,46758.57,0,0,0,0,0,0
MIDCAP.BSE_IDX,01/07/2025,10:42:34,46760.1,0,0,0,0,0,0
MIDCAP.BSE_IDX,01/07/2025,10:42:42,46759.32,0,0,0,0,0,0
MIDCAP.BSE_IDX,01/07/2025,10:42:50,46755.73,0,0,0,0,0,0
MIDCAP.BSE_IDX,01/07/2025,10:42:58,46753.61,0,0,0,0,0,0
MIDCAP.BSE_IDX,01/07/2025,10:43:06,46757.47,0,0,0,0,0,0
MIDCAP.BSE_IDX,01/07/2025,10:43:14,46756.68,0,0,0,0,0,0
MIDCAP.BSE_IDX,01/07/2025,10:43:22,46752.86,0,0,0,0,0,0
MIDCAP.BSE_IDX,01/07/2025,10:43:30,46751.02,0,0,0,0,0,0
MIDCAP.BSE_IDX,01/07/2025,10:43:38,46749.69,0,0,0,0,0,0
MIDCAP.BSE_IDX,01/07/2025,10:43:46,46743.84,0,0,0,0,0,0
MIDCAP.BSE_IDX,01/07/2025,10:43:54,46742.95,0,0,0,0,0,0
MIDCAP.BSE_IDX,01/07/2025,10:44:02,46747.09,0,0,0,0,0,0
MIDCAP.BSE_IDX,01/07/2025,10:44:10,46747.14,0,0,0,0,0,0
MIDCAP.BSE_IDX,01/07/2025,10:44:18,46745.9,0,0,0,0,0,0
MIDCAP.BSE_IDX,01/07/2025,10:44:26,46746.69,0,0,0,0,0,0
MIDCAP.BSE_IDX,01/07/2025,10:44:34,46744.71,0,0,0,0,0,0
MIDCAP.BSE_IDX,01/07/2025,10:44:42,46744.37,0,0,0,0,0,0
MIDCAP.BSE_IDX,01/07/2025,10:44:50,46740.77,0,0,0,0,0,0
MIDCAP.BSE_IDX,01/07/2025,10:44:58,46739.2,0,0,0,0,0,0
MIDCAP.BSE_IDX,01/07/2025,10:45:07,46734.13,0,0,0,0,0,0
MIDCAP.BSE_IDX,01/07/2025,10:45:14,46730.47,0,0,0,0,0,0
MIDCAP.BSE_IDX,01/07/2025,10:45:22,46727.16,0,0,0,0,0,0
MIDCAP.BSE_IDX,01/07/2025,10:45:30,46729.16,0,0,0,0,0,0
MIDCAP.BSE_IDX,01/07/2025,10:45:38,46728.74,0,0,0,0,0,0
MIDCAP.BSE_IDX,01/07/2025,10:45:46,46728.66,0,0,0,0,0,0
MIDCAP.BSE_IDX,01/07/2025,10:45:54,46727.26,0,0,0,0,0,0
MIDCAP.BSE_IDX,01/07/2025,10:46:02,46723.46,0,0,0,0,0,0
MIDCAP.BSE_IDX,01/07/2025,10:46:10,46721.31,0,0,0,0,0,0
MIDCAP.BSE_IDX,01/07/2025,10:46:18,46718.63,0,0,0,0,0,0
MIDCAP.BSE_IDX,01/07/2025,10:46:26,46720.41,0,0,0,0,0,0
MIDCAP.BSE_IDX,01/07/2025,10:46:34,46722.93,0,0,0,0,0,0
MIDCAP.BSE_IDX,01/07/2025,10:46:42,46724.62,0,0,0,0,0,0
MIDCAP.BSE_IDX,01/07/2025,10:46:50,46724.25,0,0,0,0,0,0
MIDCAP.BSE_IDX,01/07/2025,10:46:58,46725.72,0,0,0,0,0,0
MIDCAP.BSE_IDX,01/07/2025,10:47:06,46726.8,0,0,0,0,0,0
MIDCAP.BSE_IDX,01/07/2025,10:47:14,46726.39,0,0,0,0,0,0
MIDCAP.BSE_IDX,01/07/2025,10:47:22,46723.41,0,0,0,0,0,0
MIDCAP.BSE_IDX,01/07/2025,10:47:30,46724.81,0,0,0,0,0,0
MIDCAP.BSE_IDX,01/07/2025,10:47:38,46725.61,0,0,0,0,0,0
MIDCAP.BSE_IDX,01/07/2025,10:47:46,46726.06,0,0,0,0,0,0
MIDCAP.BSE_IDX,01/07/2025,10:47:54,46730.21,0,0,0,0,0,0
MIDCAP.BSE_IDX,01/07/2025,10:48:02,46729.22,0,0,0,0,0,0
MIDCAP.BSE_IDX,01/07/2025,10:48:10,46729.14,0,0,0,0,0,0
MIDCAP.BSE_IDX,01/07/2025,10:48:18,46731.74,0,0,0,0,0,0
MIDCAP.BSE_IDX,01/07/2025,10:48:26,46736.18,0,0,0,0,0,0
MIDCAP.BSE_IDX,01/07/2025,10:48:34,46735.6,0,0,0,0,0,0
MIDCAP.BSE_IDX,01/07/2025,10:48:42,46736.49,0,0,0,0,0,0
MIDCAP.BSE_IDX,01/07/2025,10:48:50,46733.62,0,0,0,0,0,0
MIDCAP.BSE_IDX,01/07/2025,10:48:58,46734.83,0,0,0,0,0,0
MIDCAP.BSE_IDX,01/07/2025,10:49:06,46730.2,0,0,0,0,0,0
MIDCAP.BSE_IDX,01/07/2025,10:49:14,46720.03,0,0,0,0,0,0
MIDCAP.BSE_IDX,01/07/2025,10:49:22,46721.47,0,0,0,0,0,0
MIDCAP.BSE_IDX,01/07/2025,10:49:30,46715.99,0,0,0,0,0,0
MIDCAP.BSE_IDX,01/07/2025,10:49:38,46714.11,0,0,0,0,0,0
MIDCAP.BSE_IDX,01/07/2025,10:49:46,46715.33,0,0,0,0,0,0
MIDCAP.BSE_IDX,01/07/2025,10:49:54,46716.18,0,0,0,0,0,0
MIDCAP.BSE_IDX,01/07/2025,10:50:02,46716.85,0,0,0,0,0,0
MIDCAP.BSE_IDX,01/07/2025,10:50:10,46713,0,0,0,0,0,0
MIDCAP.BSE_IDX,01/07/2025,10:50:18,46713.63,0,0,0,0,0,0
MIDCAP.BSE_IDX,01/07/2025,10:50:26,46711.93,0,0,0,0,0,0
MIDCAP.BSE_IDX,01/07/2025,10:50:34,46710.54,0,0,0,0,0,0
MIDCAP.BSE_IDX,01/07/2025,10:50:42,46709.63,0,0,0,0,0,0
MIDCAP.BSE_IDX,01/07/2025,10:50:50,46710.46,0,0,0,0,0,0
MIDCAP.BSE_IDX,01/07/2025,10:50:58,46713.27,0,0,0,0,0,0
MIDCAP.BSE_IDX,01/07/2025,10:51:06,46711.97,0,0,0,0,0,0
MIDCAP.BSE_IDX,01/07/2025,10:51:14,46707.92,0,0,0,0,0,0
MIDCAP.BSE_IDX,01/07/2025,10:51:22,46708.53,0,0,0,0,0,0
MIDCAP.BSE_IDX,01/07/2025,10:51:30,46708.36,0,0,0,0,0,0
MIDCAP.BSE_IDX,01/07/2025,10:51:38,46707.84,0,0,0,0,0,0
MIDCAP.BSE_IDX,01/07/2025,10:51:46,46707.28,0,0,0,0,0,0
MIDCAP.BSE_IDX,01/07/2025,10:51:54,46705.07,0,0,0,0,0,0
MIDCAP.BSE_IDX,01/07/2025,10:52:02,46703.07,0,0,0,0,0,0
MIDCAP.BSE_IDX,01/07/2025,10:52:10,46700.61,0,0,0,0,0,0
MIDCAP.BSE_IDX,01/07/2025,10:52:18,46696.95,0,0,0,0,0,0
MIDCAP.BSE_IDX,01/07/2025,10:52:26,46689.34,0,0,0,0,0,0
MIDCAP.BSE_IDX,01/07/2025,10:52:34,46688.12,0,0,0,0,0,0
MIDCAP.BSE_IDX,01/07/2025,10:52:43,46681.07,0,0,0,0,0,0
MIDCAP.BSE_IDX,01/07/2025,10:52:50,46675.39,0,0,0,0,0,0
MIDCAP.BSE_IDX,01/07/2025,10:52:58,46673.53,0,0,0,0,0,0
MIDCAP.BSE_IDX,01/07/2025,10:53:06,46669.56,0,0,0,0,0,0
MIDCAP.BSE_IDX,01/07/2025,10:53:14,46667.1,0,0,0,0,0,0
MIDCAP.BSE_IDX,01/07/2025,10:53:22,46667.33,0,0,0,0,0,0
MIDCAP.BSE_IDX,01/07/2025,10:53:30,46666.05,0,0,0,0,0,0
MIDCAP.BSE_IDX,01/07/2025,10:53:38,46666.79,0,0,0,0,0,0
MIDCAP.BSE_IDX,01/07/2025,10:53:46,46666.15,0,0,0,0,0,0
MIDCAP.BSE_IDX,01/07/2025,10:53:54,46667.18,0,0,0,0,0,0
MIDCAP.BSE_IDX,01/07/2025,10:54:02,46671.3,0,0,0,0,0,0
MIDCAP.BSE_IDX,01/07/2025,10:54:10,46671.23,0,0,0,0,0,0
MIDCAP.BSE_IDX,01/07/2025,10:54:18,46669.33,0,0,0,0,0,0
MIDCAP.BSE_IDX,01/07/2025,10:54:26,46670.3,0,0,0,0,0,0
MIDCAP.BSE_IDX,01/07/2025,10:54:34,46672.36,0,0,0,0,0,0
MIDCAP.BSE_IDX,01/07/2025,10:54:42,46672.18,0,0,0,0,0,0
MIDCAP.BSE_IDX,01/07/2025,10:54:51,46673.53,0,0,0,0,0,0
MIDCAP.BSE_IDX,01/07/2025,10:54:58,46674.81,0,0,0,0,0,0
MIDCAP.BSE_IDX,01/07/2025,10:55:06,46674.09,0,0,0,0,0,0
MIDCAP.BSE_IDX,01/07/2025,10:55:14,46675.25,0,0,0,0,0,0
MIDCAP.BSE_IDX,01/07/2025,10:55:22,46674.38,0,0,0,0,0,0
MIDCAP.BSE_IDX,01/07/2025,10:55:30,46674.05,0,0,0,0,0,0
MIDCAP.BSE_IDX,01/07/2025,10:55:38,46674.43,0,0,0,0,0,0
MIDCAP.BSE_IDX,01/07/2025,10:55:46,46670.94,0,0,0,0,0,0
MIDCAP.BSE_IDX,01/07/2025,10:55:54,46668.05,0,0,0,0,0,0
MIDCAP.BSE_IDX,01/07/2025,10:56:02,46664.25,0,0,0,0,0,0
MIDCAP.BSE_IDX,01/07/2025,10:56:10,46662.71,0,0,0,0,0,0
MIDCAP.BSE_IDX,01/07/2025,10:56:18,46661.99,0,0,0,0,0,0
MIDCAP.BSE_IDX,01/07/2025,10:56:26,46664.02,0,0,0,0,0,0
MIDCAP.BSE_IDX,01/07/2025,10:56:34,46662.63,0,0,0,0,0,0
MIDCAP.BSE_IDX,01/07/2025,10:56:42,46662.59,0,0,0,0,0,0
MIDCAP.BSE_IDX,01/07/2025,10:56:50,46661.55,0,0,0,0,0,0
MIDCAP.BSE_IDX,01/07/2025,10:56:58,46661.21,0,0,0,0,0,0
MIDCAP.BSE_IDX,01/07/2025,10:57:06,46655.25,0,0,0,0,0,0
MIDCAP.BSE_IDX,01/07/2025,10:57:14,46651.66,0,0,0,0,0,0
MIDCAP.BSE_IDX,01/07/2025,10:57:22,46650.03,0,0,0,0,0,0
MIDCAP.BSE_IDX,01/07/2025,10:57:30,46650.93,0,0,0,0,0,0
MIDCAP.BSE_IDX,01/07/2025,10:57:39,46653.62,0,0,0,0,0,0
MIDCAP.BSE_IDX,01/07/2025,10:57:46,46652.8,0,0,0,0,0,0
MIDCAP.BSE_IDX,01/07/2025,10:57:54,46649.96,0,0,0,0,0,0
MIDCAP.BSE_IDX,01/07/2025,10:58:02,46649.51,0,0,0,0,0,0
MIDCAP.BSE_IDX,01/07/2025,10:58:10,46651.73,0,0,0,0,0,0
MIDCAP.BSE_IDX,01/07/2025,10:58:18,46651.4,0,0,0,0,0,0
MIDCAP.BSE_IDX,01/07/2025,10:58:26,46651.24,0,0,0,0,0,0
MIDCAP.BSE_IDX,01/07/2025,10:58:34,46650.47,0,0,0,0,0,0
MIDCAP.BSE_IDX,01/07/2025,10:58:42,46651.2,0,0,0,0,0,0
MIDCAP.BSE_IDX,01/07/2025,10:58:50,46650.32,0,0,0,0,0,0
MIDCAP.BSE_IDX,01/07/2025,10:58:58,46649.98,0,0,0,0,0,0
MIDCAP.BSE_IDX,01/07/2025,10:59:06,46648.7,0,0,0,0,0,0
MIDCAP.BSE_IDX,01/07/2025,10:59:14,46647.61,0,0,0,0,0,0
MIDCAP.BSE_IDX,01/07/2025,10:59:22,46647.75,0,0,0,0,0,0
MIDCAP.BSE_IDX,01/07/2025,10:59:30,46644.56,0,0,0,0,0,0
MIDCAP.BSE_IDX,01/07/2025,10:59:38,46643.11,0,0,0,0,0,0
MIDCAP.BSE_IDX,01/07/2025,10:59:47,46639.35,0,0,0,0,0,0
MIDCAP.BSE_IDX,01/07/2025,10:59:55,46636.74,0,0,0,0,0,0
MIDCAP.BSE_IDX,01/07/2025,11:00:03,46637.3,0,0,0,0,0,0
MIDCAP.BSE_IDX,01/07/2025,11:00:11,46635.32,0,0,0,0,0,0
MIDCAP.BSE_IDX,01/07/2025,11:00:18,46636.09,0,0,0,0,0,0
MIDCAP.BSE_IDX,01/07/2025,11:00:26,46634.62,0,0,0,0,0,0
MIDCAP.BSE_IDX,01/07/2025,11:00:34,46634.84,0,0,0,0,0,0
MIDCAP.BSE_IDX,01/07/2025,11:00:42,46632.77,0,0,0,0,0,0
MIDCAP.BSE_IDX,01/07/2025,11:00:50,46630.35,0,0,0,0,0,0
MIDCAP.BSE_IDX,01/07/2025,11:00:58,46630.95,0,0,0,0,0,0
MIDCAP.BSE_IDX,01/07/2025,11:01:06,46633.69,0,0,0,0,0,0
MIDCAP.BSE_IDX,01/07/2025,11:01:15,46634.87,0,0,0,0,0,0
MIDCAP.BSE_IDX,01/07/2025,11:01:22,46635.41,0,0,0,0,0,0
MIDCAP.BSE_IDX,01/07/2025,11:01:30,46636.95,0,0,0,0,0,0
MIDCAP.BSE_IDX,01/07/2025,11:01:38,46637.42,0,0,0,0,0,0
MIDCAP.BSE_IDX,01/07/2025,11:01:46,46638.98,0,0,0,0,0,0
MIDCAP.BSE_IDX,01/07/2025,11:01:54,46641.18,0,0,0,0,0,0
MIDCAP.BSE_IDX,01/07/2025,11:02:02,46642.41,0,0,0,0,0,0
MIDCAP.BSE_IDX,01/07/2025,11:02:10,46640.77,0,0,0,0,0,0
MIDCAP.BSE_IDX,01/07/2025,11:02:18,46641.4,0,0,0,0,0,0
MIDCAP.BSE_IDX,01/07/2025,11:02:27,46640.29,0,0,0,0,0,0
MIDCAP.BSE_IDX,01/07/2025,11:02:34,46636.1,0,0,0,0,0,0
MIDCAP.BSE_IDX,01/07/2025,11:02:42,46634.11,0,0,0,0,0,0
MIDCAP.BSE_IDX,01/07/2025,11:02:51,46634.44,0,0,0,0,0,0
MIDCAP.BSE_IDX,01/07/2025,11:02:58,46629.13,0,0,0,0,0,0
MIDCAP.BSE_IDX,01/07/2025,11:03:06,46623.68,0,0,0,0,0,0
MIDCAP.BSE_IDX,01/07/2025,11:03:14,46621.75,0,0,0,0,0,0
MIDCAP.BSE_IDX,01/07/2025,11:03:22,46619.81,0,0,0,0,0,0
MIDCAP.BSE_IDX,01/07/2025,11:03:31,46618.7,0,0,0,0,0,0
MIDCAP.BSE_IDX,01/07/2025,11:03:38,46617.32,0,0,0,0,0,0
MIDCAP.BSE_IDX,01/07/2025,11:03:46,46618.83,0,0,0,0,0,0
MIDCAP.BSE_IDX,01/07/2025,11:03:54,46619.38,0,0,0,0,0,0
MIDCAP.BSE_IDX,01/07/2025,11:04:02,46618.07,0,0,0,0,0,0
MIDCAP.BSE_IDX,01/07/2025,11:04:10,46616.29,0,0,0,0,0,0
MIDCAP.BSE_IDX,01/07/2025,11:04:18,46615.07,0,0,0,0,0,0
MIDCAP.BSE_IDX,01/07/2025,11:04:27,46613.78,0,0,0,0,0,0
MIDCAP.BSE_IDX,01/07/2025,11:04:34,46613.77,0,0,0,0,0,0
MIDCAP.BSE_IDX,01/07/2025,11:04:42,46616.48,0,0,0,0,0,0
MIDCAP.BSE_IDX,01/07/2025,11:04:51,46618.45,0,0,0,0,0,0
MIDCAP.BSE_IDX,01/07/2025,11:04:58,46619.23,0,0,0,0,0,0
MIDCAP.BSE_IDX,01/07/2025,11:05:06,46620.57,0,0,0,0,0,0
MIDCAP.BSE_IDX,01/07/2025,11:05:14,46625.33,0,0,0,0,0,0
MIDCAP.BSE_IDX,01/07/2025,11:05:22,46626.54,0,0,0,0,0,0
MIDCAP.BSE_IDX,01/07/2025,11:05:30,46630.28,0,0,0,0,0,0
MIDCAP.BSE_IDX,01/07/2025,11:05:38,46633.5,0,0,0,0,0,0
MIDCAP.BSE_IDX,01/07/2025,11:05:46,46634.92,0,0,0,0,0,0
MIDCAP.BSE_IDX,01/07/2025,11:05:54,46636.12,0,0,0,0,0,0
MIDCAP.BSE_IDX,01/07/2025,11:06:02,46639.17,0,0,0,0,0,0
MIDCAP.BSE_IDX,01/07/2025,11:06:11,46640.18,0,0,0,0,0,0
MIDCAP.BSE_IDX,01/07/2025,11:06:19,46643.99,0,0,0,0,0,0
MIDCAP.BSE_IDX,01/07/2025,11:06:26,46645.22,0,0,0,0,0,0
MIDCAP.BSE_IDX,01/07/2025,11:06:34,46647.78,0,0,0,0,0,0
MIDCAP.BSE_IDX,01/07/2025,11:06:42,46646.25,0,0,0,0,0,0
MIDCAP.BSE_IDX,01/07/2025,11:06:50,46648.29,0,0,0,0,0,0
MIDCAP.BSE_IDX,01/07/2025,11:06:58,46650.14,0,0,0,0,0,0
MIDCAP.BSE_IDX,01/07/2025,11:07:06,46653.89,0,0,0,0,0,0
MIDCAP.BSE_IDX,01/07/2025,11:07:15,46660.42,0,0,0,0,0,0
MIDCAP.BSE_IDX,01/07/2025,11:07:22,46660.24,0,0,0,0,0,0
MIDCAP.BSE_IDX,01/07/2025,11:07:30,46660.97,0,0,0,0,0,0
MIDCAP.BSE_IDX,01/07/2025,11:07:38,46663.23,0,0,0,0,0,0
MIDCAP.BSE_IDX,01/07/2025,11:07:46,46667.49,0,0,0,0,0,0
MIDCAP.BSE_IDX,01/07/2025,11:07:54,46665.7,0,0,0,0,0,0
MIDCAP.BSE_IDX,01/07/2025,11:08:02,46668.09,0,0,0,0,0,0
MIDCAP.BSE_IDX,01/07/2025,11:08:11,46667.97,0,0,0,0,0,0
MIDCAP.BSE_IDX,01/07/2025,11:08:18,46669.39,0,0,0,0,0,0
MIDCAP.BSE_IDX,01/07/2025,11:08:26,46674.27,0,0,0,0,0,0
MIDCAP.BSE_IDX,01/07/2025,11:08:35,46676.56,0,0,0,0,0,0
MIDCAP.BSE_IDX,01/07/2025,11:08:43,46680.04,0,0,0,0,0,0
MIDCAP.BSE_IDX,01/07/2025,11:08:51,46680.94,0,0,0,0,0,0
MIDCAP.BSE_IDX,01/07/2025,11:08:58,46680.43,0,0,0,0,0,0
MIDCAP.BSE_IDX,01/07/2025,11:09:07,46682.78,0,0,0,0,0,0
MIDCAP.BSE_IDX,01/07/2025,11:09:15,46684.49,0,0,0,0,0,0
MIDCAP.BSE_IDX,01/07/2025,11:09:23,46682.42,0,0,0,0,0,0
MIDCAP.BSE_IDX,01/07/2025,11:09:31,46683.46,0,0,0,0,0,0
MIDCAP.BSE_IDX,01/07/2025,11:09:39,46683.78,0,0,0,0,0,0
MIDCAP.BSE_IDX,01/07/2025,11:09:46,46684.2,0,0,0,0,0,0
MIDCAP.BSE_IDX,01/07/2025,11:09:55,46685.25,0,0,0,0,0,0
MIDCAP.BSE_IDX,01/07/2025,11:10:03,46684.33,0,0,0,0,0,0
MIDCAP.BSE_IDX,01/07/2025,11:10:11,46682.98,0,0,0,0,0,0
MIDCAP.BSE_IDX,01/07/2025,11:10:19,46683.5,0,0,0,0,0,0
MIDCAP.BSE_IDX,01/07/2025,11:10:27,46685.35,0,0,0,0,0,0
MIDCAP.BSE_IDX,01/07/2025,11:10:35,46683.82,0,0,0,0,0,0
MIDCAP.BSE_IDX,01/07/2025,11:10:43,46689.46,0,0,0,0,0,0
MIDCAP.BSE_IDX,01/07/2025,11:10:51,46689.52,0,0,0,0,0,0
MIDCAP.BSE_IDX,01/07/2025,11:10:59,46688.86,0,0,0,0,0,0
MIDCAP.BSE_IDX,01/07/2025,11:11:07,46690.28,0,0,0,0,0,0
MIDCAP.BSE_IDX,01/07/2025,11:11:15,46690.46,0,0,0,0,0,0
MIDCAP.BSE_IDX,01/07/2025,11:11:23,46688.52,0,0,0,0,0,0
MIDCAP.BSE_IDX,01/07/2025,11:11:31,46687.25,0,0,0,0,0,0
MIDCAP.BSE_IDX,01/07/2025,11:11:39,46687.35,0,0,0,0,0,0
MIDCAP.BSE_IDX,01/07/2025,11:11:47,46682.17,0,0,0,0,0,0
MIDCAP.BSE_IDX,01/07/2025,11:11:55,46681.74,0,0,0,0,0,0
MIDCAP.BSE_IDX,01/07/2025,11:12:03,46687.84,0,0,0,0,0,0
MIDCAP.BSE_IDX,01/07/2025,11:12:11,46687.98,0,0,0,0,0,0
MIDCAP.BSE_IDX,01/07/2025,11:12:19,46686.89,0,0,0,0,0,0
MIDCAP.BSE_IDX,01/07/2025,11:12:27,46687.86,0,0,0,0,0,0
MIDCAP.BSE_IDX,01/07/2025,11:12:35,46689.66,0,0,0,0,0,0
MIDCAP.BSE_IDX,01/07/2025,11:12:43,46691.33,0,0,0,0,0,0
MIDCAP.BSE_IDX,01/07/2025,11:12:51,46691.67,0,0,0,0,0,0
MIDCAP.BSE_IDX,01/07/2025,11:12:59,46691.4,0,0,0,0,0,0
MIDCAP.BSE_IDX,01/07/2025,11:13:07,46690.16,0,0,0,0,0,0
MIDCAP.BSE_IDX,01/07/2025,11:13:16,46688.94,0,0,0,0,0,0
MIDCAP.BSE_IDX,01/07/2025,11:13:23,46688.22,0,0,0,0,0,0
MIDCAP.BSE_IDX,01/07/2025,11:13:31,46690.08,0,0,0,0,0,0
MIDCAP.BSE_IDX,01/07/2025,11:13:39,46689.44,0,0,0,0,0,0
MIDCAP.BSE_IDX,01/07/2025,11:13:47,46690.72,0,0,0,0,0,0
MIDCAP.BSE_IDX,01/07/2025,11:13:55,46690.26,0,0,0,0,0,0
MIDCAP.BSE_IDX,01/07/2025,11:14:03,46691.8,0,0,0,0,0,0
MIDCAP.BSE_IDX,01/07/2025,11:14:11,46689.44,0,0,0,0,0,0
MIDCAP.BSE_IDX,01/07/2025,11:14:19,46689.23,0,0,0,0,0,0
MIDCAP.BSE_IDX,01/07/2025,11:14:27,46690.49,0,0,0,0,0,0
MIDCAP.BSE_IDX,01/07/2025,11:14:35,46691.02,0,0,0,0,0,0
MIDCAP.BSE_IDX,01/07/2025,11:14:43,46690.55,0,0,0,0,0,0
MIDCAP.BSE_IDX,01/07/2025,11:14:51,46690.71,0,0,0,0,0,0
MIDCAP.BSE_IDX,01/07/2025,11:14:59,46693.18,0,0,0,0,0,0
MIDCAP.BSE_IDX,01/07/2025,11:15:07,46691.12,0,0,0,0,0,0
MIDCAP.BSE_IDX,01/07/2025,11:15:15,46690.93,0,0,0,0,0,0
MIDCAP.BSE_IDX,01/07/2025,11:15:23,46691.85,0,0,0,0,0,0
MIDCAP.BSE_IDX,01/07/2025,11:15:31,46688.28,0,0,0,0,0,0
MIDCAP.BSE_IDX,01/07/2025,11:15:39,46688.9,0,0,0,0,0,0
MIDCAP.BSE_IDX,01/07/2025,11:15:47,46688.54,0,0,0,0,0,0
MIDCAP.BSE_IDX,01/07/2025,11:15:56,46686.67,0,0,0,0,0,0
MIDCAP.BSE_IDX,01/07/2025,11:16:03,46686.47,0,0,0,0,0,0
MIDCAP.BSE_IDX,01/07/2025,11:16:11,46685.82,0,0,0,0,0,0
MIDCAP.BSE_IDX,01/07/2025,11:16:19,46684.13,0,0,0,0,0,0
MIDCAP.BSE_IDX,01/07/2025,11:16:27,46679.68,0,0,0,0,0,0
MIDCAP.BSE_IDX,01/07/2025,11:16:35,46677.09,0,0,0,0,0,0
MIDCAP.BSE_IDX,01/07/2025,11:16:43,46677.17,0,0,0,0,0,0
MIDCAP.BSE_IDX,01/07/2025,11:16:51,46674.64,0,0,0,0,0,0
MIDCAP.BSE_IDX,01/07/2025,11:16:59,46678.02,0,0,0,0,0,0
MIDCAP.BSE_IDX,01/07/2025,11:17:07,46677.49,0,0,0,0,0,0
MIDCAP.BSE_IDX,01/07/2025,11:17:15,46679.06,0,0,0,0,0,0
MIDCAP.BSE_IDX,01/07/2025,11:17:23,46676.22,0,0,0,0,0,0
MIDCAP.BSE_IDX,01/07/2025,11:17:31,46676.87,0,0,0,0,0,0
MIDCAP.BSE_IDX,01/07/2025,11:17:39,46679.63,0,0,0,0,0,0
MIDCAP.BSE_IDX,01/07/2025,11:17:47,46681.8,0,0,0,0,0,0
MIDCAP.BSE_IDX,01/07/2025,11:17:57,46686.83,0,0,0,0,0,0
MIDCAP.BSE_IDX,01/07/2025,11:18:03,46688.18,0,0,0,0,0,0
MIDCAP.BSE_IDX,01/07/2025,11:18:11,46686.58,0,0,0,0,0,0
MIDCAP.BSE_IDX,01/07/2025,11:18:19,46689.17,0,0,0,0,0,0
MIDCAP.BSE_IDX,01/07/2025,11:18:27,46690.1,0,0,0,0,0,0
MIDCAP.BSE_IDX,01/07/2025,11:18:35,46689.79,0,0,0,0,0,0
MIDCAP.BSE_IDX,01/07/2025,11:18:44,46692.73,0,0,0,0,0,0
MIDCAP.BSE_IDX,01/07/2025,11:18:51,46690.03,0,0,0,0,0,0
MIDCAP.BSE_IDX,01/07/2025,11:18:59,46686.46,0,0,0,0,0,0
MIDCAP.BSE_IDX,01/07/2025,11:19:08,46685.01,0,0,0,0,0,0
MIDCAP.BSE_IDX,01/07/2025,11:19:15,46682.5,0,0,0,0,0,0
MIDCAP.BSE_IDX,01/07/2025,11:19:23,46681.16,0,0,0,0,0,0
MIDCAP.BSE_IDX,01/07/2025,11:19:31,46676.79,0,0,0,0,0,0
MIDCAP.BSE_IDX,01/07/2025,11:19:39,46675.28,0,0,0,0,0,0
MIDCAP.BSE_IDX,01/07/2025,11:19:47,46671.08,0,0,0,0,0,0
MIDCAP.BSE_IDX,01/07/2025,11:19:55,46665.78,0,0,0,0,0,0
MIDCAP.BSE_IDX,01/07/2025,11:20:03,46666.44,0,0,0,0,0,0
MIDCAP.BSE_IDX,01/07/2025,11:20:11,46665.18,0,0,0,0,0,0
MIDCAP.BSE_IDX,01/07/2025,11:20:19,46664.94,0,0,0,0,0,0
MIDCAP.BSE_IDX,01/07/2025,11:20:27,46668.18,0,0,0,0,0,0
MIDCAP.BSE_IDX,01/07/2025,11:20:35,46669.76,0,0,0,0,0,0
MIDCAP.BSE_IDX,01/07/2025,11:20:43,46669.51,0,0,0,0,0,0
MIDCAP.BSE_IDX,01/07/2025,11:20:51,46667.33,0,0,0,0,0,0
MIDCAP.BSE_IDX,01/07/2025,11:20:59,46666.44,0,0,0,0,0,0
MIDCAP.BSE_IDX,01/07/2025,11:21:07,46666.99,0,0,0,0,0,0
MIDCAP.BSE_IDX,01/07/2025,11:21:15,46667.79,0,0,0,0,0,0
MIDCAP.BSE_IDX,01/07/2025,11:21:24,46670.25,0,0,0,0,0,0
MIDCAP.BSE_IDX,01/07/2025,11:21:31,46671.81,0,0,0,0,0,0
MIDCAP.BSE_IDX,01/07/2025,11:21:39,46674,0,0,0,0,0,0
MIDCAP.BSE_IDX,01/07/2025,11:21:47,46672.95,0,0,0,0,0,0
MIDCAP.BSE_IDX,01/07/2025,11:21:56,46672.62,0,0,0,0,0,0
MIDCAP.BSE_IDX,01/07/2025,11:22:03,46675.08,0,0,0,0,0,0
MIDCAP.BSE_IDX,01/07/2025,11:22:11,46676.8,0,0,0,0,0,0
MIDCAP.BSE_IDX,01/07/2025,11:22:19,46678.91,0,0,0,0,0,0
MIDCAP.BSE_IDX,01/07/2025,11:22:28,46677.99,0,0,0,0,0,0
MIDCAP.BSE_IDX,01/07/2025,11:22:35,46676.99,0,0,0,0,0,0
MIDCAP.BSE_IDX,01/07/2025,11:22:43,46676.18,0,0,0,0,0,0
MIDCAP.BSE_IDX,01/07/2025,11:22:51,46675.64,0,0,0,0,0,0
MIDCAP.BSE_IDX,01/07/2025,11:22:59,46674.42,0,0,0,0,0,0
MIDCAP.BSE_IDX,01/07/2025,11:23:07,46677.08,0,0,0,0,0,0
MIDCAP.BSE_IDX,01/07/2025,11:23:15,46676.77,0,0,0,0,0,0
MIDCAP.BSE_IDX,01/07/2025,11:23:23,46675.81,0,0,0,0,0,0
MIDCAP.BSE_IDX,01/07/2025,11:23:31,46672.08,0,0,0,0,0,0
MIDCAP.BSE_IDX,01/07/2025,11:23:39,46673.88,0,0,0,0,0,0
MIDCAP.BSE_IDX,01/07/2025,11:23:47,46672.16,0,0,0,0,0,0
MIDCAP.BSE_IDX,01/07/2025,11:23:55,46674.24,0,0,0,0,0,0
MIDCAP.BSE_IDX,01/07/2025,11:24:04,46675.16,0,0,0,0,0,0
MIDCAP.BSE_IDX,01/07/2025,11:24:11,46677.87,0,0,0,0,0,0
MIDCAP.BSE_IDX,01/07/2025,11:24:19,46678.21,0,0,0,0,0,0
MIDCAP.BSE_IDX,01/07/2025,11:24:27,46679.24,0,0,0,0,0,0
MIDCAP.BSE_IDX,01/07/2025,11:24:35,46678,0,0,0,0,0,0
MIDCAP.BSE_IDX,01/07/2025,11:24:43,46678.63,0,0,0,0,0,0
MIDCAP.BSE_IDX,01/07/2025,11:24:52,46677.6,0,0,0,0,0,0
MIDCAP.BSE_IDX,01/07/2025,11:25:00,46678.59,0,0,0,0,0,0
MIDCAP.BSE_IDX,01/07/2025,11:25:07,46677.26,0,0,0,0,0,0
MIDCAP.BSE_IDX,01/07/2025,11:25:15,46678.42,0,0,0,0,0,0
MIDCAP.BSE_IDX,01/07/2025,11:25:23,46676.68,0,0,0,0,0,0
MIDCAP.BSE_IDX,01/07/2025,11:25:31,46674.17,0,0,0,0,0,0
MIDCAP.BSE_IDX,01/07/2025,11:25:41,46675.77,0,0,0,0,0,0
MIDCAP.BSE_IDX,01/07/2025,11:25:47,46676.59,0,0,0,0,0,0
MIDCAP.BSE_IDX,01/07/2025,11:25:55,46675.01,0,0,0,0,0,0
MIDCAP.BSE_IDX,01/07/2025,11:26:03,46677.66,0,0,0,0,0,0
MIDCAP.BSE_IDX,01/07/2025,11:26:11,46680.6,0,0,0,0,0,0
MIDCAP.BSE_IDX,01/07/2025,11:26:19,46681.49,0,0,0,0,0,0
MIDCAP.BSE_IDX,01/07/2025,11:26:27,46681.84,0,0,0,0,0,0
MIDCAP.BSE_IDX,01/07/2025,11:26:35,46682.09,0,0,0,0,0,0
MIDCAP.BSE_IDX,01/07/2025,11:26:43,46680.82,0,0,0,0,0,0
MIDCAP.BSE_IDX,01/07/2025,11:26:51,46680.94,0,0,0,0,0,0
MIDCAP.BSE_IDX,01/07/2025,11:26:59,46683.99,0,0,0,0,0,0
MIDCAP.BSE_IDX,01/07/2025,11:27:07,46682.55,0,0,0,0,0,0
MIDCAP.BSE_IDX,01/07/2025,11:27:15,46681.01,0,0,0,0,0,0
MIDCAP.BSE_IDX,01/07/2025,11:27:23,46677.31,0,0,0,0,0,0
MIDCAP.BSE_IDX,01/07/2025,11:27:31,46678,0,0,0,0,0,0
MIDCAP.BSE_IDX,01/07/2025,11:27:39,46679.59,0,0,0,0,0,0
MIDCAP.BSE_IDX,01/07/2025,11:27:47,46679.43,0,0,0,0,0,0
MIDCAP.BSE_IDX,01/07/2025,11:27:55,46679.63,0,0,0,0,0,0
MIDCAP.BSE_IDX,01/07/2025,11:28:03,46680.26,0,0,0,0,0,0
MIDCAP.BSE_IDX,01/07/2025,11:28:11,46681.94,0,0,0,0,0,0
MIDCAP.BSE_IDX,01/07/2025,11:28:19,46680.26,0,0,0,0,0,0
MIDCAP.BSE_IDX,01/07/2025,11:28:27,46679.82,0,0,0,0,0,0
MIDCAP.BSE_IDX,01/07/2025,11:28:36,46681.47,0,0,0,0,0,0
MIDCAP.BSE_IDX,01/07/2025,11:28:43,46678.35,0,0,0,0,0,0
MIDCAP.BSE_IDX,01/07/2025,11:28:51,46679.96,0,0,0,0,0,0
MIDCAP.BSE_IDX,01/07/2025,11:28:59,46679.98,0,0,0,0,0,0
MIDCAP.BSE_IDX,01/07/2025,11:29:07,46680.66,0,0,0,0,0,0
MIDCAP.BSE_IDX,01/07/2025,11:29:16,46680.4,0,0,0,0,0,0
MIDCAP.BSE_IDX,01/07/2025,11:29:24,46682.43,0,0,0,0,0,0
MIDCAP.BSE_IDX,01/07/2025,11:29:31,46683.32,0,0,0,0,0,0
MIDCAP.BSE_IDX,01/07/2025,11:29:39,46686.64,0,0,0,0,0,0
MIDCAP.BSE_IDX,01/07/2025,11:29:47,46687.07,0,0,0,0,0,0
MIDCAP.BSE_IDX,01/07/2025,11:29:55,46688.93,0,0,0,0,0,0
MIDCAP.BSE_IDX,01/07/2025,11:30:03,46690.14,0,0,0,0,0,0
MIDCAP.BSE_IDX,01/07/2025,11:30:11,46689.98,0,0,0,0,0,0
MIDCAP.BSE_IDX,01/07/2025,11:30:19,46692.82,0,0,0,0,0,0
MIDCAP.BSE_IDX,01/07/2025,11:30:27,46693.12,0,0,0,0,0,0
MIDCAP.BSE_IDX,01/07/2025,11:30:35,46695.08,0,0,0,0,0,0
MIDCAP.BSE_IDX,01/07/2025,11:30:43,46695.91,0,0,0,0,0,0
MIDCAP.BSE_IDX,01/07/2025,11:30:51,46691.67,0,0,0,0,0,0
MIDCAP.BSE_IDX,01/07/2025,11:30:59,46691.24,0,0,0,0,0,0
MIDCAP.BSE_IDX,01/07/2025,11:31:07,46692.91,0,0,0,0,0,0
MIDCAP.BSE_IDX,01/07/2025,11:31:15,46692.44,0,0,0,0,0,0
MIDCAP.BSE_IDX,01/07/2025,11:31:23,46688.95,0,0,0,0,0,0
MIDCAP.BSE_IDX,01/07/2025,11:31:31,46689.3,0,0,0,0,0,0
MIDCAP.BSE_IDX,01/07/2025,11:31:39,46689.82,0,0,0,0,0,0
MIDCAP.BSE_IDX,01/07/2025,11:31:47,46689.73,0,0,0,0,0,0
MIDCAP.BSE_IDX,01/07/2025,11:31:55,46687.53,0,0,0,0,0,0
MIDCAP.BSE_IDX,01/07/2025,11:32:04,46686.4,0,0,0,0,0,0
MIDCAP.BSE_IDX,01/07/2025,11:32:11,46683.93,0,0,0,0,0,0
MIDCAP.BSE_IDX,01/07/2025,11:32:19,46682.2,0,0,0,0,0,0
MIDCAP.BSE_IDX,01/07/2025,11:32:27,46681.97,0,0,0,0,0,0
MIDCAP.BSE_IDX,01/07/2025,11:32:35,46681.1,0,0,0,0,0,0
MIDCAP.BSE_IDX,01/07/2025,11:32:43,46679.25,0,0,0,0,0,0
MIDCAP.BSE_IDX,01/07/2025,11:32:51,46679.85,0,0,0,0,0,0
MIDCAP.BSE_IDX,01/07/2025,11:32:59,46674.13,0,0,0,0,0,0
MIDCAP.BSE_IDX,01/07/2025,11:33:07,46670.5,0,0,0,0,0,0
MIDCAP.BSE_IDX,01/07/2025,11:33:15,46668.96,0,0,0,0,0,0
MIDCAP.BSE_IDX,01/07/2025,11:33:23,46668.3,0,0,0,0,0,0
MIDCAP.BSE_IDX,01/07/2025,11:33:31,46668.39,0,0,0,0,0,0
MIDCAP.BSE_IDX,01/07/2025,11:33:39,46666.62,0,0,0,0,0,0
MIDCAP.BSE_IDX,01/07/2025,11:33:47,46664.94,0,0,0,0,0,0
MIDCAP.BSE_IDX,01/07/2025,11:33:55,46665.52,0,0,0,0,0,0
MIDCAP.BSE_IDX,01/07/2025,11:34:03,46664.92,0,0,0,0,0,0
MIDCAP.BSE_IDX,01/07/2025,11:34:12,46665.29,0,0,0,0,0,0
MIDCAP.BSE_IDX,01/07/2025,11:34:19,46665.59,0,0,0,0,0,0
MIDCAP.BSE_IDX,01/07/2025,11:34:27,46665.09,0,0,0,0,0,0
MIDCAP.BSE_IDX,01/07/2025,11:34:35,46664.42,0,0,0,0,0,0
MIDCAP.BSE_IDX,01/07/2025,11:34:43,46664.91,0,0,0,0,0,0
MIDCAP.BSE_IDX,01/07/2025,11:34:51,46662.85,0,0,0,0,0,0
MIDCAP.BSE_IDX,01/07/2025,11:34:59,46659.62,0,0,0,0,0,0
MIDCAP.BSE_IDX,01/07/2025,11:35:07,46657.67,0,0,0,0,0,0
MIDCAP.BSE_IDX,01/07/2025,11:35:16,46655.53,0,0,0,0,0,0
MIDCAP.BSE_IDX,01/07/2025,11:35:23,46653.09,0,0,0,0,0,0
MIDCAP.BSE_IDX,01/07/2025,11:35:32,46652.45,0,0,0,0,0,0
MIDCAP.BSE_IDX,01/07/2025,11:35:39,46651.31,0,0,0,0,0,0
MIDCAP.BSE_IDX,01/07/2025,11:35:47,46651.04,0,0,0,0,0,0
MIDCAP.BSE_IDX,01/07/2025,11:35:55,46651.68,0,0,0,0,0,0
MIDCAP.BSE_IDX,01/07/2025,11:36:04,46651.98,0,0,0,0,0,0
MIDCAP.BSE_IDX,01/07/2025,11:36:11,46653.72,0,0,0,0,0,0
MIDCAP.BSE_IDX,01/07/2025,11:36:19,46651.93,0,0,0,0,0,0
MIDCAP.BSE_IDX,01/07/2025,11:36:28,46651.35,0,0,0,0,0,0
MIDCAP.BSE_IDX,01/07/2025,11:36:35,46649.96,0,0,0,0,0,0
MIDCAP.BSE_IDX,01/07/2025,11:36:43,46653.1,0,0,0,0,0,0
MIDCAP.BSE_IDX,01/07/2025,11:36:54,46652.79,0,0,0,0,0,0
MIDCAP.BSE_IDX,01/07/2025,11:36:59,46651.86,0,0,0,0,0,0
MIDCAP.BSE_IDX,01/07/2025,11:37:07,46651.63,0,0,0,0,0,0
MIDCAP.BSE_IDX,01/07/2025,11:37:15,46651.1,0,0,0,0,0,0
MIDCAP.BSE_IDX,01/07/2025,11:37:23,46649.91,0,0,0,0,0,0
MIDCAP.BSE_IDX,01/07/2025,11:37:31,46650.8,0,0,0,0,0,0
MIDCAP.BSE_IDX,01/07/2025,11:37:41,46650.39,0,0,0,0,0,0
MIDCAP.BSE_IDX,01/07/2025,11:37:47,46654.17,0,0,0,0,0,0
MIDCAP.BSE_IDX,01/07/2025,11:37:55,46653.27,0,0,0,0,0,0
MIDCAP.BSE_IDX,01/07/2025,11:38:03,46655.49,0,0,0,0,0,0
MIDCAP.BSE_IDX,01/07/2025,11:38:11,46655.1,0,0,0,0,0,0
MIDCAP.BSE_IDX,01/07/2025,11:38:20,46652.84,0,0,0,0,0,0
MIDCAP.BSE_IDX,01/07/2025,11:38:27,46653.12,0,0,0,0,0,0
MIDCAP.BSE_IDX,01/07/2025,11:38:35,46654.41,0,0,0,0,0,0
MIDCAP.BSE_IDX,01/07/2025,11:38:43,46656.42,0,0,0,0,0,0
MIDCAP.BSE_IDX,01/07/2025,11:38:51,46655.79,0,0,0,0,0,0
MIDCAP.BSE_IDX,01/07/2025,11:38:59,46656.56,0,0,0,0,0,0
MIDCAP.BSE_IDX,01/07/2025,11:39:07,46655.56,0,0,0,0,0,0
MIDCAP.BSE_IDX,01/07/2025,11:39:16,46658.97,0,0,0,0,0,0
MIDCAP.BSE_IDX,01/07/2025,11:39:23,46663.41,0,0,0,0,0,0
MIDCAP.BSE_IDX,01/07/2025,11:39:31,46664.58,0,0,0,0,0,0
MIDCAP.BSE_IDX,01/07/2025,11:39:39,46663.66,0,0,0,0,0,0
MIDCAP.BSE_IDX,01/07/2025,11:39:47,46662.23,0,0,0,0,0,0
MIDCAP.BSE_IDX,01/07/2025,11:39:55,46663.27,0,0,0,0,0,0
MIDCAP.BSE_IDX,01/07/2025,11:40:03,46663.38,0,0,0,0,0,0
MIDCAP.BSE_IDX,01/07/2025,11:40:11,46667.54,0,0,0,0,0,0
MIDCAP.BSE_IDX,01/07/2025,11:40:19,46668.77,0,0,0,0,0,0
MIDCAP.BSE_IDX,01/07/2025,11:40:27,46670.25,0,0,0,0,0,0
MIDCAP.BSE_IDX,01/07/2025,11:40:35,46671.23,0,0,0,0,0,0
MIDCAP.BSE_IDX,01/07/2025,11:40:43,46671.95,0,0,0,0,0,0
MIDCAP.BSE_IDX,01/07/2025,11:40:51,46673.08,0,0,0,0,0,0
MIDCAP.BSE_IDX,01/07/2025,11:41:00,46669.64,0,0,0,0,0,0
MIDCAP.BSE_IDX,01/07/2025,11:41:07,46670.55,0,0,0,0,0,0
MIDCAP.BSE_IDX,01/07/2025,11:41:15,46670.57,0,0,0,0,0,0
MIDCAP.BSE_IDX,01/07/2025,11:41:24,46674.87,0,0,0,0,0,0
MIDCAP.BSE_IDX,01/07/2025,11:41:32,46672.5,0,0,0,0,0,0
MIDCAP.BSE_IDX,01/07/2025,11:41:39,46676.51,0,0,0,0,0,0
MIDCAP.BSE_IDX,01/07/2025,11:41:48,46677.65,0,0,0,0,0,0
MIDCAP.BSE_IDX,01/07/2025,11:41:56,46674.96,0,0,0,0,0,0
MIDCAP.BSE_IDX,01/07/2025,11:42:04,46675.74,0,0,0,0,0,0
MIDCAP.BSE_IDX,01/07/2025,11:42:12,46677.24,0,0,0,0,0,0
MIDCAP.BSE_IDX,01/07/2025,11:42:20,46679.15,0,0,0,0,0,0
MIDCAP.BSE_IDX,01/07/2025,11:42:28,46683.88,0,0,0,0,0,0
MIDCAP.BSE_IDX,01/07/2025,11:42:36,46686.3,0,0,0,0,0,0
MIDCAP.BSE_IDX,01/07/2025,11:42:44,46688.01,0,0,0,0,0,0
MIDCAP.BSE_IDX,01/07/2025,11:42:52,46688.69,0,0,0,0,0,0
MIDCAP.BSE_IDX,01/07/2025,11:43:00,46690.06,0,0,0,0,0,0
MIDCAP.BSE_IDX,01/07/2025,11:43:08,46690.15,0,0,0,0,0,0
MIDCAP.BSE_IDX,01/07/2025,11:43:16,46688.76,0,0,0,0,0,0
MIDCAP.BSE_IDX,01/07/2025,11:43:24,46687.33,0,0,0,0,0,0
MIDCAP.BSE_IDX,01/07/2025,11:43:32,46687.62,0,0,0,0,0,0
MIDCAP.BSE_IDX,01/07/2025,11:43:40,46685.59,0,0,0,0,0,0
MIDCAP.BSE_IDX,01/07/2025,11:43:48,46685.44,0,0,0,0,0,0
MIDCAP.BSE_IDX,01/07/2025,11:43:56,46684.11,0,0,0,0,0,0
MIDCAP.BSE_IDX,01/07/2025,11:44:04,46683.56,0,0,0,0,0,0
MIDCAP.BSE_IDX,01/07/2025,11:44:12,46684.3,0,0,0,0,0,0
MIDCAP.BSE_IDX,01/07/2025,11:44:20,46685.88,0,0,0,0,0,0
MIDCAP.BSE_IDX,01/07/2025,11:44:28,46688.18,0,0,0,0,0,0
MIDCAP.BSE_IDX,01/07/2025,11:44:36,46687.9,0,0,0,0,0,0
MIDCAP.BSE_IDX,01/07/2025,11:44:44,46688.84,0,0,0,0,0,0
MIDCAP.BSE_IDX,01/07/2025,11:44:52,46685.71,0,0,0,0,0,0
MIDCAP.BSE_IDX,01/07/2025,11:45:00,46686.45,0,0,0,0,0,0
MIDCAP.BSE_IDX,01/07/2025,11:45:08,46685.41,0,0,0,0,0,0
MIDCAP.BSE_IDX,01/07/2025,11:45:16,46684.78,0,0,0,0,0,0
MIDCAP.BSE_IDX,01/07/2025,11:45:24,46683.98,0,0,0,0,0,0
MIDCAP.BSE_IDX,01/07/2025,11:45:32,46685.57,0,0,0,0,0,0
MIDCAP.BSE_IDX,01/07/2025,11:45:40,46682.39,0,0,0,0,0,0
MIDCAP.BSE_IDX,01/07/2025,11:45:48,46682.9,0,0,0,0,0,0
MIDCAP.BSE_IDX,01/07/2025,11:45:56,46684.48,0,0,0,0,0,0
MIDCAP.BSE_IDX,01/07/2025,11:46:04,46682.9,0,0,0,0,0,0
MIDCAP.BSE_IDX,01/07/2025,11:46:12,46682.91,0,0,0,0,0,0
MIDCAP.BSE_IDX,01/07/2025,11:46:20,46684.11,0,0,0,0,0,0
MIDCAP.BSE_IDX,01/07/2025,11:46:28,46683.3,0,0,0,0,0,0
MIDCAP.BSE_IDX,01/07/2025,11:46:36,46685.91,0,0,0,0,0,0
MIDCAP.BSE_IDX,01/07/2025,11:46:44,46684.41,0,0,0,0,0,0
MIDCAP.BSE_IDX,01/07/2025,11:46:52,46683.62,0,0,0,0,0,0
MIDCAP.BSE_IDX,01/07/2025,11:47:00,46683.79,0,0,0,0,0,0
MIDCAP.BSE_IDX,01/07/2025,11:47:08,46679.99,0,0,0,0,0,0
MIDCAP.BSE_IDX,01/07/2025,11:47:16,46678.59,0,0,0,0,0,0
MIDCAP.BSE_IDX,01/07/2025,11:47:24,46676.96,0,0,0,0,0,0
MIDCAP.BSE_IDX,01/07/2025,11:47:32,46677.3,0,0,0,0,0,0
MIDCAP.BSE_IDX,01/07/2025,11:47:40,46676.7,0,0,0,0,0,0
MIDCAP.BSE_IDX,01/07/2025,11:47:48,46676.41,0,0,0,0,0,0
MIDCAP.BSE_IDX,01/07/2025,11:47:56,46676.44,0,0,0,0,0,0
MIDCAP.BSE_IDX,01/07/2025,11:48:04,46674.32,0,0,0,0,0,0
MIDCAP.BSE_IDX,01/07/2025,11:48:12,46674.51,0,0,0,0,0,0
MIDCAP.BSE_IDX,01/07/2025,11:48:20,46676.7,0,0,0,0,0,0
MIDCAP.BSE_IDX,01/07/2025,11:48:28,46676.74,0,0,0,0,0,0
MIDCAP.BSE_IDX,01/07/2025,11:48:36,46676.39,0,0,0,0,0,0
MIDCAP.BSE_IDX,01/07/2025,11:48:44,46677.48,0,0,0,0,0,0
MIDCAP.BSE_IDX,01/07/2025,11:48:52,46677.9,0,0,0,0,0,0
MIDCAP.BSE_IDX,01/07/2025,11:49:01,46678.34,0,0,0,0,0,0
MIDCAP.BSE_IDX,01/07/2025,11:49:09,46676.61,0,0,0,0,0,0
MIDCAP.BSE_IDX,01/07/2025,11:49:16,46677.9,0,0,0,0,0,0
MIDCAP.BSE_IDX,01/07/2025,11:49:24,46676.76,0,0,0,0,0,0
MIDCAP.BSE_IDX,01/07/2025,11:49:32,46676.69,0,0,0,0,0,0
MIDCAP.BSE_IDX,01/07/2025,11:49:40,46675.52,0,0,0,0,0,0
MIDCAP.BSE_IDX,01/07/2025,11:49:49,46672.77,0,0,0,0,0,0
MIDCAP.BSE_IDX,01/07/2025,11:49:56,46673.09,0,0,0,0,0,0
MIDCAP.BSE_IDX,01/07/2025,11:50:04,46672,0,0,0,0,0,0
MIDCAP.BSE_IDX,01/07/2025,11:50:12,46669.34,0,0,0,0,0,0
MIDCAP.BSE_IDX,01/07/2025,11:50:20,46668.52,0,0,0,0,0,0
MIDCAP.BSE_IDX,01/07/2025,11:50:28,46668.07,0,0,0,0,0,0
MIDCAP.BSE_IDX,01/07/2025,11:50:36,46669.51,0,0,0,0,0,0
MIDCAP.BSE_IDX,01/07/2025,11:50:44,46666.76,0,0,0,0,0,0
MIDCAP.BSE_IDX,01/07/2025,11:50:52,46666.09,0,0,0,0,0,0
MIDCAP.BSE_IDX,01/07/2025,11:51:00,46664.12,0,0,0,0,0,0
MIDCAP.BSE_IDX,01/07/2025,11:51:08,46664.44,0,0,0,0,0,0
MIDCAP.BSE_IDX,01/07/2025,11:51:16,46661.16,0,0,0,0,0,0
MIDCAP.BSE_IDX,01/07/2025,11:51:24,46660.89,0,0,0,0,0,0
MIDCAP.BSE_IDX,01/07/2025,11:51:32,46663.41,0,0,0,0,0,0
MIDCAP.BSE_IDX,01/07/2025,11:51:40,46664.98,0,0,0,0,0,0
MIDCAP.BSE_IDX,01/07/2025,11:51:48,46663.82,0,0,0,0,0,0
MIDCAP.BSE_IDX,01/07/2025,11:51:56,46663.98,0,0,0,0,0,0
MIDCAP.BSE_IDX,01/07/2025,11:52:04,46665.85,0,0,0,0,0,0
MIDCAP.BSE_IDX,01/07/2025,11:52:12,46666.89,0,0,0,0,0,0
MIDCAP.BSE_IDX,01/07/2025,11:52:20,46667.01,0,0,0,0,0,0
MIDCAP.BSE_IDX,01/07/2025,11:52:28,46666.72,0,0,0,0,0,0
MIDCAP.BSE_IDX,01/07/2025,11:52:36,46667.92,0,0,0,0,0,0
MIDCAP.BSE_IDX,01/07/2025,11:52:44,46665.73,0,0,0,0,0,0
MIDCAP.BSE_IDX,01/07/2025,11:52:52,46664.54,0,0,0,0,0,0
MIDCAP.BSE_IDX,01/07/2025,11:53:00,46659.93,0,0,0,0,0,0
MIDCAP.BSE_IDX,01/07/2025,11:53:08,46657.52,0,0,0,0,0,0
MIDCAP.BSE_IDX,01/07/2025,11:53:16,46656.42,0,0,0,0,0,0
MIDCAP.BSE_IDX,01/07/2025,11:53:24,46657.28,0,0,0,0,0,0
MIDCAP.BSE_IDX,01/07/2025,11:53:32,46654.42,0,0,0,0,0,0
MIDCAP.BSE_IDX,01/07/2025,11:53:40,46653.12,0,0,0,0,0,0
MIDCAP.BSE_IDX,01/07/2025,11:53:48,46652.81,0,0,0,0,0,0
MIDCAP.BSE_IDX,01/07/2025,11:53:56,46651.39,0,0,0,0,0,0
MIDCAP.BSE_IDX,01/07/2025,11:54:04,46648.67,0,0,0,0,0,0
MIDCAP.BSE_IDX,01/07/2025,11:54:12,46643.95,0,0,0,0,0,0
MIDCAP.BSE_IDX,01/07/2025,11:54:20,46641.33,0,0,0,0,0,0
MIDCAP.BSE_IDX,01/07/2025,11:54:28,46639.71,0,0,0,0,0,0
MIDCAP.BSE_IDX,01/07/2025,11:54:36,46639.98,0,0,0,0,0,0
MIDCAP.BSE_IDX,01/07/2025,11:54:44,46639.22,0,0,0,0,0,0
MIDCAP.BSE_IDX,01/07/2025,11:54:52,46635.99,0,0,0,0,0,0
MIDCAP.BSE_IDX,01/07/2025,11:55:00,46636.66,0,0,0,0,0,0
MIDCAP.BSE_IDX,01/07/2025,11:55:08,46636.43,0,0,0,0,0,0
MIDCAP.BSE_IDX,01/07/2025,11:55:17,46636.06,0,0,0,0,0,0
MIDCAP.BSE_IDX,01/07/2025,11:55:24,46638.39,0,0,0,0,0,0
MIDCAP.BSE_IDX,01/07/2025,11:55:32,46636.2,0,0,0,0,0,0
MIDCAP.BSE_IDX,01/07/2025,11:55:40,46637.73,0,0,0,0,0,0
MIDCAP.BSE_IDX,01/07/2025,11:55:48,46638.17,0,0,0,0,0,0
MIDCAP.BSE_IDX,01/07/2025,11:55:56,46636.59,0,0,0,0,0,0
MIDCAP.BSE_IDX,01/07/2025,11:56:05,46636.68,0,0,0,0,0,0
MIDCAP.BSE_IDX,01/07/2025,11:56:12,46632.16,0,0,0,0,0,0
MIDCAP.BSE_IDX,01/07/2025,11:56:20,46624.93,0,0,0,0,0,0
MIDCAP.BSE_IDX,01/07/2025,11:56:28,46622.63,0,0,0,0,0,0
MIDCAP.BSE_IDX,01/07/2025,11:56:36,46623.02,0,0,0,0,0,0
MIDCAP.BSE_IDX,01/07/2025,11:56:44,46621.79,0,0,0,0,0,0
MIDCAP.BSE_IDX,01/07/2025,11:56:52,46622.66,0,0,0,0,0,0
MIDCAP.BSE_IDX,01/07/2025,11:57:00,46622.86,0,0,0,0,0,0
MIDCAP.BSE_IDX,01/07/2025,11:57:08,46619.54,0,0,0,0,0,0
MIDCAP.BSE_IDX,01/07/2025,11:57:16,46620.33,0,0,0,0,0,0
MIDCAP.BSE_IDX,01/07/2025,11:57:24,46621.94,0,0,0,0,0,0
MIDCAP.BSE_IDX,01/07/2025,11:57:32,46622.85,0,0,0,0,0,0
MIDCAP.BSE_IDX,01/07/2025,11:57:40,46622.44,0,0,0,0,0,0
MIDCAP.BSE_IDX,01/07/2025,11:57:48,46621.93,0,0,0,0,0,0
MIDCAP.BSE_IDX,01/07/2025,11:57:56,46619.86,0,0,0,0,0,0
MIDCAP.BSE_IDX,01/07/2025,11:58:04,46618.51,0,0,0,0,0,0
MIDCAP.BSE_IDX,01/07/2025,11:58:12,46617.26,0,0,0,0,0,0
MIDCAP.BSE_IDX,01/07/2025,11:58:20,46617.56,0,0,0,0,0,0
MIDCAP.BSE_IDX,01/07/2025,11:58:28,46617.93,0,0,0,0,0,0
MIDCAP.BSE_IDX,01/07/2025,11:58:36,46616.79,0,0,0,0,0,0
MIDCAP.BSE_IDX,01/07/2025,11:58:44,46616.4,0,0,0,0,0,0
MIDCAP.BSE_IDX,01/07/2025,11:58:52,46619.69,0,0,0,0,0,0
MIDCAP.BSE_IDX,01/07/2025,11:59:00,46621.46,0,0,0,0,0,0
MIDCAP.BSE_IDX,01/07/2025,11:59:08,46620.54,0,0,0,0,0,0
MIDCAP.BSE_IDX,01/07/2025,11:59:16,46620.43,0,0,0,0,0,0
MIDCAP.BSE_IDX,01/07/2025,11:59:24,46624.69,0,0,0,0,0,0
MIDCAP.BSE_IDX,01/07/2025,11:59:32,46628.7,0,0,0,0,0,0
MIDCAP.BSE_IDX,01/07/2025,11:59:40,46632.05,0,0,0,0,0,0
MIDCAP.BSE_IDX,01/07/2025,11:59:48,46633.34,0,0,0,0,0,0
MIDCAP.BSE_IDX,01/07/2025,11:59:56,46633.59,0,0,0,0,0,0
MIDCAP.BSE_IDX,01/07/2025,12:00:05,46635.41,0,0,0,0,0,0
MIDCAP.BSE_IDX,01/07/2025,12:00:12,46636.59,0,0,0,0,0,0
MIDCAP.BSE_IDX,01/07/2025,12:00:20,46635,0,0,0,0,0,0
MIDCAP.BSE_IDX,01/07/2025,12:00:28,46634.85,0,0,0,0,0,0
MIDCAP.BSE_IDX,01/07/2025,12:00:37,46633.81,0,0,0,0,0,0
MIDCAP.BSE_IDX,01/07/2025,12:00:44,46630.9,0,0,0,0,0,0
MIDCAP.BSE_IDX,01/07/2025,12:00:52,46633.34,0,0,0,0,0,0
MIDCAP.BSE_IDX,01/07/2025,12:01:00,46631.34,0,0,0,0,0,0
MIDCAP.BSE_IDX,01/07/2025,12:01:08,46629.26,0,0,0,0,0,0
MIDCAP.BSE_IDX,01/07/2025,12:01:16,46630.27,0,0,0,0,0,0
MIDCAP.BSE_IDX,01/07/2025,12:01:24,46632.31,0,0,0,0,0,0
MIDCAP.BSE_IDX,01/07/2025,12:01:32,46632.3,0,0,0,0,0,0
MIDCAP.BSE_IDX,01/07/2025,12:01:40,46631.21,0,0,0,0,0,0
MIDCAP.BSE_IDX,01/07/2025,12:01:48,46631.39,0,0,0,0,0,0
MIDCAP.BSE_IDX,01/07/2025,12:01:57,46631.12,0,0,0,0,0,0
MIDCAP.BSE_IDX,01/07/2025,12:02:04,46631.18,0,0,0,0,0,0
MIDCAP.BSE_IDX,01/07/2025,12:02:12,46631.25,0,0,0,0,0,0
MIDCAP.BSE_IDX,01/07/2025,12:02:20,46631.82,0,0,0,0,0,0
MIDCAP.BSE_IDX,01/07/2025,12:02:28,46632.15,0,0,0,0,0,0
MIDCAP.BSE_IDX,01/07/2025,12:02:36,46630.95,0,0,0,0,0,0
MIDCAP.BSE_IDX,01/07/2025,12:02:44,46630.34,0,0,0,0,0,0
MIDCAP.BSE_IDX,01/07/2025,12:02:52,46629.67,0,0,0,0,0,0
MIDCAP.BSE_IDX,01/07/2025,12:03:00,46629.77,0,0,0,0,0,0
MIDCAP.BSE_IDX,01/07/2025,12:03:08,46627.89,0,0,0,0,0,0
MIDCAP.BSE_IDX,01/07/2025,12:03:17,46628.35,0,0,0,0,0,0
MIDCAP.BSE_IDX,01/07/2025,12:03:24,46624.83,0,0,0,0,0,0
MIDCAP.BSE_IDX,01/07/2025,12:03:32,46623.4,0,0,0,0,0,0
MIDCAP.BSE_IDX,01/07/2025,12:03:40,46623.55,0,0,0,0,0,0
MIDCAP.BSE_IDX,01/07/2025,12:03:48,46625.06,0,0,0,0,0,0
MIDCAP.BSE_IDX,01/07/2025,12:03:56,46623.79,0,0,0,0,0,0
MIDCAP.BSE_IDX,01/07/2025,12:04:04,46624.09,0,0,0,0,0,0
MIDCAP.BSE_IDX,01/07/2025,12:04:12,46622.72,0,0,0,0,0,0
MIDCAP.BSE_IDX,01/07/2025,12:04:20,46623.2,0,0,0,0,0,0
MIDCAP.BSE_IDX,01/07/2025,12:04:28,46625.01,0,0,0,0,0,0
MIDCAP.BSE_IDX,01/07/2025,12:04:36,46623.28,0,0,0,0,0,0
MIDCAP.BSE_IDX,01/07/2025,12:04:44,46621.84,0,0,0,0,0,0
MIDCAP.BSE_IDX,01/07/2025,12:04:52,46619.87,0,0,0,0,0,0
MIDCAP.BSE_IDX,01/07/2025,12:05:01,46619.82,0,0,0,0,0,0
MIDCAP.BSE_IDX,01/07/2025,12:05:08,46619.69,0,0,0,0,0,0
MIDCAP.BSE_IDX,01/07/2025,12:05:16,46623.81,0,0,0,0,0,0
MIDCAP.BSE_IDX,01/07/2025,12:05:24,46623.22,0,0,0,0,0,0
MIDCAP.BSE_IDX,01/07/2025,12:05:32,46622.9,0,0,0,0,0,0
MIDCAP.BSE_IDX,01/07/2025,12:05:40,46622.42,0,0,0,0,0,0
MIDCAP.BSE_IDX,01/07/2025,12:05:48,46623.11,0,0,0,0,0,0
MIDCAP.BSE_IDX,01/07/2025,12:05:56,46624.07,0,0,0,0,0,0
MIDCAP.BSE_IDX,01/07/2025,12:06:04,46624.25,0,0,0,0,0,0
MIDCAP.BSE_IDX,01/07/2025,12:06:12,46626.79,0,0,0,0,0,0
MIDCAP.BSE_IDX,01/07/2025,12:06:20,46628.28,0,0,0,0,0,0
MIDCAP.BSE_IDX,01/07/2025,12:06:28,46627.51,0,0,0,0,0,0
MIDCAP.BSE_IDX,01/07/2025,12:06:36,46624.56,0,0,0,0,0,0
MIDCAP.BSE_IDX,01/07/2025,12:06:44,46624.47,0,0,0,0,0,0
MIDCAP.BSE_IDX,01/07/2025,12:06:53,46622.12,0,0,0,0,0,0
MIDCAP.BSE_IDX,01/07/2025,12:07:00,46619.32,0,0,0,0,0,0
MIDCAP.BSE_IDX,01/07/2025,12:07:08,46619.26,0,0,0,0,0,0
MIDCAP.BSE_IDX,01/07/2025,12:07:16,46620.38,0,0,0,0,0,0
MIDCAP.BSE_IDX,01/07/2025,12:07:24,46619.34,0,0,0,0,0,0
MIDCAP.BSE_IDX,01/07/2025,12:07:32,46621.4,0,0,0,0,0,0
MIDCAP.BSE_IDX,01/07/2025,12:07:40,46621.06,0,0,0,0,0,0
MIDCAP.BSE_IDX,01/07/2025,12:07:48,46620.73,0,0,0,0,0,0
MIDCAP.BSE_IDX,01/07/2025,12:07:56,46620.56,0,0,0,0,0,0
MIDCAP.BSE_IDX,01/07/2025,12:08:04,46621.47,0,0,0,0,0,0
MIDCAP.BSE_IDX,01/07/2025,12:08:12,46620.06,0,0,0,0,0,0
MIDCAP.BSE_IDX,01/07/2025,12:08:20,46616.92,0,0,0,0,0,0
MIDCAP.BSE_IDX,01/07/2025,12:08:28,46616.22,0,0,0,0,0,0
MIDCAP.BSE_IDX,01/07/2025,12:08:36,46615.77,0,0,0,0,0,0
MIDCAP.BSE_IDX,01/07/2025,12:08:44,46616,0,0,0,0,0,0
MIDCAP.BSE_IDX,01/07/2025,12:08:52,46617.72,0,0,0,0,0,0
MIDCAP.BSE_IDX,01/07/2025,12:09:00,46617.13,0,0,0,0,0,0
MIDCAP.BSE_IDX,01/07/2025,12:09:08,46621.4,0,0,0,0,0,0
MIDCAP.BSE_IDX,01/07/2025,12:09:16,46621.6,0,0,0,0,0,0
MIDCAP.BSE_IDX,01/07/2025,12:09:25,46619.09,0,0,0,0,0,0
MIDCAP.BSE_IDX,01/07/2025,12:09:32,46617.53,0,0,0,0,0,0
MIDCAP.BSE_IDX,01/07/2025,12:09:40,46620.69,0,0,0,0,0,0
MIDCAP.BSE_IDX,01/07/2025,12:09:48,46621.09,0,0,0,0,0,0
MIDCAP.BSE_IDX,01/07/2025,12:09:57,46623.98,0,0,0,0,0,0
MIDCAP.BSE_IDX,01/07/2025,12:10:05,46623.69,0,0,0,0,0,0
MIDCAP.BSE_IDX,01/07/2025,12:10:13,46623.67,0,0,0,0,0,0
MIDCAP.BSE_IDX,01/07/2025,12:10:22,46627.5,0,0,0,0,0,0
MIDCAP.BSE_IDX,01/07/2025,12:10:28,46628.85,0,0,0,0,0,0
MIDCAP.BSE_IDX,01/07/2025,12:10:36,46629.75,0,0,0,0,0,0
MIDCAP.BSE_IDX,01/07/2025,12:10:45,46628.29,0,0,0,0,0,0
MIDCAP.BSE_IDX,01/07/2025,12:10:52,46627.78,0,0,0,0,0,0
MIDCAP.BSE_IDX,01/07/2025,12:11:00,46625.36,0,0,0,0,0,0
MIDCAP.BSE_IDX,01/07/2025,12:11:08,46624.07,0,0,0,0,0,0
MIDCAP.BSE_IDX,01/07/2025,12:11:17,46623.93,0,0,0,0,0,0
MIDCAP.BSE_IDX,01/07/2025,12:11:24,46623.72,0,0,0,0,0,0
MIDCAP.BSE_IDX,01/07/2025,12:11:32,46622.84,0,0,0,0,0,0
MIDCAP.BSE_IDX,01/07/2025,12:11:40,46624.78,0,0,0,0,0,0
MIDCAP.BSE_IDX,01/07/2025,12:11:49,46626.86,0,0,0,0,0,0
MIDCAP.BSE_IDX,01/07/2025,12:11:57,46626.44,0,0,0,0,0,0
MIDCAP.BSE_IDX,01/07/2025,12:12:05,46629.66,0,0,0,0,0,0
MIDCAP.BSE_IDX,01/07/2025,12:12:13,46629.05,0,0,0,0,0,0
MIDCAP.BSE_IDX,01/07/2025,12:12:21,46631.78,0,0,0,0,0,0
MIDCAP.BSE_IDX,01/07/2025,12:12:29,46633.57,0,0,0,0,0,0
MIDCAP.BSE_IDX,01/07/2025,12:12:37,46637.17,0,0,0,0,0,0
MIDCAP.BSE_IDX,01/07/2025,12:12:45,46637.57,0,0,0,0,0,0
MIDCAP.BSE_IDX,01/07/2025,12:12:53,46638.65,0,0,0,0,0,0
MIDCAP.BSE_IDX,01/07/2025,12:13:01,46642.15,0,0,0,0,0,0
MIDCAP.BSE_IDX,01/07/2025,12:13:09,46641.59,0,0,0,0,0,0
MIDCAP.BSE_IDX,01/07/2025,12:13:17,46640.49,0,0,0,0,0,0
MIDCAP.BSE_IDX,01/07/2025,12:13:25,46640.61,0,0,0,0,0,0
MIDCAP.BSE_IDX,01/07/2025,12:13:33,46642.02,0,0,0,0,0,0
MIDCAP.BSE_IDX,01/07/2025,12:13:41,46643.78,0,0,0,0,0,0
MIDCAP.BSE_IDX,01/07/2025,12:13:49,46642.6,0,0,0,0,0,0
MIDCAP.BSE_IDX,01/07/2025,12:13:57,46643.37,0,0,0,0,0,0
MIDCAP.BSE_IDX,01/07/2025,12:14:05,46641.76,0,0,0,0,0,0
MIDCAP.BSE_IDX,01/07/2025,12:14:13,46639.53,0,0,0,0,0,0
MIDCAP.BSE_IDX,01/07/2025,12:14:21,46641.46,0,0,0,0,0,0
MIDCAP.BSE_IDX,01/07/2025,12:14:29,46643.55,0,0,0,0,0,0
MIDCAP.BSE_IDX,01/07/2025,12:14:37,46641.95,0,0,0,0,0,0
MIDCAP.BSE_IDX,01/07/2025,12:14:46,46643.74,0,0,0,0,0,0
MIDCAP.BSE_IDX,01/07/2025,12:14:54,46643.29,0,0,0,0,0,0
MIDCAP.BSE_IDX,01/07/2025,12:15:01,46645.05,0,0,0,0,0,0
MIDCAP.BSE_IDX,01/07/2025,12:15:09,46644.01,0,0,0,0,0,0
MIDCAP.BSE_IDX,01/07/2025,12:15:17,46644.96,0,0,0,0,0,0
MIDCAP.BSE_IDX,01/07/2025,12:15:25,46646.37,0,0,0,0,0,0
MIDCAP.BSE_IDX,01/07/2025,12:15:33,46645.97,0,0,0,0,0,0
MIDCAP.BSE_IDX,01/07/2025,12:15:41,46646.37,0,0,0,0,0,0
MIDCAP.BSE_IDX,01/07/2025,12:15:49,46649.52,0,0,0,0,0,0
MIDCAP.BSE_IDX,01/07/2025,12:15:57,46653.68,0,0,0,0,0,0
MIDCAP.BSE_IDX,01/07/2025,12:16:05,46653.72,0,0,0,0,0,0
MIDCAP.BSE_IDX,01/07/2025,12:16:13,46654.46,0,0,0,0,0,0
MIDCAP.BSE_IDX,01/07/2025,12:16:21,46654.55,0,0,0,0,0,0
MIDCAP.BSE_IDX,01/07/2025,12:16:29,46656.47,0,0,0,0,0,0
MIDCAP.BSE_IDX,01/07/2025,12:16:37,46654.31,0,0,0,0,0,0
MIDCAP.BSE_IDX,01/07/2025,12:16:45,46655.05,0,0,0,0,0,0
MIDCAP.BSE_IDX,01/07/2025,12:16:53,46656.61,0,0,0,0,0,0
MIDCAP.BSE_IDX,01/07/2025,12:17:01,46655.94,0,0,0,0,0,0
MIDCAP.BSE_IDX,01/07/2025,12:17:09,46655.98,0,0,0,0,0,0
MIDCAP.BSE_IDX,01/07/2025,12:17:17,46657.58,0,0,0,0,0,0
MIDCAP.BSE_IDX,01/07/2025,12:17:25,46657.65,0,0,0,0,0,0
MIDCAP.BSE_IDX,01/07/2025,12:17:33,46657.94,0,0,0,0,0,0
MIDCAP.BSE_IDX,01/07/2025,12:17:41,46659.29,0,0,0,0,0,0
MIDCAP.BSE_IDX,01/07/2025,12:17:49,46657.24,0,0,0,0,0,0
MIDCAP.BSE_IDX,01/07/2025,12:17:57,46657.74,0,0,0,0,0,0
MIDCAP.BSE_IDX,01/07/2025,12:18:05,46663.8,0,0,0,0,0,0
MIDCAP.BSE_IDX,01/07/2025,12:18:13,46663.23,0,0,0,0,0,0
MIDCAP.BSE_IDX,01/07/2025,12:18:21,46664.89,0,0,0,0,0,0
MIDCAP.BSE_IDX,01/07/2025,12:18:29,46666.84,0,0,0,0,0,0
MIDCAP.BSE_IDX,01/07/2025,12:18:37,46666.55,0,0,0,0,0,0
MIDCAP.BSE_IDX,01/07/2025,12:18:45,46669.01,0,0,0,0,0,0
MIDCAP.BSE_IDX,01/07/2025,12:18:53,46672.04,0,0,0,0,0,0
MIDCAP.BSE_IDX,01/07/2025,12:19:01,46675.12,0,0,0,0,0,0
MIDCAP.BSE_IDX,01/07/2025,12:19:09,46675.31,0,0,0,0,0,0
MIDCAP.BSE_IDX,01/07/2025,12:19:17,46676.34,0,0,0,0,0,0
MIDCAP.BSE_IDX,01/07/2025,12:19:25,46679.18,0,0,0,0,0,0
MIDCAP.BSE_IDX,01/07/2025,12:19:33,46681.76,0,0,0,0,0,0
MIDCAP.BSE_IDX,01/07/2025,12:19:41,46684.43,0,0,0,0,0,0
MIDCAP.BSE_IDX,01/07/2025,12:19:49,46689.5,0,0,0,0,0,0
MIDCAP.BSE_IDX,01/07/2025,12:19:57,46689.89,0,0,0,0,0,0
MIDCAP.BSE_IDX,01/07/2025,12:20:05,46693.21,0,0,0,0,0,0
MIDCAP.BSE_IDX,01/07/2025,12:20:13,46692.89,0,0,0,0,0,0
MIDCAP.BSE_IDX,01/07/2025,12:20:21,46696.68,0,0,0,0,0,0
MIDCAP.BSE_IDX,01/07/2025,12:20:29,46697.46,0,0,0,0,0,0
MIDCAP.BSE_IDX,01/07/2025,12:20:37,46698.22,0,0,0,0,0,0
MIDCAP.BSE_IDX,01/07/2025,12:20:45,46697.94,0,0,0,0,0,0
MIDCAP.BSE_IDX,01/07/2025,12:20:53,46698.03,0,0,0,0,0,0
MIDCAP.BSE_IDX,01/07/2025,12:21:01,46697.52,0,0,0,0,0,0
MIDCAP.BSE_IDX,01/07/2025,12:21:09,46698.05,0,0,0,0,0,0
MIDCAP.BSE_IDX,01/07/2025,12:21:17,46698.04,0,0,0,0,0,0
MIDCAP.BSE_IDX,01/07/2025,12:21:25,46698.96,0,0,0,0,0,0
MIDCAP.BSE_IDX,01/07/2025,12:21:33,46701.45,0,0,0,0,0,0
MIDCAP.BSE_IDX,01/07/2025,12:21:41,46706.31,0,0,0,0,0,0
MIDCAP.BSE_IDX,01/07/2025,12:21:49,46710.39,0,0,0,0,0,0
MIDCAP.BSE_IDX,01/07/2025,12:21:57,46712.75,0,0,0,0,0,0
MIDCAP.BSE_IDX,01/07/2025,12:22:05,46717.35,0,0,0,0,0,0
MIDCAP.BSE_IDX,01/07/2025,12:22:13,46718.39,0,0,0,0,0,0
MIDCAP.BSE_IDX,01/07/2025,12:22:21,46718.22,0,0,0,0,0,0
MIDCAP.BSE_IDX,01/07/2025,12:22:29,46719.52,0,0,0,0,0,0
MIDCAP.BSE_IDX,01/07/2025,12:22:37,46719.33,0,0,0,0,0,0
MIDCAP.BSE_IDX,01/07/2025,12:22:45,46722.49,0,0,0,0,0,0
MIDCAP.BSE_IDX,01/07/2025,12:22:53,46724.79,0,0,0,0,0,0
MIDCAP.BSE_IDX,01/07/2025,12:23:02,46724.71,0,0,0,0,0,0
MIDCAP.BSE_IDX,01/07/2025,12:23:09,46723.95,0,0,0,0,0,0
MIDCAP.BSE_IDX,01/07/2025,12:23:17,46722.78,0,0,0,0,0,0
MIDCAP.BSE_IDX,01/07/2025,12:23:25,46724.45,0,0,0,0,0,0
MIDCAP.BSE_IDX,01/07/2025,12:23:33,46723.67,0,0,0,0,0,0
MIDCAP.BSE_IDX,01/07/2025,12:23:41,46723.58,0,0,0,0,0,0
MIDCAP.BSE_IDX,01/07/2025,12:23:49,46725.48,0,0,0,0,0,0
MIDCAP.BSE_IDX,01/07/2025,12:23:57,46724.5,0,0,0,0,0,0
MIDCAP.BSE_IDX,01/07/2025,12:24:05,46724.18,0,0,0,0,0,0
MIDCAP.BSE_IDX,01/07/2025,12:24:13,46720.46,0,0,0,0,0,0
MIDCAP.BSE_IDX,01/07/2025,12:24:21,46721.47,0,0,0,0,0,0
MIDCAP.BSE_IDX,01/07/2025,12:24:29,46722.52,0,0,0,0,0,0
MIDCAP.BSE_IDX,01/07/2025,12:24:37,46722.45,0,0,0,0,0,0
MIDCAP.BSE_IDX,01/07/2025,12:24:45,46722.51,0,0,0,0,0,0
MIDCAP.BSE_IDX,01/07/2025,12:24:53,46723.78,0,0,0,0,0,0
MIDCAP.BSE_IDX,01/07/2025,12:25:01,46725.11,0,0,0,0,0,0
MIDCAP.BSE_IDX,01/07/2025,12:25:09,46726.37,0,0,0,0,0,0
MIDCAP.BSE_IDX,01/07/2025,12:25:17,46728.91,0,0,0,0,0,0
MIDCAP.BSE_IDX,01/07/2025,12:25:25,46729.65,0,0,0,0,0,0
MIDCAP.BSE_IDX,01/07/2025,12:25:33,46730,0,0,0,0,0,0
MIDCAP.BSE_IDX,01/07/2025,12:25:41,46728.58,0,0,0,0,0,0
MIDCAP.BSE_IDX,01/07/2025,12:25:49,46731.9,0,0,0,0,0,0
MIDCAP.BSE_IDX,01/07/2025,12:25:57,46732.93,0,0,0,0,0,0
MIDCAP.BSE_IDX,01/07/2025,12:26:05,46732.78,0,0,0,0,0,0
MIDCAP.BSE_IDX,01/07/2025,12:26:13,46732.51,0,0,0,0,0,0
MIDCAP.BSE_IDX,01/07/2025,12:26:21,46734.23,0,0,0,0,0,0
MIDCAP.BSE_IDX,01/07/2025,12:26:31,46733.51,0,0,0,0,0,0
MIDCAP.BSE_IDX,01/07/2025,12:26:37,46733.14,0,0,0,0,0,0
MIDCAP.BSE_IDX,01/07/2025,12:26:45,46730.9,0,0,0,0,0,0
MIDCAP.BSE_IDX,01/07/2025,12:26:53,46729.78,0,0,0,0,0,0
MIDCAP.BSE_IDX,01/07/2025,12:27:01,46728.45,0,0,0,0,0,0
MIDCAP.BSE_IDX,01/07/2025,12:27:09,46727.59,0,0,0,0,0,0
MIDCAP.BSE_IDX,01/07/2025,12:27:17,46727.48,0,0,0,0,0,0
MIDCAP.BSE_IDX,01/07/2025,12:27:25,46727.06,0,0,0,0,0,0
MIDCAP.BSE_IDX,01/07/2025,12:27:33,46726.69,0,0,0,0,0,0
MIDCAP.BSE_IDX,01/07/2025,12:27:41,46724.89,0,0,0,0,0,0
MIDCAP.BSE_IDX,01/07/2025,12:27:49,46725.4,0,0,0,0,0,0
MIDCAP.BSE_IDX,01/07/2025,12:27:57,46724.01,0,0,0,0,0,0
MIDCAP.BSE_IDX,01/07/2025,12:28:05,46724.02,0,0,0,0,0,0
MIDCAP.BSE_IDX,01/07/2025,12:28:13,46726.11,0,0,0,0,0,0
MIDCAP.BSE_IDX,01/07/2025,12:28:21,46725.83,0,0,0,0,0,0
MIDCAP.BSE_IDX,01/07/2025,12:28:29,46725.15,0,0,0,0,0,0
MIDCAP.BSE_IDX,01/07/2025,12:28:37,46724.17,0,0,0,0,0,0
MIDCAP.BSE_IDX,01/07/2025,12:28:45,46723.55,0,0,0,0,0,0
MIDCAP.BSE_IDX,01/07/2025,12:28:53,46720.99,0,0,0,0,0,0
MIDCAP.BSE_IDX,01/07/2025,12:29:01,46718.07,0,0,0,0,0,0
MIDCAP.BSE_IDX,01/07/2025,12:29:10,46716.28,0,0,0,0,0,0
MIDCAP.BSE_IDX,01/07/2025,12:29:18,46715.55,0,0,0,0,0,0
MIDCAP.BSE_IDX,01/07/2025,12:29:25,46717.31,0,0,0,0,0,0
MIDCAP.BSE_IDX,01/07/2025,12:29:33,46717.34,0,0,0,0,0,0
MIDCAP.BSE_IDX,01/07/2025,12:29:41,46718.26,0,0,0,0,0,0
MIDCAP.BSE_IDX,01/07/2025,12:29:49,46715.87,0,0,0,0,0,0
MIDCAP.BSE_IDX,01/07/2025,12:29:57,46714.99,0,0,0,0,0,0
MIDCAP.BSE_IDX,01/07/2025,12:30:05,46718.81,0,0,0,0,0,0
MIDCAP.BSE_IDX,01/07/2025,12:30:13,46724.16,0,0,0,0,0,0
MIDCAP.BSE_IDX,01/07/2025,12:30:22,46722.12,0,0,0,0,0,0
MIDCAP.BSE_IDX,01/07/2025,12:30:29,46726.12,0,0,0,0,0,0
MIDCAP.BSE_IDX,01/07/2025,12:30:37,46728.6,0,0,0,0,0,0
MIDCAP.BSE_IDX,01/07/2025,12:30:45,46725.97,0,0,0,0,0,0
MIDCAP.BSE_IDX,01/07/2025,12:30:53,46727.81,0,0,0,0,0,0
MIDCAP.BSE_IDX,01/07/2025,12:31:01,46726.04,0,0,0,0,0,0
MIDCAP.BSE_IDX,01/07/2025,12:31:09,46721.67,0,0,0,0,0,0
MIDCAP.BSE_IDX,01/07/2025,12:31:17,46721.24,0,0,0,0,0,0
MIDCAP.BSE_IDX,01/07/2025,12:31:25,46722.01,0,0,0,0,0,0
MIDCAP.BSE_IDX,01/07/2025,12:31:34,46722.21,0,0,0,0,0,0
MIDCAP.BSE_IDX,01/07/2025,12:31:41,46720.98,0,0,0,0,0,0
MIDCAP.BSE_IDX,01/07/2025,12:31:49,46719,0,0,0,0,0,0
MIDCAP.BSE_IDX,01/07/2025,12:31:57,46716.02,0,0,0,0,0,0
MIDCAP.BSE_IDX,01/07/2025,12:32:05,46714.71,0,0,0,0,0,0
MIDCAP.BSE_IDX,01/07/2025,12:32:13,46714,0,0,0,0,0,0
MIDCAP.BSE_IDX,01/07/2025,12:32:21,46714.63,0,0,0,0,0,0
MIDCAP.BSE_IDX,01/07/2025,12:32:29,46716.78,0,0,0,0,0,0
MIDCAP.BSE_IDX,01/07/2025,12:32:37,46716.54,0,0,0,0,0,0
MIDCAP.BSE_IDX,01/07/2025,12:32:45,46717.68,0,0,0,0,0,0
MIDCAP.BSE_IDX,01/07/2025,12:32:53,46716.42,0,0,0,0,0,0
MIDCAP.BSE_IDX,01/07/2025,12:33:01,46716.89,0,0,0,0,0,0
MIDCAP.BSE_IDX,01/07/2025,12:33:09,46714.31,0,0,0,0,0,0
MIDCAP.BSE_IDX,01/07/2025,12:33:17,46714.18,0,0,0,0,0,0
MIDCAP.BSE_IDX,01/07/2025,12:33:26,46714.5,0,0,0,0,0,0
MIDCAP.BSE_IDX,01/07/2025,12:33:33,46715.96,0,0,0,0,0,0
MIDCAP.BSE_IDX,01/07/2025,12:33:41,46713.41,0,0,0,0,0,0
MIDCAP.BSE_IDX,01/07/2025,12:33:49,46711.59,0,0,0,0,0,0
MIDCAP.BSE_IDX,01/07/2025,12:33:57,46711.81,0,0,0,0,0,0
MIDCAP.BSE_IDX,01/07/2025,12:34:05,46710.11,0,0,0,0,0,0
MIDCAP.BSE_IDX,01/07/2025,12:34:13,46711.42,0,0,0,0,0,0
MIDCAP.BSE_IDX,01/07/2025,12:34:21,46711.7,0,0,0,0,0,0
MIDCAP.BSE_IDX,01/07/2025,12:34:29,46712.89,0,0,0,0,0,0
MIDCAP.BSE_IDX,01/07/2025,12:34:37,46714.25,0,0,0,0,0,0
MIDCAP.BSE_IDX,01/07/2025,12:34:45,46712.55,0,0,0,0,0,0
MIDCAP.BSE_IDX,01/07/2025,12:34:53,46711.99,0,0,0,0,0,0
MIDCAP.BSE_IDX,01/07/2025,12:35:01,46712.85,0,0,0,0,0,0
MIDCAP.BSE_IDX,01/07/2025,12:35:09,46717.38,0,0,0,0,0,0
MIDCAP.BSE_IDX,01/07/2025,12:35:17,46719.45,0,0,0,0,0,0
MIDCAP.BSE_IDX,01/07/2025,12:35:25,46720.88,0,0,0,0,0,0
MIDCAP.BSE_IDX,01/07/2025,12:35:33,46720.12,0,0,0,0,0,0
MIDCAP.BSE_IDX,01/07/2025,12:35:41,46719.47,0,0,0,0,0,0
MIDCAP.BSE_IDX,01/07/2025,12:35:49,46723,0,0,0,0,0,0
MIDCAP.BSE_IDX,01/07/2025,12:35:57,46723.19,0,0,0,0,0,0
MIDCAP.BSE_IDX,01/07/2025,12:36:05,46726.12,0,0,0,0,0,0
MIDCAP.BSE_IDX,01/07/2025,12:36:13,46726.31,0,0,0,0,0,0
MIDCAP.BSE_IDX,01/07/2025,12:36:21,46727.58,0,0,0,0,0,0
MIDCAP.BSE_IDX,01/07/2025,12:36:29,46728.55,0,0,0,0,0,0
MIDCAP.BSE_IDX,01/07/2025,12:36:37,46729.65,0,0,0,0,0,0
MIDCAP.BSE_IDX,01/07/2025,12:36:45,46729.26,0,0,0,0,0,0
MIDCAP.BSE_IDX,01/07/2025,12:36:53,46728.28,0,0,0,0,0,0
MIDCAP.BSE_IDX,01/07/2025,12:37:01,46728.22,0,0,0,0,0,0
MIDCAP.BSE_IDX,01/07/2025,12:37:09,46730,0,0,0,0,0,0
MIDCAP.BSE_IDX,01/07/2025,12:37:17,46731.17,0,0,0,0,0,0
MIDCAP.BSE_IDX,01/07/2025,12:37:25,46730.29,0,0,0,0,0,0
MIDCAP.BSE_IDX,01/07/2025,12:37:33,46727.06,0,0,0,0,0,0
MIDCAP.BSE_IDX,01/07/2025,12:37:41,46725.09,0,0,0,0,0,0
MIDCAP.BSE_IDX,01/07/2025,12:37:49,46720.23,0,0,0,0,0,0
MIDCAP.BSE_IDX,01/07/2025,12:37:57,46719.72,0,0,0,0,0,0
MIDCAP.BSE_IDX,01/07/2025,12:38:05,46718.01,0,0,0,0,0,0
MIDCAP.BSE_IDX,01/07/2025,12:38:13,46715.32,0,0,0,0,0,0
MIDCAP.BSE_IDX,01/07/2025,12:38:22,46715.65,0,0,0,0,0,0
MIDCAP.BSE_IDX,01/07/2025,12:38:29,46714.86,0,0,0,0,0,0
MIDCAP.BSE_IDX,01/07/2025,12:38:39,46718.54,0,0,0,0,0,0
MIDCAP.BSE_IDX,01/07/2025,12:38:45,46720.46,0,0,0,0,0,0
MIDCAP.BSE_IDX,01/07/2025,12:38:53,46722.14,0,0,0,0,0,0
MIDCAP.BSE_IDX,01/07/2025,12:39:01,46721.28,0,0,0,0,0,0
MIDCAP.BSE_IDX,01/07/2025,12:39:10,46720.78,0,0,0,0,0,0
MIDCAP.BSE_IDX,01/07/2025,12:39:17,46721.34,0,0,0,0,0,0
MIDCAP.BSE_IDX,01/07/2025,12:39:25,46722.46,0,0,0,0,0,0
MIDCAP.BSE_IDX,01/07/2025,12:39:34,46724.01,0,0,0,0,0,0
MIDCAP.BSE_IDX,01/07/2025,12:39:42,46727.27,0,0,0,0,0,0
MIDCAP.BSE_IDX,01/07/2025,12:39:49,46730.15,0,0,0,0,0,0
MIDCAP.BSE_IDX,01/07/2025,12:39:57,46729.26,0,0,0,0,0,0
MIDCAP.BSE_IDX,01/07/2025,12:40:05,46731.92,0,0,0,0,0,0
MIDCAP.BSE_IDX,01/07/2025,12:40:14,46732.82,0,0,0,0,0,0
MIDCAP.BSE_IDX,01/07/2025,12:40:21,46732.43,0,0,0,0,0,0
MIDCAP.BSE_IDX,01/07/2025,12:40:29,46733.04,0,0,0,0,0,0
MIDCAP.BSE_IDX,01/07/2025,12:40:37,46732.63,0,0,0,0,0,0
MIDCAP.BSE_IDX,01/07/2025,12:40:45,46732.99,0,0,0,0,0,0
MIDCAP.BSE_IDX,01/07/2025,12:40:54,46731.1,0,0,0,0,0,0
MIDCAP.BSE_IDX,01/07/2025,12:41:01,46731.09,0,0,0,0,0,0
MIDCAP.BSE_IDX,01/07/2025,12:41:09,46730.04,0,0,0,0,0,0
MIDCAP.BSE_IDX,01/07/2025,12:41:17,46728.23,0,0,0,0,0,0
MIDCAP.BSE_IDX,01/07/2025,12:41:25,46727.85,0,0,0,0,0,0
MIDCAP.BSE_IDX,01/07/2025,12:41:33,46728.39,0,0,0,0,0,0
MIDCAP.BSE_IDX,01/07/2025,12:41:41,46730.08,0,0,0,0,0,0
MIDCAP.BSE_IDX,01/07/2025,12:41:49,46729.67,0,0,0,0,0,0
MIDCAP.BSE_IDX,01/07/2025,12:41:57,46731.78,0,0,0,0,0,0
MIDCAP.BSE_IDX,01/07/2025,12:42:05,46732.03,0,0,0,0,0,0
MIDCAP.BSE_IDX,01/07/2025,12:42:13,46730.51,0,0,0,0,0,0
MIDCAP.BSE_IDX,01/07/2025,12:42:21,46729.91,0,0,0,0,0,0
MIDCAP.BSE_IDX,01/07/2025,12:42:29,46730.84,0,0,0,0,0,0
MIDCAP.BSE_IDX,01/07/2025,12:42:37,46733.27,0,0,0,0,0,0
MIDCAP.BSE_IDX,01/07/2025,12:42:45,46734.06,0,0,0,0,0,0
MIDCAP.BSE_IDX,01/07/2025,12:42:53,46735.87,0,0,0,0,0,0
MIDCAP.BSE_IDX,01/07/2025,12:43:01,46737.29,0,0,0,0,0,0
MIDCAP.BSE_IDX,01/07/2025,12:43:10,46735.93,0,0,0,0,0,0
MIDCAP.BSE_IDX,01/07/2025,12:43:17,46734.14,0,0,0,0,0,0
MIDCAP.BSE_IDX,01/07/2025,12:43:26,46734.41,0,0,0,0,0,0
MIDCAP.BSE_IDX,01/07/2025,12:43:33,46736.52,0,0,0,0,0,0
MIDCAP.BSE_IDX,01/07/2025,12:43:41,46736.84,0,0,0,0,0,0
MIDCAP.BSE_IDX,01/07/2025,12:43:49,46737.46,0,0,0,0,0,0
MIDCAP.BSE_IDX,01/07/2025,12:43:58,46736.15,0,0,0,0,0,0
MIDCAP.BSE_IDX,01/07/2025,12:44:05,46730.89,0,0,0,0,0,0
MIDCAP.BSE_IDX,01/07/2025,12:44:14,46725.87,0,0,0,0,0,0
MIDCAP.BSE_IDX,01/07/2025,12:44:21,46721.73,0,0,0,0,0,0
MIDCAP.BSE_IDX,01/07/2025,12:44:29,46718.3,0,0,0,0,0,0
MIDCAP.BSE_IDX,01/07/2025,12:44:38,46720.53,0,0,0,0,0,0
MIDCAP.BSE_IDX,01/07/2025,12:44:45,46721.59,0,0,0,0,0,0
MIDCAP.BSE_IDX,01/07/2025,12:44:53,46720.84,0,0,0,0,0,0
MIDCAP.BSE_IDX,01/07/2025,12:45:01,46720.33,0,0,0,0,0,0
MIDCAP.BSE_IDX,01/07/2025,12:45:11,46715.97,0,0,0,0,0,0
MIDCAP.BSE_IDX,01/07/2025,12:45:17,46716.24,0,0,0,0,0,0
MIDCAP.BSE_IDX,01/07/2025,12:45:25,46718.61,0,0,0,0,0,0
MIDCAP.BSE_IDX,01/07/2025,12:45:34,46719.73,0,0,0,0,0,0
MIDCAP.BSE_IDX,01/07/2025,12:45:42,46717.97,0,0,0,0,0,0
MIDCAP.BSE_IDX,01/07/2025,12:45:50,46715.84,0,0,0,0,0,0
MIDCAP.BSE_IDX,01/07/2025,12:45:58,46714.71,0,0,0,0,0,0
MIDCAP.BSE_IDX,01/07/2025,12:46:06,46715.37,0,0,0,0,0,0
MIDCAP.BSE_IDX,01/07/2025,12:46:14,46714.66,0,0,0,0,0,0
MIDCAP.BSE_IDX,01/07/2025,12:46:22,46710.74,0,0,0,0,0,0
MIDCAP.BSE_IDX,01/07/2025,12:46:30,46708.12,0,0,0,0,0,0
MIDCAP.BSE_IDX,01/07/2025,12:46:38,46705.95,0,0,0,0,0,0
MIDCAP.BSE_IDX,01/07/2025,12:46:46,46706.31,0,0,0,0,0,0
MIDCAP.BSE_IDX,01/07/2025,12:46:54,46702.88,0,0,0,0,0,0
MIDCAP.BSE_IDX,01/07/2025,12:47:02,46703.77,0,0,0,0,0,0
MIDCAP.BSE_IDX,01/07/2025,12:47:10,46703.27,0,0,0,0,0,0
MIDCAP.BSE_IDX,01/07/2025,12:47:18,46704.12,0,0,0,0,0,0
MIDCAP.BSE_IDX,01/07/2025,12:47:26,46704.31,0,0,0,0,0,0
MIDCAP.BSE_IDX,01/07/2025,12:47:34,46704.97,0,0,0,0,0,0
MIDCAP.BSE_IDX,01/07/2025,12:47:42,46703.75,0,0,0,0,0,0
MIDCAP.BSE_IDX,01/07/2025,12:47:50,46703.97,0,0,0,0,0,0
MIDCAP.BSE_IDX,01/07/2025,12:47:58,46703.2,0,0,0,0,0,0
MIDCAP.BSE_IDX,01/07/2025,12:48:06,46702.59,0,0,0,0,0,0
MIDCAP.BSE_IDX,01/07/2025,12:48:14,46704.32,0,0,0,0,0,0
MIDCAP.BSE_IDX,01/07/2025,12:48:22,46705.37,0,0,0,0,0,0
MIDCAP.BSE_IDX,01/07/2025,12:48:30,46707.12,0,0,0,0,0,0
MIDCAP.BSE_IDX,01/07/2025,12:48:38,46708.91,0,0,0,0,0,0
MIDCAP.BSE_IDX,01/07/2025,12:48:46,46707.5,0,0,0,0,0,0
MIDCAP.BSE_IDX,01/07/2025,12:48:54,46705.08,0,0,0,0,0,0
MIDCAP.BSE_IDX,01/07/2025,12:49:02,46705.2,0,0,0,0,0,0
MIDCAP.BSE_IDX,01/07/2025,12:49:10,46704.44,0,0,0,0,0,0
MIDCAP.BSE_IDX,01/07/2025,12:49:18,46702.34,0,0,0,0,0,0
MIDCAP.BSE_IDX,01/07/2025,12:49:26,46701.03,0,0,0,0,0,0
MIDCAP.BSE_IDX,01/07/2025,12:49:34,46699.01,0,0,0,0,0,0
MIDCAP.BSE_IDX,01/07/2025,12:49:42,46700.07,0,0,0,0,0,0
MIDCAP.BSE_IDX,01/07/2025,12:49:50,46704.42,0,0,0,0,0,0
MIDCAP.BSE_IDX,01/07/2025,12:49:58,46705.08,0,0,0,0,0,0
MIDCAP.BSE_IDX,01/07/2025,12:50:06,46706.65,0,0,0,0,0,0
MIDCAP.BSE_IDX,01/07/2025,12:50:14,46705.44,0,0,0,0,0,0
MIDCAP.BSE_IDX,01/07/2025,12:50:22,46702.18,0,0,0,0,0,0
MIDCAP.BSE_IDX,01/07/2025,12:50:30,46703.27,0,0,0,0,0,0
MIDCAP.BSE_IDX,01/07/2025,12:50:38,46704.67,0,0,0,0,0,0
MIDCAP.BSE_IDX,01/07/2025,12:50:47,46704.12,0,0,0,0,0,0
MIDCAP.BSE_IDX,01/07/2025,12:50:54,46706.96,0,0,0,0,0,0
MIDCAP.BSE_IDX,01/07/2025,12:51:02,46704.98,0,0,0,0,0,0
MIDCAP.BSE_IDX,01/07/2025,12:51:10,46707.49,0,0,0,0,0,0
MIDCAP.BSE_IDX,01/07/2025,12:51:19,46705.79,0,0,0,0,0,0
MIDCAP.BSE_IDX,01/07/2025,12:51:26,46708.6,0,0,0,0,0,0
MIDCAP.BSE_IDX,01/07/2025,12:51:34,46709.24,0,0,0,0,0,0
MIDCAP.BSE_IDX,01/07/2025,12:51:42,46708.75,0,0,0,0,0,0
MIDCAP.BSE_IDX,01/07/2025,12:51:50,46710.21,0,0,0,0,0,0
MIDCAP.BSE_IDX,01/07/2025,12:51:58,46708.57,0,0,0,0,0,0
MIDCAP.BSE_IDX,01/07/2025,12:52:06,46707.15,0,0,0,0,0,0
MIDCAP.BSE_IDX,01/07/2025,12:52:14,46708.41,0,0,0,0,0,0
MIDCAP.BSE_IDX,01/07/2025,12:52:22,46707.44,0,0,0,0,0,0
MIDCAP.BSE_IDX,01/07/2025,12:52:30,46706.32,0,0,0,0,0,0
MIDCAP.BSE_IDX,01/07/2025,12:52:38,46704.71,0,0,0,0,0,0
MIDCAP.BSE_IDX,01/07/2025,12:52:46,46706.78,0,0,0,0,0,0
MIDCAP.BSE_IDX,01/07/2025,12:52:54,46710.9,0,0,0,0,0,0
MIDCAP.BSE_IDX,01/07/2025,12:53:02,46710.93,0,0,0,0,0,0
MIDCAP.BSE_IDX,01/07/2025,12:53:10,46712.97,0,0,0,0,0,0
MIDCAP.BSE_IDX,01/07/2025,12:53:18,46714.02,0,0,0,0,0,0
MIDCAP.BSE_IDX,01/07/2025,12:53:26,46712.71,0,0,0,0,0,0
MIDCAP.BSE_IDX,01/07/2025,12:53:34,46713.54,0,0,0,0,0,0
MIDCAP.BSE_IDX,01/07/2025,12:53:42,46714.05,0,0,0,0,0,0
MIDCAP.BSE_IDX,01/07/2025,12:53:50,46713.57,0,0,0,0,0,0
MIDCAP.BSE_IDX,01/07/2025,12:53:58,46714.08,0,0,0,0,0,0
MIDCAP.BSE_IDX,01/07/2025,12:54:06,46712.68,0,0,0,0,0,0
MIDCAP.BSE_IDX,01/07/2025,12:54:14,46712.99,0,0,0,0,0,0
