Ticker,Date,Time,LTP,BuyPrice,BuyQty,SellPrice,SellQty,LTQ,OpenInterest
MIDSEL.BSE_IDX,01/07/2025,09:00:07,17288.08,0,0,0,0,0,0
MIDSEL.BSE_IDX,01/07/2025,09:00:15,17251.72,0,0,0,0,0,0
MIDSEL.BSE_IDX,01/07/2025,09:00:23,17244.15,0,0,0,0,0,0
MIDSEL.BSE_IDX,01/07/2025,09:00:31,17252.89,0,0,0,0,0,0
MIDSEL.BSE_IDX,01/07/2025,09:00:39,17250.82,0,0,0,0,0,0
MIDSEL.BSE_IDX,01/07/2025,09:00:47,17177.61,0,0,0,0,0,0
MIDSEL.BSE_IDX,01/07/2025,09:00:55,17170.35,0,0,0,0,0,0
MIDSEL.BSE_IDX,01/07/2025,09:01:03,17172.06,0,0,0,0,0,0
MIDSEL.BSE_IDX,01/07/2025,09:01:11,17189.33,0,0,0,0,0,0
MIDSEL.BSE_IDX,01/07/2025,09:01:19,17204.65,0,0,0,0,0,0
MIDSEL.BSE_IDX,01/07/2025,09:01:27,17196.79,0,0,0,0,0,0
MIDSEL.BSE_IDX,01/07/2025,09:01:35,17172.39,0,0,0,0,0,0
MIDSEL.BSE_IDX,01/07/2025,09:01:43,17172.39,0,0,0,0,0,0
MIDSEL.BSE_IDX,01/07/2025,09:01:51,17179.62,0,0,0,0,0,0
MIDSEL.BSE_IDX,01/07/2025,09:01:59,17069.18,0,0,0,0,0,0
MIDSEL.BSE_IDX,01/07/2025,09:02:07,17068.88,0,0,0,0,0,0
MIDSEL.BSE_IDX,01/07/2025,09:02:15,17069.1,0,0,0,0,0,0
MIDSEL.BSE_IDX,01/07/2025,09:02:23,17069.1,0,0,0,0,0,0
MIDSEL.BSE_IDX,01/07/2025,09:02:31,17090.11,0,0,0,0,0,0
MIDSEL.BSE_IDX,01/07/2025,09:02:39,17090.54,0,0,0,0,0,0
MIDSEL.BSE_IDX,01/07/2025,09:02:47,17085.53,0,0,0,0,0,0
MIDSEL.BSE_IDX,01/07/2025,09:02:55,17085.53,0,0,0,0,0,0
MIDSEL.BSE_IDX,01/07/2025,09:03:03,17085.45,0,0,0,0,0,0
MIDSEL.BSE_IDX,01/07/2025,09:03:11,17088.07,0,0,0,0,0,0
MIDSEL.BSE_IDX,01/07/2025,09:03:19,17089.35,0,0,0,0,0,0
MIDSEL.BSE_IDX,01/07/2025,09:03:27,17092.37,0,0,0,0,0,0
MIDSEL.BSE_IDX,01/07/2025,09:03:35,17092.4,0,0,0,0,0,0
MIDSEL.BSE_IDX,01/07/2025,09:03:43,17108.67,0,0,0,0,0,0
MIDSEL.BSE_IDX,01/07/2025,09:03:51,17075.58,0,0,0,0,0,0
MIDSEL.BSE_IDX,01/07/2025,09:03:59,17091.55,0,0,0,0,0,0
MIDSEL.BSE_IDX,01/07/2025,09:04:07,17089.68,0,0,0,0,0,0
MIDSEL.BSE_IDX,01/07/2025,09:04:15,17088.5,0,0,0,0,0,0
MIDSEL.BSE_IDX,01/07/2025,09:04:23,17088.85,0,0,0,0,0,0
MIDSEL.BSE_IDX,01/07/2025,09:04:31,17094.91,0,0,0,0,0,0
MIDSEL.BSE_IDX,01/07/2025,09:04:39,17097.25,0,0,0,0,0,0
MIDSEL.BSE_IDX,01/07/2025,09:04:47,17101.77,0,0,0,0,0,0
MIDSEL.BSE_IDX,01/07/2025,09:04:55,17102.56,0,0,0,0,0,0
MIDSEL.BSE_IDX,01/07/2025,09:05:03,17105.28,0,0,0,0,0,0
MIDSEL.BSE_IDX,01/07/2025,09:05:11,17100.22,0,0,0,0,0,0
MIDSEL.BSE_IDX,01/07/2025,09:05:19,17100.41,0,0,0,0,0,0
MIDSEL.BSE_IDX,01/07/2025,09:05:27,17101.63,0,0,0,0,0,0
MIDSEL.BSE_IDX,01/07/2025,09:05:35,17101.63,0,0,0,0,0,0
MIDSEL.BSE_IDX,01/07/2025,09:05:43,17102.48,0,0,0,0,0,0
MIDSEL.BSE_IDX,01/07/2025,09:05:51,17107,0,0,0,0,0,0
MIDSEL.BSE_IDX,01/07/2025,09:05:59,17107.4,0,0,0,0,0,0
MIDSEL.BSE_IDX,01/07/2025,09:06:07,17107.4,0,0,0,0,0,0
MIDSEL.BSE_IDX,01/07/2025,09:06:15,17097.53,0,0,0,0,0,0
MIDSEL.BSE_IDX,01/07/2025,09:06:23,17099.99,0,0,0,0,0,0
MIDSEL.BSE_IDX,01/07/2025,09:06:31,17108.8,0,0,0,0,0,0
MIDSEL.BSE_IDX,01/07/2025,09:06:39,17129.94,0,0,0,0,0,0
MIDSEL.BSE_IDX,01/07/2025,09:06:47,17114.5,0,0,0,0,0,0
MIDSEL.BSE_IDX,01/07/2025,09:06:55,17112.85,0,0,0,0,0,0
MIDSEL.BSE_IDX,01/07/2025,09:07:04,17148.25,0,0,0,0,0,0
MIDSEL.BSE_IDX,01/07/2025,09:07:11,17148.25,0,0,0,0,0,0
MIDSEL.BSE_IDX,01/07/2025,09:07:19,17148.25,0,0,0,0,0,0
MIDSEL.BSE_IDX,01/07/2025,09:07:27,17148.25,0,0,0,0,0,0
MIDSEL.BSE_IDX,01/07/2025,09:07:35,17148.25,0,0,0,0,0,0
MIDSEL.BSE_IDX,01/07/2025,09:07:43,17148.25,0,0,0,0,0,0
MIDSEL.BSE_IDX,01/07/2025,09:07:51,17148.25,0,0,0,0,0,0
MIDSEL.BSE_IDX,01/07/2025,09:07:59,17148.25,0,0,0,0,0,0
MIDSEL.BSE_IDX,01/07/2025,09:08:07,17148.25,0,0,0,0,0,0
MIDSEL.BSE_IDX,01/07/2025,09:08:15,17148.25,0,0,0,0,0,0
MIDSEL.BSE_IDX,01/07/2025,09:08:23,17148.25,0,0,0,0,0,0
MIDSEL.BSE_IDX,01/07/2025,09:08:31,17148.25,0,0,0,0,0,0
MIDSEL.BSE_IDX,01/07/2025,09:08:39,17148.25,0,0,0,0,0,0
MIDSEL.BSE_IDX,01/07/2025,09:08:47,17148.25,0,0,0,0,0,0
MIDSEL.BSE_IDX,01/07/2025,09:08:55,17148.25,0,0,0,0,0,0
MIDSEL.BSE_IDX,01/07/2025,09:09:03,17148.17,0,0,0,0,0,0
MIDSEL.BSE_IDX,01/07/2025,09:09:11,17148.17,0,0,0,0,0,0
MIDSEL.BSE_IDX,01/07/2025,09:09:19,17148.17,0,0,0,0,0,0
MIDSEL.BSE_IDX,01/07/2025,09:09:27,17148.17,0,0,0,0,0,0
MIDSEL.BSE_IDX,01/07/2025,09:09:35,17148.17,0,0,0,0,0,0
MIDSEL.BSE_IDX,01/07/2025,09:09:43,17148.17,0,0,0,0,0,0
MIDSEL.BSE_IDX,01/07/2025,09:09:51,17148.17,0,0,0,0,0,0
MIDSEL.BSE_IDX,01/07/2025,09:09:59,17148.17,0,0,0,0,0,0
MIDSEL.BSE_IDX,01/07/2025,09:10:07,17148.17,0,0,0,0,0,0
MIDSEL.BSE_IDX,01/07/2025,09:10:15,17148.17,0,0,0,0,0,0
MIDSEL.BSE_IDX,01/07/2025,09:10:23,17148.17,0,0,0,0,0,0
MIDSEL.BSE_IDX,01/07/2025,09:10:31,17148.17,0,0,0,0,0,0
MIDSEL.BSE_IDX,01/07/2025,09:10:39,17148.17,0,0,0,0,0,0
MIDSEL.BSE_IDX,01/07/2025,09:10:47,17148.17,0,0,0,0,0,0
MIDSEL.BSE_IDX,01/07/2025,09:10:55,17148.17,0,0,0,0,0,0
MIDSEL.BSE_IDX,01/07/2025,09:11:03,17148.17,0,0,0,0,0,0
MIDSEL.BSE_IDX,01/07/2025,09:11:11,17148.17,0,0,0,0,0,0
MIDSEL.BSE_IDX,01/07/2025,09:11:19,17148.17,0,0,0,0,0,0
MIDSEL.BSE_IDX,01/07/2025,09:11:27,17148.17,0,0,0,0,0,0
MIDSEL.BSE_IDX,01/07/2025,09:11:35,17148.17,0,0,0,0,0,0
MIDSEL.BSE_IDX,01/07/2025,09:11:43,17148.17,0,0,0,0,0,0
MIDSEL.BSE_IDX,01/07/2025,09:11:51,17148.17,0,0,0,0,0,0
MIDSEL.BSE_IDX,01/07/2025,09:11:59,17148.17,0,0,0,0,0,0
MIDSEL.BSE_IDX,01/07/2025,09:12:07,17148.17,0,0,0,0,0,0
MIDSEL.BSE_IDX,01/07/2025,09:12:16,17148.17,0,0,0,0,0,0
MIDSEL.BSE_IDX,01/07/2025,09:12:23,17148.17,0,0,0,0,0,0
MIDSEL.BSE_IDX,01/07/2025,09:12:31,17148.17,0,0,0,0,0,0
MIDSEL.BSE_IDX,01/07/2025,09:12:39,17148.17,0,0,0,0,0,0
MIDSEL.BSE_IDX,01/07/2025,09:12:47,17148.17,0,0,0,0,0,0
MIDSEL.BSE_IDX,01/07/2025,09:12:55,17148.17,0,0,0,0,0,0
MIDSEL.BSE_IDX,01/07/2025,09:13:03,17148.17,0,0,0,0,0,0
MIDSEL.BSE_IDX,01/07/2025,09:13:11,17148.17,0,0,0,0,0,0
MIDSEL.BSE_IDX,01/07/2025,09:13:19,17148.17,0,0,0,0,0,0
MIDSEL.BSE_IDX,01/07/2025,09:13:27,17148.17,0,0,0,0,0,0
MIDSEL.BSE_IDX,01/07/2025,09:13:35,17148.17,0,0,0,0,0,0
MIDSEL.BSE_IDX,01/07/2025,09:13:43,17148.17,0,0,0,0,0,0
MIDSEL.BSE_IDX,01/07/2025,09:13:51,17148.17,0,0,0,0,0,0
MIDSEL.BSE_IDX,01/07/2025,09:13:59,17148.17,0,0,0,0,0,0
MIDSEL.BSE_IDX,01/07/2025,09:14:07,17148.17,0,0,0,0,0,0
MIDSEL.BSE_IDX,01/07/2025,09:14:15,17148.17,0,0,0,0,0,0
MIDSEL.BSE_IDX,01/07/2025,09:14:23,17148.17,0,0,0,0,0,0
MIDSEL.BSE_IDX,01/07/2025,09:14:31,17148.17,0,0,0,0,0,0
MIDSEL.BSE_IDX,01/07/2025,09:14:39,17148.17,0,0,0,0,0,0
MIDSEL.BSE_IDX,01/07/2025,09:14:47,17148.17,0,0,0,0,0,0
MIDSEL.BSE_IDX,01/07/2025,09:14:55,17148.17,0,0,0,0,0,0
MIDSEL.BSE_IDX,01/07/2025,09:15:04,17145.15,0,0,0,0,0,0
MIDSEL.BSE_IDX,01/07/2025,09:15:11,17142.88,0,0,0,0,0,0
MIDSEL.BSE_IDX,01/07/2025,09:15:19,17144.66,0,0,0,0,0,0
MIDSEL.BSE_IDX,01/07/2025,09:15:27,17126.91,0,0,0,0,0,0
MIDSEL.BSE_IDX,01/07/2025,09:15:35,17135.21,0,0,0,0,0,0
MIDSEL.BSE_IDX,01/07/2025,09:15:43,17133.46,0,0,0,0,0,0
MIDSEL.BSE_IDX,01/07/2025,09:15:51,17131.81,0,0,0,0,0,0
MIDSEL.BSE_IDX,01/07/2025,09:15:59,17122.08,0,0,0,0,0,0
MIDSEL.BSE_IDX,01/07/2025,09:16:07,17123.86,0,0,0,0,0,0
MIDSEL.BSE_IDX,01/07/2025,09:16:15,17129.22,0,0,0,0,0,0
MIDSEL.BSE_IDX,01/07/2025,09:16:24,17129.26,0,0,0,0,0,0
MIDSEL.BSE_IDX,01/07/2025,09:16:31,17135.2,0,0,0,0,0,0
MIDSEL.BSE_IDX,01/07/2025,09:16:39,17135.37,0,0,0,0,0,0
MIDSEL.BSE_IDX,01/07/2025,09:16:48,17137.08,0,0,0,0,0,0
MIDSEL.BSE_IDX,01/07/2025,09:16:55,17137.23,0,0,0,0,0,0
MIDSEL.BSE_IDX,01/07/2025,09:17:03,17136.48,0,0,0,0,0,0
MIDSEL.BSE_IDX,01/07/2025,09:17:12,17133.81,0,0,0,0,0,0
MIDSEL.BSE_IDX,01/07/2025,09:17:19,17132.06,0,0,0,0,0,0
MIDSEL.BSE_IDX,01/07/2025,09:17:27,17134.75,0,0,0,0,0,0
MIDSEL.BSE_IDX,01/07/2025,09:17:35,17136.49,0,0,0,0,0,0
MIDSEL.BSE_IDX,01/07/2025,09:17:44,17139.4,0,0,0,0,0,0
MIDSEL.BSE_IDX,01/07/2025,09:17:51,17135.21,0,0,0,0,0,0
MIDSEL.BSE_IDX,01/07/2025,09:17:59,17138.86,0,0,0,0,0,0
MIDSEL.BSE_IDX,01/07/2025,09:18:07,17136,0,0,0,0,0,0
MIDSEL.BSE_IDX,01/07/2025,09:18:15,17133.1,0,0,0,0,0,0
MIDSEL.BSE_IDX,01/07/2025,09:18:23,17130.77,0,0,0,0,0,0
MIDSEL.BSE_IDX,01/07/2025,09:18:31,17126.03,0,0,0,0,0,0
MIDSEL.BSE_IDX,01/07/2025,09:18:39,17128.65,0,0,0,0,0,0
MIDSEL.BSE_IDX,01/07/2025,09:18:47,17127.32,0,0,0,0,0,0
MIDSEL.BSE_IDX,01/07/2025,09:18:56,17128.81,0,0,0,0,0,0
MIDSEL.BSE_IDX,01/07/2025,09:19:03,17126.12,0,0,0,0,0,0
MIDSEL.BSE_IDX,01/07/2025,09:19:11,17122.16,0,0,0,0,0,0
MIDSEL.BSE_IDX,01/07/2025,09:19:19,17123.87,0,0,0,0,0,0
MIDSEL.BSE_IDX,01/07/2025,09:19:28,17126.38,0,0,0,0,0,0
MIDSEL.BSE_IDX,01/07/2025,09:19:35,17129.67,0,0,0,0,0,0
MIDSEL.BSE_IDX,01/07/2025,09:19:43,17130.78,0,0,0,0,0,0
MIDSEL.BSE_IDX,01/07/2025,09:19:52,17129.13,0,0,0,0,0,0
MIDSEL.BSE_IDX,01/07/2025,09:19:59,17128.91,0,0,0,0,0,0
MIDSEL.BSE_IDX,01/07/2025,09:20:07,17126.66,0,0,0,0,0,0
MIDSEL.BSE_IDX,01/07/2025,09:20:15,17126.84,0,0,0,0,0,0
MIDSEL.BSE_IDX,01/07/2025,09:20:24,17121.03,0,0,0,0,0,0
MIDSEL.BSE_IDX,01/07/2025,09:20:31,17124.28,0,0,0,0,0,0
MIDSEL.BSE_IDX,01/07/2025,09:20:39,17124.16,0,0,0,0,0,0
MIDSEL.BSE_IDX,01/07/2025,09:20:47,17124.58,0,0,0,0,0,0
MIDSEL.BSE_IDX,01/07/2025,09:20:55,17124.41,0,0,0,0,0,0
MIDSEL.BSE_IDX,01/07/2025,09:21:03,17124.02,0,0,0,0,0,0
MIDSEL.BSE_IDX,01/07/2025,09:21:11,17124.68,0,0,0,0,0,0
MIDSEL.BSE_IDX,01/07/2025,09:21:19,17133.55,0,0,0,0,0,0
MIDSEL.BSE_IDX,01/07/2025,09:21:27,17133.57,0,0,0,0,0,0
MIDSEL.BSE_IDX,01/07/2025,09:21:36,17134.85,0,0,0,0,0,0
MIDSEL.BSE_IDX,01/07/2025,09:21:43,17131.37,0,0,0,0,0,0
MIDSEL.BSE_IDX,01/07/2025,09:21:51,17130.49,0,0,0,0,0,0
MIDSEL.BSE_IDX,01/07/2025,09:21:59,17129.58,0,0,0,0,0,0
MIDSEL.BSE_IDX,01/07/2025,09:22:07,17130.2,0,0,0,0,0,0
MIDSEL.BSE_IDX,01/07/2025,09:22:15,17127.59,0,0,0,0,0,0
MIDSEL.BSE_IDX,01/07/2025,09:22:23,17127.53,0,0,0,0,0,0
MIDSEL.BSE_IDX,01/07/2025,09:22:31,17130.07,0,0,0,0,0,0
MIDSEL.BSE_IDX,01/07/2025,09:22:39,17129.14,0,0,0,0,0,0
MIDSEL.BSE_IDX,01/07/2025,09:22:47,17128.34,0,0,0,0,0,0
MIDSEL.BSE_IDX,01/07/2025,09:22:55,17127.05,0,0,0,0,0,0
MIDSEL.BSE_IDX,01/07/2025,09:23:03,17129.31,0,0,0,0,0,0
MIDSEL.BSE_IDX,01/07/2025,09:23:11,17130.41,0,0,0,0,0,0
MIDSEL.BSE_IDX,01/07/2025,09:23:19,17131.13,0,0,0,0,0,0
MIDSEL.BSE_IDX,01/07/2025,09:23:27,17134.03,0,0,0,0,0,0
MIDSEL.BSE_IDX,01/07/2025,09:23:35,17133.88,0,0,0,0,0,0
MIDSEL.BSE_IDX,01/07/2025,09:23:44,17134.82,0,0,0,0,0,0
MIDSEL.BSE_IDX,01/07/2025,09:23:51,17133.92,0,0,0,0,0,0
MIDSEL.BSE_IDX,01/07/2025,09:23:59,17135.03,0,0,0,0,0,0
MIDSEL.BSE_IDX,01/07/2025,09:24:08,17137.79,0,0,0,0,0,0
MIDSEL.BSE_IDX,01/07/2025,09:24:15,17137.3,0,0,0,0,0,0
MIDSEL.BSE_IDX,01/07/2025,09:24:23,17136.56,0,0,0,0,0,0
MIDSEL.BSE_IDX,01/07/2025,09:24:32,17137.25,0,0,0,0,0,0
MIDSEL.BSE_IDX,01/07/2025,09:24:39,17139.74,0,0,0,0,0,0
MIDSEL.BSE_IDX,01/07/2025,09:24:48,17140.04,0,0,0,0,0,0
MIDSEL.BSE_IDX,01/07/2025,09:24:57,17140.83,0,0,0,0,0,0
MIDSEL.BSE_IDX,01/07/2025,09:25:03,17143.02,0,0,0,0,0,0
MIDSEL.BSE_IDX,01/07/2025,09:25:12,17137.98,0,0,0,0,0,0
MIDSEL.BSE_IDX,01/07/2025,09:25:19,17136.18,0,0,0,0,0,0
MIDSEL.BSE_IDX,01/07/2025,09:25:29,17131.61,0,0,0,0,0,0
MIDSEL.BSE_IDX,01/07/2025,09:25:35,17130.45,0,0,0,0,0,0
MIDSEL.BSE_IDX,01/07/2025,09:25:43,17128.45,0,0,0,0,0,0
MIDSEL.BSE_IDX,01/07/2025,09:25:51,17127.19,0,0,0,0,0,0
MIDSEL.BSE_IDX,01/07/2025,09:25:59,17128.41,0,0,0,0,0,0
MIDSEL.BSE_IDX,01/07/2025,09:26:08,17130.73,0,0,0,0,0,0
MIDSEL.BSE_IDX,01/07/2025,09:26:15,17133.3,0,0,0,0,0,0
MIDSEL.BSE_IDX,01/07/2025,09:26:24,17132.76,0,0,0,0,0,0
MIDSEL.BSE_IDX,01/07/2025,09:26:31,17131.79,0,0,0,0,0,0
MIDSEL.BSE_IDX,01/07/2025,09:26:39,17133.87,0,0,0,0,0,0
MIDSEL.BSE_IDX,01/07/2025,09:26:48,17133.05,0,0,0,0,0,0
MIDSEL.BSE_IDX,01/07/2025,09:26:55,17133.35,0,0,0,0,0,0
MIDSEL.BSE_IDX,01/07/2025,09:27:04,17135.36,0,0,0,0,0,0
MIDSEL.BSE_IDX,01/07/2025,09:27:12,17133.78,0,0,0,0,0,0
MIDSEL.BSE_IDX,01/07/2025,09:27:19,17133.76,0,0,0,0,0,0
MIDSEL.BSE_IDX,01/07/2025,09:27:28,17135.56,0,0,0,0,0,0
MIDSEL.BSE_IDX,01/07/2025,09:27:36,17135.56,0,0,0,0,0,0
MIDSEL.BSE_IDX,01/07/2025,09:27:44,17133.15,0,0,0,0,0,0
MIDSEL.BSE_IDX,01/07/2025,09:27:51,17135.55,0,0,0,0,0,0
MIDSEL.BSE_IDX,01/07/2025,09:28:00,17135.47,0,0,0,0,0,0
MIDSEL.BSE_IDX,01/07/2025,09:28:08,17134.62,0,0,0,0,0,0
MIDSEL.BSE_IDX,01/07/2025,09:28:16,17130.18,0,0,0,0,0,0
MIDSEL.BSE_IDX,01/07/2025,09:28:24,17127.23,0,0,0,0,0,0
MIDSEL.BSE_IDX,01/07/2025,09:28:32,17126.88,0,0,0,0,0,0
MIDSEL.BSE_IDX,01/07/2025,09:28:40,17126.99,0,0,0,0,0,0
MIDSEL.BSE_IDX,01/07/2025,09:28:48,17129.6,0,0,0,0,0,0
MIDSEL.BSE_IDX,01/07/2025,09:28:56,17128.72,0,0,0,0,0,0
MIDSEL.BSE_IDX,01/07/2025,09:29:04,17125.3,0,0,0,0,0,0
MIDSEL.BSE_IDX,01/07/2025,09:29:12,17123.49,0,0,0,0,0,0
MIDSEL.BSE_IDX,01/07/2025,09:29:20,17124.98,0,0,0,0,0,0
MIDSEL.BSE_IDX,01/07/2025,09:29:28,17122.52,0,0,0,0,0,0
MIDSEL.BSE_IDX,01/07/2025,09:29:36,17123.83,0,0,0,0,0,0
MIDSEL.BSE_IDX,01/07/2025,09:29:44,17124.86,0,0,0,0,0,0
MIDSEL.BSE_IDX,01/07/2025,09:29:52,17125.64,0,0,0,0,0,0
MIDSEL.BSE_IDX,01/07/2025,09:30:00,17128.74,0,0,0,0,0,0
MIDSEL.BSE_IDX,01/07/2025,09:30:08,17131.32,0,0,0,0,0,0
MIDSEL.BSE_IDX,01/07/2025,09:30:16,17134.17,0,0,0,0,0,0
MIDSEL.BSE_IDX,01/07/2025,09:30:24,17136.08,0,0,0,0,0,0
MIDSEL.BSE_IDX,01/07/2025,09:30:32,17136.69,0,0,0,0,0,0
MIDSEL.BSE_IDX,01/07/2025,09:30:40,17136.12,0,0,0,0,0,0
MIDSEL.BSE_IDX,01/07/2025,09:30:48,17133.61,0,0,0,0,0,0
MIDSEL.BSE_IDX,01/07/2025,09:30:56,17129.86,0,0,0,0,0,0
MIDSEL.BSE_IDX,01/07/2025,09:31:04,17130.62,0,0,0,0,0,0
MIDSEL.BSE_IDX,01/07/2025,09:31:12,17128.52,0,0,0,0,0,0
MIDSEL.BSE_IDX,01/07/2025,09:31:20,17125.36,0,0,0,0,0,0
MIDSEL.BSE_IDX,01/07/2025,09:31:28,17124.84,0,0,0,0,0,0
MIDSEL.BSE_IDX,01/07/2025,09:31:36,17126.32,0,0,0,0,0,0
MIDSEL.BSE_IDX,01/07/2025,09:31:44,17124.09,0,0,0,0,0,0
MIDSEL.BSE_IDX,01/07/2025,09:31:52,17125.04,0,0,0,0,0,0
MIDSEL.BSE_IDX,01/07/2025,09:32:00,17124.45,0,0,0,0,0,0
MIDSEL.BSE_IDX,01/07/2025,09:32:08,17124.31,0,0,0,0,0,0
MIDSEL.BSE_IDX,01/07/2025,09:32:16,17126.47,0,0,0,0,0,0
MIDSEL.BSE_IDX,01/07/2025,09:32:24,17128.02,0,0,0,0,0,0
MIDSEL.BSE_IDX,01/07/2025,09:32:32,17127.91,0,0,0,0,0,0
MIDSEL.BSE_IDX,01/07/2025,09:32:40,17127.11,0,0,0,0,0,0
MIDSEL.BSE_IDX,01/07/2025,09:32:48,17130.8,0,0,0,0,0,0
MIDSEL.BSE_IDX,01/07/2025,09:32:56,17134.75,0,0,0,0,0,0
MIDSEL.BSE_IDX,01/07/2025,09:33:04,17135.8,0,0,0,0,0,0
MIDSEL.BSE_IDX,01/07/2025,09:33:12,17137.18,0,0,0,0,0,0
MIDSEL.BSE_IDX,01/07/2025,09:33:20,17138.01,0,0,0,0,0,0
MIDSEL.BSE_IDX,01/07/2025,09:33:28,17138.3,0,0,0,0,0,0
MIDSEL.BSE_IDX,01/07/2025,09:33:36,17139.38,0,0,0,0,0,0
MIDSEL.BSE_IDX,01/07/2025,09:33:44,17136.78,0,0,0,0,0,0
MIDSEL.BSE_IDX,01/07/2025,09:33:52,17136.55,0,0,0,0,0,0
MIDSEL.BSE_IDX,01/07/2025,09:34:00,17137.64,0,0,0,0,0,0
MIDSEL.BSE_IDX,01/07/2025,09:34:08,17138,0,0,0,0,0,0
MIDSEL.BSE_IDX,01/07/2025,09:34:16,17135.61,0,0,0,0,0,0
MIDSEL.BSE_IDX,01/07/2025,09:34:24,17137.3,0,0,0,0,0,0
MIDSEL.BSE_IDX,01/07/2025,09:34:32,17141.84,0,0,0,0,0,0
MIDSEL.BSE_IDX,01/07/2025,09:34:40,17142.38,0,0,0,0,0,0
MIDSEL.BSE_IDX,01/07/2025,09:34:48,17143.76,0,0,0,0,0,0
MIDSEL.BSE_IDX,01/07/2025,09:34:56,17144.68,0,0,0,0,0,0
MIDSEL.BSE_IDX,01/07/2025,09:35:05,17143.9,0,0,0,0,0,0
MIDSEL.BSE_IDX,01/07/2025,09:35:12,17141.31,0,0,0,0,0,0
MIDSEL.BSE_IDX,01/07/2025,09:35:20,17138.63,0,0,0,0,0,0
MIDSEL.BSE_IDX,01/07/2025,09:35:28,17139.35,0,0,0,0,0,0
MIDSEL.BSE_IDX,01/07/2025,09:35:36,17140.02,0,0,0,0,0,0
MIDSEL.BSE_IDX,01/07/2025,09:35:44,17138.33,0,0,0,0,0,0
MIDSEL.BSE_IDX,01/07/2025,09:35:52,17139.37,0,0,0,0,0,0
MIDSEL.BSE_IDX,01/07/2025,09:36:00,17140.38,0,0,0,0,0,0
MIDSEL.BSE_IDX,01/07/2025,09:36:08,17138.09,0,0,0,0,0,0
MIDSEL.BSE_IDX,01/07/2025,09:36:16,17137.12,0,0,0,0,0,0
MIDSEL.BSE_IDX,01/07/2025,09:36:24,17136.03,0,0,0,0,0,0
MIDSEL.BSE_IDX,01/07/2025,09:36:33,17133.71,0,0,0,0,0,0
MIDSEL.BSE_IDX,01/07/2025,09:36:40,17134.93,0,0,0,0,0,0
MIDSEL.BSE_IDX,01/07/2025,09:36:48,17134.03,0,0,0,0,0,0
MIDSEL.BSE_IDX,01/07/2025,09:36:56,17136.04,0,0,0,0,0,0
MIDSEL.BSE_IDX,01/07/2025,09:37:04,17134.99,0,0,0,0,0,0
MIDSEL.BSE_IDX,01/07/2025,09:37:12,17134.76,0,0,0,0,0,0
MIDSEL.BSE_IDX,01/07/2025,09:37:20,17132.01,0,0,0,0,0,0
MIDSEL.BSE_IDX,01/07/2025,09:37:28,17131.91,0,0,0,0,0,0
MIDSEL.BSE_IDX,01/07/2025,09:37:36,17128.63,0,0,0,0,0,0
MIDSEL.BSE_IDX,01/07/2025,09:37:44,17127.25,0,0,0,0,0,0
MIDSEL.BSE_IDX,01/07/2025,09:37:52,17125.45,0,0,0,0,0,0
MIDSEL.BSE_IDX,01/07/2025,09:38:00,17126.91,0,0,0,0,0,0
MIDSEL.BSE_IDX,01/07/2025,09:38:08,17126.42,0,0,0,0,0,0
MIDSEL.BSE_IDX,01/07/2025,09:38:16,17123.55,0,0,0,0,0,0
MIDSEL.BSE_IDX,01/07/2025,09:38:24,17123.85,0,0,0,0,0,0
MIDSEL.BSE_IDX,01/07/2025,09:38:32,17120.33,0,0,0,0,0,0
MIDSEL.BSE_IDX,01/07/2025,09:38:40,17116.16,0,0,0,0,0,0
MIDSEL.BSE_IDX,01/07/2025,09:38:48,17119.94,0,0,0,0,0,0
MIDSEL.BSE_IDX,01/07/2025,09:38:56,17119.35,0,0,0,0,0,0
MIDSEL.BSE_IDX,01/07/2025,09:39:04,17117.85,0,0,0,0,0,0
MIDSEL.BSE_IDX,01/07/2025,09:39:12,17117.59,0,0,0,0,0,0
MIDSEL.BSE_IDX,01/07/2025,09:39:20,17120.32,0,0,0,0,0,0
MIDSEL.BSE_IDX,01/07/2025,09:39:28,17120.58,0,0,0,0,0,0
MIDSEL.BSE_IDX,01/07/2025,09:39:36,17119.11,0,0,0,0,0,0
MIDSEL.BSE_IDX,01/07/2025,09:39:44,17121.6,0,0,0,0,0,0
MIDSEL.BSE_IDX,01/07/2025,09:39:52,17122.63,0,0,0,0,0,0
MIDSEL.BSE_IDX,01/07/2025,09:40:00,17122.97,0,0,0,0,0,0
MIDSEL.BSE_IDX,01/07/2025,09:40:08,17125.33,0,0,0,0,0,0
MIDSEL.BSE_IDX,01/07/2025,09:40:16,17127.1,0,0,0,0,0,0
MIDSEL.BSE_IDX,01/07/2025,09:40:24,17126.73,0,0,0,0,0,0
MIDSEL.BSE_IDX,01/07/2025,09:40:32,17126.3,0,0,0,0,0,0
MIDSEL.BSE_IDX,01/07/2025,09:40:40,17124.83,0,0,0,0,0,0
MIDSEL.BSE_IDX,01/07/2025,09:40:48,17126.03,0,0,0,0,0,0
MIDSEL.BSE_IDX,01/07/2025,09:40:56,17122.38,0,0,0,0,0,0
MIDSEL.BSE_IDX,01/07/2025,09:41:04,17116.28,0,0,0,0,0,0
MIDSEL.BSE_IDX,01/07/2025,09:41:12,17115.65,0,0,0,0,0,0
MIDSEL.BSE_IDX,01/07/2025,09:41:20,17119.64,0,0,0,0,0,0
MIDSEL.BSE_IDX,01/07/2025,09:41:28,17119.94,0,0,0,0,0,0
MIDSEL.BSE_IDX,01/07/2025,09:41:36,17119.98,0,0,0,0,0,0
MIDSEL.BSE_IDX,01/07/2025,09:41:44,17120.13,0,0,0,0,0,0
MIDSEL.BSE_IDX,01/07/2025,09:41:52,17120.32,0,0,0,0,0,0
MIDSEL.BSE_IDX,01/07/2025,09:42:00,17120.32,0,0,0,0,0,0
MIDSEL.BSE_IDX,01/07/2025,09:42:08,17121.49,0,0,0,0,0,0
MIDSEL.BSE_IDX,01/07/2025,09:42:16,17120.2,0,0,0,0,0,0
MIDSEL.BSE_IDX,01/07/2025,09:42:24,17117.51,0,0,0,0,0,0
MIDSEL.BSE_IDX,01/07/2025,09:42:32,17120.35,0,0,0,0,0,0
MIDSEL.BSE_IDX,01/07/2025,09:42:40,17118.41,0,0,0,0,0,0
MIDSEL.BSE_IDX,01/07/2025,09:42:48,17120.73,0,0,0,0,0,0
MIDSEL.BSE_IDX,01/07/2025,09:42:56,17120.41,0,0,0,0,0,0
MIDSEL.BSE_IDX,01/07/2025,09:43:04,17121.46,0,0,0,0,0,0
MIDSEL.BSE_IDX,01/07/2025,09:43:12,17122.78,0,0,0,0,0,0
MIDSEL.BSE_IDX,01/07/2025,09:43:20,17120.81,0,0,0,0,0,0
MIDSEL.BSE_IDX,01/07/2025,09:43:28,17121.47,0,0,0,0,0,0
MIDSEL.BSE_IDX,01/07/2025,09:43:36,17122.96,0,0,0,0,0,0
MIDSEL.BSE_IDX,01/07/2025,09:43:44,17124.3,0,0,0,0,0,0
MIDSEL.BSE_IDX,01/07/2025,09:43:53,17122.39,0,0,0,0,0,0
MIDSEL.BSE_IDX,01/07/2025,09:44:00,17121.44,0,0,0,0,0,0
MIDSEL.BSE_IDX,01/07/2025,09:44:08,17119.73,0,0,0,0,0,0
MIDSEL.BSE_IDX,01/07/2025,09:44:16,17115.93,0,0,0,0,0,0
MIDSEL.BSE_IDX,01/07/2025,09:44:24,17114.3,0,0,0,0,0,0
MIDSEL.BSE_IDX,01/07/2025,09:44:32,17116.83,0,0,0,0,0,0
MIDSEL.BSE_IDX,01/07/2025,09:44:40,17117.14,0,0,0,0,0,0
MIDSEL.BSE_IDX,01/07/2025,09:44:48,17115.37,0,0,0,0,0,0
MIDSEL.BSE_IDX,01/07/2025,09:44:56,17111.1,0,0,0,0,0,0
MIDSEL.BSE_IDX,01/07/2025,09:45:05,17112.1,0,0,0,0,0,0
MIDSEL.BSE_IDX,01/07/2025,09:45:12,17108.46,0,0,0,0,0,0
MIDSEL.BSE_IDX,01/07/2025,09:45:20,17103.32,0,0,0,0,0,0
MIDSEL.BSE_IDX,01/07/2025,09:45:28,17103.62,0,0,0,0,0,0
MIDSEL.BSE_IDX,01/07/2025,09:45:36,17102.07,0,0,0,0,0,0
MIDSEL.BSE_IDX,01/07/2025,09:45:44,17098.71,0,0,0,0,0,0
MIDSEL.BSE_IDX,01/07/2025,09:45:52,17100.17,0,0,0,0,0,0
MIDSEL.BSE_IDX,01/07/2025,09:46:01,17101.13,0,0,0,0,0,0
MIDSEL.BSE_IDX,01/07/2025,09:46:08,17100.47,0,0,0,0,0,0
MIDSEL.BSE_IDX,01/07/2025,09:46:16,17101.12,0,0,0,0,0,0
MIDSEL.BSE_IDX,01/07/2025,09:46:24,17101.12,0,0,0,0,0,0
MIDSEL.BSE_IDX,01/07/2025,09:46:32,17100.36,0,0,0,0,0,0
MIDSEL.BSE_IDX,01/07/2025,09:46:40,17100.12,0,0,0,0,0,0
MIDSEL.BSE_IDX,01/07/2025,09:46:48,17099.12,0,0,0,0,0,0
MIDSEL.BSE_IDX,01/07/2025,09:46:56,17098.68,0,0,0,0,0,0
MIDSEL.BSE_IDX,01/07/2025,09:47:04,17098.57,0,0,0,0,0,0
MIDSEL.BSE_IDX,01/07/2025,09:47:12,17098.6,0,0,0,0,0,0
MIDSEL.BSE_IDX,01/07/2025,09:47:20,17098.03,0,0,0,0,0,0
MIDSEL.BSE_IDX,01/07/2025,09:47:28,17097.45,0,0,0,0,0,0
MIDSEL.BSE_IDX,01/07/2025,09:47:36,17095.69,0,0,0,0,0,0
MIDSEL.BSE_IDX,01/07/2025,09:47:44,17095.58,0,0,0,0,0,0
MIDSEL.BSE_IDX,01/07/2025,09:47:52,17093.78,0,0,0,0,0,0
MIDSEL.BSE_IDX,01/07/2025,09:48:00,17094.94,0,0,0,0,0,0
MIDSEL.BSE_IDX,01/07/2025,09:48:08,17097.38,0,0,0,0,0,0
MIDSEL.BSE_IDX,01/07/2025,09:48:16,17101.29,0,0,0,0,0,0
MIDSEL.BSE_IDX,01/07/2025,09:48:24,17103.56,0,0,0,0,0,0
MIDSEL.BSE_IDX,01/07/2025,09:48:32,17104.81,0,0,0,0,0,0
MIDSEL.BSE_IDX,01/07/2025,09:48:40,17103.43,0,0,0,0,0,0
MIDSEL.BSE_IDX,01/07/2025,09:48:48,17106.04,0,0,0,0,0,0
MIDSEL.BSE_IDX,01/07/2025,09:48:56,17106.11,0,0,0,0,0,0
MIDSEL.BSE_IDX,01/07/2025,09:49:04,17105.61,0,0,0,0,0,0
MIDSEL.BSE_IDX,01/07/2025,09:49:12,17105.14,0,0,0,0,0,0
MIDSEL.BSE_IDX,01/07/2025,09:49:20,17104.19,0,0,0,0,0,0
MIDSEL.BSE_IDX,01/07/2025,09:49:28,17101.16,0,0,0,0,0,0
MIDSEL.BSE_IDX,01/07/2025,09:49:36,17100.37,0,0,0,0,0,0
MIDSEL.BSE_IDX,01/07/2025,09:49:44,17101.97,0,0,0,0,0,0
MIDSEL.BSE_IDX,01/07/2025,09:49:52,17101.25,0,0,0,0,0,0
MIDSEL.BSE_IDX,01/07/2025,09:50:00,17102.35,0,0,0,0,0,0
MIDSEL.BSE_IDX,01/07/2025,09:50:08,17102.4,0,0,0,0,0,0
MIDSEL.BSE_IDX,01/07/2025,09:50:16,17104.89,0,0,0,0,0,0
MIDSEL.BSE_IDX,01/07/2025,09:50:24,17103.86,0,0,0,0,0,0
MIDSEL.BSE_IDX,01/07/2025,09:50:32,17103.72,0,0,0,0,0,0
MIDSEL.BSE_IDX,01/07/2025,09:50:40,17100.55,0,0,0,0,0,0
MIDSEL.BSE_IDX,01/07/2025,09:50:48,17098.39,0,0,0,0,0,0
MIDSEL.BSE_IDX,01/07/2025,09:50:57,17095.62,0,0,0,0,0,0
MIDSEL.BSE_IDX,01/07/2025,09:51:04,17094.48,0,0,0,0,0,0
MIDSEL.BSE_IDX,01/07/2025,09:51:12,17093.32,0,0,0,0,0,0
MIDSEL.BSE_IDX,01/07/2025,09:51:20,17091.42,0,0,0,0,0,0
MIDSEL.BSE_IDX,01/07/2025,09:51:28,17089.81,0,0,0,0,0,0
MIDSEL.BSE_IDX,01/07/2025,09:51:37,17089.74,0,0,0,0,0,0
MIDSEL.BSE_IDX,01/07/2025,09:51:44,17090.72,0,0,0,0,0,0
MIDSEL.BSE_IDX,01/07/2025,09:51:52,17090.57,0,0,0,0,0,0
MIDSEL.BSE_IDX,01/07/2025,09:52:01,17092.19,0,0,0,0,0,0
MIDSEL.BSE_IDX,01/07/2025,09:52:08,17090.57,0,0,0,0,0,0
MIDSEL.BSE_IDX,01/07/2025,09:52:17,17091.06,0,0,0,0,0,0
MIDSEL.BSE_IDX,01/07/2025,09:52:24,17089.7,0,0,0,0,0,0
MIDSEL.BSE_IDX,01/07/2025,09:52:32,17089.87,0,0,0,0,0,0
MIDSEL.BSE_IDX,01/07/2025,09:52:40,17089.12,0,0,0,0,0,0
MIDSEL.BSE_IDX,01/07/2025,09:52:48,17088.42,0,0,0,0,0,0
MIDSEL.BSE_IDX,01/07/2025,09:52:57,17088.38,0,0,0,0,0,0
MIDSEL.BSE_IDX,01/07/2025,09:53:04,17089.42,0,0,0,0,0,0
MIDSEL.BSE_IDX,01/07/2025,09:53:13,17089.71,0,0,0,0,0,0
MIDSEL.BSE_IDX,01/07/2025,09:53:20,17089.83,0,0,0,0,0,0
MIDSEL.BSE_IDX,01/07/2025,09:53:28,17093.36,0,0,0,0,0,0
MIDSEL.BSE_IDX,01/07/2025,09:53:36,17094.7,0,0,0,0,0,0
MIDSEL.BSE_IDX,01/07/2025,09:53:44,17093.19,0,0,0,0,0,0
MIDSEL.BSE_IDX,01/07/2025,09:53:52,17093.39,0,0,0,0,0,0
MIDSEL.BSE_IDX,01/07/2025,09:54:00,17091.76,0,0,0,0,0,0
MIDSEL.BSE_IDX,01/07/2025,09:54:08,17090.16,0,0,0,0,0,0
MIDSEL.BSE_IDX,01/07/2025,09:54:16,17085.41,0,0,0,0,0,0
MIDSEL.BSE_IDX,01/07/2025,09:54:24,17084.43,0,0,0,0,0,0
MIDSEL.BSE_IDX,01/07/2025,09:54:32,17084.57,0,0,0,0,0,0
MIDSEL.BSE_IDX,01/07/2025,09:54:40,17083.81,0,0,0,0,0,0
MIDSEL.BSE_IDX,01/07/2025,09:54:48,17082.97,0,0,0,0,0,0
MIDSEL.BSE_IDX,01/07/2025,09:54:56,17084.26,0,0,0,0,0,0
MIDSEL.BSE_IDX,01/07/2025,09:55:04,17080.94,0,0,0,0,0,0
MIDSEL.BSE_IDX,01/07/2025,09:55:12,17084.14,0,0,0,0,0,0
MIDSEL.BSE_IDX,01/07/2025,09:55:20,17082.12,0,0,0,0,0,0
MIDSEL.BSE_IDX,01/07/2025,09:55:28,17082.77,0,0,0,0,0,0
MIDSEL.BSE_IDX,01/07/2025,09:55:36,17082.85,0,0,0,0,0,0
MIDSEL.BSE_IDX,01/07/2025,09:55:44,17078.64,0,0,0,0,0,0
MIDSEL.BSE_IDX,01/07/2025,09:55:52,17076.86,0,0,0,0,0,0
MIDSEL.BSE_IDX,01/07/2025,09:56:00,17075.45,0,0,0,0,0,0
MIDSEL.BSE_IDX,01/07/2025,09:56:08,17076.71,0,0,0,0,0,0
MIDSEL.BSE_IDX,01/07/2025,09:56:16,17076.58,0,0,0,0,0,0
MIDSEL.BSE_IDX,01/07/2025,09:56:25,17076.39,0,0,0,0,0,0
MIDSEL.BSE_IDX,01/07/2025,09:56:32,17078.36,0,0,0,0,0,0
MIDSEL.BSE_IDX,01/07/2025,09:56:41,17077.93,0,0,0,0,0,0
MIDSEL.BSE_IDX,01/07/2025,09:56:48,17076.61,0,0,0,0,0,0
MIDSEL.BSE_IDX,01/07/2025,09:56:57,17076.51,0,0,0,0,0,0
MIDSEL.BSE_IDX,01/07/2025,09:57:04,17075.74,0,0,0,0,0,0
MIDSEL.BSE_IDX,01/07/2025,09:57:12,17079.65,0,0,0,0,0,0
MIDSEL.BSE_IDX,01/07/2025,09:57:20,17081.21,0,0,0,0,0,0
MIDSEL.BSE_IDX,01/07/2025,09:57:28,17081.84,0,0,0,0,0,0
MIDSEL.BSE_IDX,01/07/2025,09:57:36,17080.78,0,0,0,0,0,0
MIDSEL.BSE_IDX,01/07/2025,09:57:44,17084.73,0,0,0,0,0,0
MIDSEL.BSE_IDX,01/07/2025,09:57:52,17086.11,0,0,0,0,0,0
MIDSEL.BSE_IDX,01/07/2025,09:58:00,17084.28,0,0,0,0,0,0
MIDSEL.BSE_IDX,01/07/2025,09:58:08,17084.91,0,0,0,0,0,0
MIDSEL.BSE_IDX,01/07/2025,09:58:16,17085.58,0,0,0,0,0,0
MIDSEL.BSE_IDX,01/07/2025,09:58:24,17085.12,0,0,0,0,0,0
MIDSEL.BSE_IDX,01/07/2025,09:58:32,17087.46,0,0,0,0,0,0
MIDSEL.BSE_IDX,01/07/2025,09:58:40,17092.14,0,0,0,0,0,0
MIDSEL.BSE_IDX,01/07/2025,09:58:48,17093.39,0,0,0,0,0,0
MIDSEL.BSE_IDX,01/07/2025,09:58:56,17094.86,0,0,0,0,0,0
MIDSEL.BSE_IDX,01/07/2025,09:59:05,17095.54,0,0,0,0,0,0
MIDSEL.BSE_IDX,01/07/2025,09:59:12,17096.22,0,0,0,0,0,0
MIDSEL.BSE_IDX,01/07/2025,09:59:20,17097.77,0,0,0,0,0,0
MIDSEL.BSE_IDX,01/07/2025,09:59:28,17098.74,0,0,0,0,0,0
MIDSEL.BSE_IDX,01/07/2025,09:59:36,17099.03,0,0,0,0,0,0
MIDSEL.BSE_IDX,01/07/2025,09:59:45,17100.94,0,0,0,0,0,0
MIDSEL.BSE_IDX,01/07/2025,09:59:52,17098.9,0,0,0,0,0,0
MIDSEL.BSE_IDX,01/07/2025,10:00:00,17099.45,0,0,0,0,0,0
MIDSEL.BSE_IDX,01/07/2025,10:00:08,17102.13,0,0,0,0,0,0
MIDSEL.BSE_IDX,01/07/2025,10:00:16,17100.93,0,0,0,0,0,0
MIDSEL.BSE_IDX,01/07/2025,10:00:24,17099.42,0,0,0,0,0,0
MIDSEL.BSE_IDX,01/07/2025,10:00:32,17100.03,0,0,0,0,0,0
MIDSEL.BSE_IDX,01/07/2025,10:00:40,17099.27,0,0,0,0,0,0
MIDSEL.BSE_IDX,01/07/2025,10:00:48,17097.9,0,0,0,0,0,0
MIDSEL.BSE_IDX,01/07/2025,10:00:56,17099.15,0,0,0,0,0,0
MIDSEL.BSE_IDX,01/07/2025,10:01:04,17096.38,0,0,0,0,0,0
MIDSEL.BSE_IDX,01/07/2025,10:01:12,17094.6,0,0,0,0,0,0
MIDSEL.BSE_IDX,01/07/2025,10:01:21,17096.91,0,0,0,0,0,0
MIDSEL.BSE_IDX,01/07/2025,10:01:28,17096.6,0,0,0,0,0,0
MIDSEL.BSE_IDX,01/07/2025,10:01:36,17098,0,0,0,0,0,0
MIDSEL.BSE_IDX,01/07/2025,10:01:44,17096.09,0,0,0,0,0,0
MIDSEL.BSE_IDX,01/07/2025,10:01:52,17095.96,0,0,0,0,0,0
MIDSEL.BSE_IDX,01/07/2025,10:02:00,17094.96,0,0,0,0,0,0
MIDSEL.BSE_IDX,01/07/2025,10:02:08,17094.77,0,0,0,0,0,0
MIDSEL.BSE_IDX,01/07/2025,10:02:17,17097.34,0,0,0,0,0,0
MIDSEL.BSE_IDX,01/07/2025,10:02:24,17093.69,0,0,0,0,0,0
MIDSEL.BSE_IDX,01/07/2025,10:02:32,17091.29,0,0,0,0,0,0
MIDSEL.BSE_IDX,01/07/2025,10:02:41,17092.06,0,0,0,0,0,0
MIDSEL.BSE_IDX,01/07/2025,10:02:49,17091.19,0,0,0,0,0,0
MIDSEL.BSE_IDX,01/07/2025,10:02:56,17090.88,0,0,0,0,0,0
MIDSEL.BSE_IDX,01/07/2025,10:03:04,17085.71,0,0,0,0,0,0
MIDSEL.BSE_IDX,01/07/2025,10:03:13,17083.83,0,0,0,0,0,0
MIDSEL.BSE_IDX,01/07/2025,10:03:20,17084.47,0,0,0,0,0,0
MIDSEL.BSE_IDX,01/07/2025,10:03:29,17083.59,0,0,0,0,0,0
MIDSEL.BSE_IDX,01/07/2025,10:03:37,17081.07,0,0,0,0,0,0
MIDSEL.BSE_IDX,01/07/2025,10:03:45,17080.33,0,0,0,0,0,0
MIDSEL.BSE_IDX,01/07/2025,10:03:53,17078.3,0,0,0,0,0,0
MIDSEL.BSE_IDX,01/07/2025,10:04:01,17076.7,0,0,0,0,0,0
MIDSEL.BSE_IDX,01/07/2025,10:04:09,17079.09,0,0,0,0,0,0
MIDSEL.BSE_IDX,01/07/2025,10:04:17,17080.49,0,0,0,0,0,0
MIDSEL.BSE_IDX,01/07/2025,10:04:25,17080.61,0,0,0,0,0,0
MIDSEL.BSE_IDX,01/07/2025,10:04:33,17080.38,0,0,0,0,0,0
MIDSEL.BSE_IDX,01/07/2025,10:04:41,17081.43,0,0,0,0,0,0
MIDSEL.BSE_IDX,01/07/2025,10:04:50,17082.87,0,0,0,0,0,0
MIDSEL.BSE_IDX,01/07/2025,10:04:57,17082.79,0,0,0,0,0,0
MIDSEL.BSE_IDX,01/07/2025,10:05:05,17082.38,0,0,0,0,0,0
MIDSEL.BSE_IDX,01/07/2025,10:05:14,17080.4,0,0,0,0,0,0
MIDSEL.BSE_IDX,01/07/2025,10:05:21,17080.45,0,0,0,0,0,0
MIDSEL.BSE_IDX,01/07/2025,10:05:29,17080.33,0,0,0,0,0,0
MIDSEL.BSE_IDX,01/07/2025,10:05:37,17081.98,0,0,0,0,0,0
MIDSEL.BSE_IDX,01/07/2025,10:05:45,17083.76,0,0,0,0,0,0
MIDSEL.BSE_IDX,01/07/2025,10:05:53,17085.52,0,0,0,0,0,0
MIDSEL.BSE_IDX,01/07/2025,10:06:01,17085.77,0,0,0,0,0,0
MIDSEL.BSE_IDX,01/07/2025,10:06:09,17087.35,0,0,0,0,0,0
MIDSEL.BSE_IDX,01/07/2025,10:06:17,17085.55,0,0,0,0,0,0
MIDSEL.BSE_IDX,01/07/2025,10:06:25,17086.58,0,0,0,0,0,0
MIDSEL.BSE_IDX,01/07/2025,10:06:33,17087.05,0,0,0,0,0,0
MIDSEL.BSE_IDX,01/07/2025,10:06:41,17088.86,0,0,0,0,0,0
MIDSEL.BSE_IDX,01/07/2025,10:06:49,17090.02,0,0,0,0,0,0
MIDSEL.BSE_IDX,01/07/2025,10:06:57,17089.28,0,0,0,0,0,0
MIDSEL.BSE_IDX,01/07/2025,10:07:05,17089.52,0,0,0,0,0,0
MIDSEL.BSE_IDX,01/07/2025,10:07:13,17089.41,0,0,0,0,0,0
MIDSEL.BSE_IDX,01/07/2025,10:07:21,17088.33,0,0,0,0,0,0
MIDSEL.BSE_IDX,01/07/2025,10:07:29,17088.82,0,0,0,0,0,0
MIDSEL.BSE_IDX,01/07/2025,10:07:37,17090.17,0,0,0,0,0,0
MIDSEL.BSE_IDX,01/07/2025,10:07:45,17093.15,0,0,0,0,0,0
MIDSEL.BSE_IDX,01/07/2025,10:07:53,17093.5,0,0,0,0,0,0
MIDSEL.BSE_IDX,01/07/2025,10:08:01,17093.44,0,0,0,0,0,0
MIDSEL.BSE_IDX,01/07/2025,10:08:09,17094.92,0,0,0,0,0,0
MIDSEL.BSE_IDX,01/07/2025,10:08:17,17093.72,0,0,0,0,0,0
MIDSEL.BSE_IDX,01/07/2025,10:08:25,17094.97,0,0,0,0,0,0
MIDSEL.BSE_IDX,01/07/2025,10:08:33,17094.11,0,0,0,0,0,0
MIDSEL.BSE_IDX,01/07/2025,10:08:41,17093.17,0,0,0,0,0,0
MIDSEL.BSE_IDX,01/07/2025,10:08:49,17092.48,0,0,0,0,0,0
MIDSEL.BSE_IDX,01/07/2025,10:08:57,17092.83,0,0,0,0,0,0
MIDSEL.BSE_IDX,01/07/2025,10:09:05,17090.23,0,0,0,0,0,0
MIDSEL.BSE_IDX,01/07/2025,10:09:13,17088.79,0,0,0,0,0,0
MIDSEL.BSE_IDX,01/07/2025,10:09:21,17087.77,0,0,0,0,0,0
MIDSEL.BSE_IDX,01/07/2025,10:09:29,17087.91,0,0,0,0,0,0
MIDSEL.BSE_IDX,01/07/2025,10:09:37,17089.3,0,0,0,0,0,0
MIDSEL.BSE_IDX,01/07/2025,10:09:45,17088.44,0,0,0,0,0,0
MIDSEL.BSE_IDX,01/07/2025,10:09:53,17088.78,0,0,0,0,0,0
MIDSEL.BSE_IDX,01/07/2025,10:10:01,17090.2,0,0,0,0,0,0
MIDSEL.BSE_IDX,01/07/2025,10:10:09,17089.98,0,0,0,0,0,0
MIDSEL.BSE_IDX,01/07/2025,10:10:17,17090.47,0,0,0,0,0,0
MIDSEL.BSE_IDX,01/07/2025,10:10:25,17091.51,0,0,0,0,0,0
MIDSEL.BSE_IDX,01/07/2025,10:10:33,17093.67,0,0,0,0,0,0
MIDSEL.BSE_IDX,01/07/2025,10:10:41,17096.05,0,0,0,0,0,0
MIDSEL.BSE_IDX,01/07/2025,10:10:49,17095.14,0,0,0,0,0,0
MIDSEL.BSE_IDX,01/07/2025,10:10:57,17096.44,0,0,0,0,0,0
MIDSEL.BSE_IDX,01/07/2025,10:11:05,17096.94,0,0,0,0,0,0
MIDSEL.BSE_IDX,01/07/2025,10:11:13,17095.37,0,0,0,0,0,0
MIDSEL.BSE_IDX,01/07/2025,10:11:22,17095.29,0,0,0,0,0,0
MIDSEL.BSE_IDX,01/07/2025,10:11:29,17094.1,0,0,0,0,0,0
MIDSEL.BSE_IDX,01/07/2025,10:11:37,17094.23,0,0,0,0,0,0
MIDSEL.BSE_IDX,01/07/2025,10:11:45,17093.72,0,0,0,0,0,0
MIDSEL.BSE_IDX,01/07/2025,10:11:53,17092.71,0,0,0,0,0,0
MIDSEL.BSE_IDX,01/07/2025,10:12:01,17090.43,0,0,0,0,0,0
MIDSEL.BSE_IDX,01/07/2025,10:12:09,17088.97,0,0,0,0,0,0
MIDSEL.BSE_IDX,01/07/2025,10:12:17,17087.82,0,0,0,0,0,0
MIDSEL.BSE_IDX,01/07/2025,10:12:25,17083.91,0,0,0,0,0,0
MIDSEL.BSE_IDX,01/07/2025,10:12:33,17082.19,0,0,0,0,0,0
MIDSEL.BSE_IDX,01/07/2025,10:12:41,17080.74,0,0,0,0,0,0
MIDSEL.BSE_IDX,01/07/2025,10:12:49,17081.95,0,0,0,0,0,0
MIDSEL.BSE_IDX,01/07/2025,10:12:57,17079.57,0,0,0,0,0,0
MIDSEL.BSE_IDX,01/07/2025,10:13:05,17077.93,0,0,0,0,0,0
MIDSEL.BSE_IDX,01/07/2025,10:13:13,17078.18,0,0,0,0,0,0
MIDSEL.BSE_IDX,01/07/2025,10:13:21,17080.38,0,0,0,0,0,0
MIDSEL.BSE_IDX,01/07/2025,10:13:29,17078.12,0,0,0,0,0,0
MIDSEL.BSE_IDX,01/07/2025,10:13:37,17078.04,0,0,0,0,0,0
MIDSEL.BSE_IDX,01/07/2025,10:13:45,17079.59,0,0,0,0,0,0
MIDSEL.BSE_IDX,01/07/2025,10:13:53,17077.41,0,0,0,0,0,0
MIDSEL.BSE_IDX,01/07/2025,10:14:01,17072.92,0,0,0,0,0,0
MIDSEL.BSE_IDX,01/07/2025,10:14:09,17073.78,0,0,0,0,0,0
MIDSEL.BSE_IDX,01/07/2025,10:14:17,17071.21,0,0,0,0,0,0
MIDSEL.BSE_IDX,01/07/2025,10:14:25,17071.56,0,0,0,0,0,0
MIDSEL.BSE_IDX,01/07/2025,10:14:33,17070.49,0,0,0,0,0,0
MIDSEL.BSE_IDX,01/07/2025,10:14:41,17068.3,0,0,0,0,0,0
MIDSEL.BSE_IDX,01/07/2025,10:14:49,17066.75,0,0,0,0,0,0
MIDSEL.BSE_IDX,01/07/2025,10:14:57,17065.93,0,0,0,0,0,0
MIDSEL.BSE_IDX,01/07/2025,10:15:05,17064.89,0,0,0,0,0,0
MIDSEL.BSE_IDX,01/07/2025,10:15:13,17062.13,0,0,0,0,0,0
MIDSEL.BSE_IDX,01/07/2025,10:15:21,17061.66,0,0,0,0,0,0
MIDSEL.BSE_IDX,01/07/2025,10:15:29,17060.86,0,0,0,0,0,0
MIDSEL.BSE_IDX,01/07/2025,10:15:37,17062.46,0,0,0,0,0,0
MIDSEL.BSE_IDX,01/07/2025,10:15:45,17063.12,0,0,0,0,0,0
MIDSEL.BSE_IDX,01/07/2025,10:15:53,17063.16,0,0,0,0,0,0
MIDSEL.BSE_IDX,01/07/2025,10:16:01,17064.05,0,0,0,0,0,0
MIDSEL.BSE_IDX,01/07/2025,10:16:09,17063.76,0,0,0,0,0,0
MIDSEL.BSE_IDX,01/07/2025,10:16:17,17064.94,0,0,0,0,0,0
MIDSEL.BSE_IDX,01/07/2025,10:16:25,17064.9,0,0,0,0,0,0
MIDSEL.BSE_IDX,01/07/2025,10:16:33,17066.46,0,0,0,0,0,0
MIDSEL.BSE_IDX,01/07/2025,10:16:41,17068.42,0,0,0,0,0,0
MIDSEL.BSE_IDX,01/07/2025,10:16:49,17067.15,0,0,0,0,0,0
MIDSEL.BSE_IDX,01/07/2025,10:16:57,17068.67,0,0,0,0,0,0
MIDSEL.BSE_IDX,01/07/2025,10:17:05,17069.81,0,0,0,0,0,0
MIDSEL.BSE_IDX,01/07/2025,10:17:13,17068.79,0,0,0,0,0,0
MIDSEL.BSE_IDX,01/07/2025,10:17:21,17072.47,0,0,0,0,0,0
MIDSEL.BSE_IDX,01/07/2025,10:17:29,17074.31,0,0,0,0,0,0
MIDSEL.BSE_IDX,01/07/2025,10:17:37,17078.12,0,0,0,0,0,0
MIDSEL.BSE_IDX,01/07/2025,10:17:45,17081.55,0,0,0,0,0,0
MIDSEL.BSE_IDX,01/07/2025,10:17:53,17082.02,0,0,0,0,0,0
MIDSEL.BSE_IDX,01/07/2025,10:18:01,17080.31,0,0,0,0,0,0
MIDSEL.BSE_IDX,01/07/2025,10:18:09,17083.81,0,0,0,0,0,0
MIDSEL.BSE_IDX,01/07/2025,10:18:17,17083.45,0,0,0,0,0,0
MIDSEL.BSE_IDX,01/07/2025,10:18:25,17082.58,0,0,0,0,0,0
MIDSEL.BSE_IDX,01/07/2025,10:18:33,17082.58,0,0,0,0,0,0
MIDSEL.BSE_IDX,01/07/2025,10:18:41,17083.23,0,0,0,0,0,0
MIDSEL.BSE_IDX,01/07/2025,10:18:49,17084.71,0,0,0,0,0,0
MIDSEL.BSE_IDX,01/07/2025,10:18:57,17084.76,0,0,0,0,0,0
MIDSEL.BSE_IDX,01/07/2025,10:19:05,17082.95,0,0,0,0,0,0
MIDSEL.BSE_IDX,01/07/2025,10:19:13,17083.19,0,0,0,0,0,0
MIDSEL.BSE_IDX,01/07/2025,10:19:21,17081.87,0,0,0,0,0,0
MIDSEL.BSE_IDX,01/07/2025,10:19:29,17081.89,0,0,0,0,0,0
MIDSEL.BSE_IDX,01/07/2025,10:19:37,17081.51,0,0,0,0,0,0
MIDSEL.BSE_IDX,01/07/2025,10:19:45,17081.61,0,0,0,0,0,0
MIDSEL.BSE_IDX,01/07/2025,10:19:53,17077.83,0,0,0,0,0,0
MIDSEL.BSE_IDX,01/07/2025,10:20:01,17076.65,0,0,0,0,0,0
MIDSEL.BSE_IDX,01/07/2025,10:20:09,17077.01,0,0,0,0,0,0
MIDSEL.BSE_IDX,01/07/2025,10:20:17,17078.18,0,0,0,0,0,0
MIDSEL.BSE_IDX,01/07/2025,10:20:25,17079.66,0,0,0,0,0,0
MIDSEL.BSE_IDX,01/07/2025,10:20:33,17079.45,0,0,0,0,0,0
MIDSEL.BSE_IDX,01/07/2025,10:20:41,17081.25,0,0,0,0,0,0
MIDSEL.BSE_IDX,01/07/2025,10:20:49,17081.61,0,0,0,0,0,0
MIDSEL.BSE_IDX,01/07/2025,10:20:57,17079.57,0,0,0,0,0,0
MIDSEL.BSE_IDX,01/07/2025,10:21:05,17078.74,0,0,0,0,0,0
MIDSEL.BSE_IDX,01/07/2025,10:21:13,17079.56,0,0,0,0,0,0
MIDSEL.BSE_IDX,01/07/2025,10:21:21,17077.19,0,0,0,0,0,0
MIDSEL.BSE_IDX,01/07/2025,10:21:29,17076.06,0,0,0,0,0,0
MIDSEL.BSE_IDX,01/07/2025,10:21:37,17077.24,0,0,0,0,0,0
MIDSEL.BSE_IDX,01/07/2025,10:21:45,17075.57,0,0,0,0,0,0
MIDSEL.BSE_IDX,01/07/2025,10:21:53,17076.56,0,0,0,0,0,0
MIDSEL.BSE_IDX,01/07/2025,10:22:01,17079.02,0,0,0,0,0,0
MIDSEL.BSE_IDX,01/07/2025,10:22:09,17078.77,0,0,0,0,0,0
MIDSEL.BSE_IDX,01/07/2025,10:22:17,17074.74,0,0,0,0,0,0
MIDSEL.BSE_IDX,01/07/2025,10:22:25,17075.17,0,0,0,0,0,0
MIDSEL.BSE_IDX,01/07/2025,10:22:33,17075.73,0,0,0,0,0,0
MIDSEL.BSE_IDX,01/07/2025,10:22:41,17076.18,0,0,0,0,0,0
MIDSEL.BSE_IDX,01/07/2025,10:22:49,17077.11,0,0,0,0,0,0
MIDSEL.BSE_IDX,01/07/2025,10:22:57,17076.42,0,0,0,0,0,0
MIDSEL.BSE_IDX,01/07/2025,10:23:05,17074.61,0,0,0,0,0,0
MIDSEL.BSE_IDX,01/07/2025,10:23:13,17075.51,0,0,0,0,0,0
MIDSEL.BSE_IDX,01/07/2025,10:23:21,17074.91,0,0,0,0,0,0
MIDSEL.BSE_IDX,01/07/2025,10:23:29,17076.64,0,0,0,0,0,0
MIDSEL.BSE_IDX,01/07/2025,10:23:37,17077.79,0,0,0,0,0,0
MIDSEL.BSE_IDX,01/07/2025,10:23:45,17078.95,0,0,0,0,0,0
MIDSEL.BSE_IDX,01/07/2025,10:23:53,17078.65,0,0,0,0,0,0
MIDSEL.BSE_IDX,01/07/2025,10:24:01,17080.19,0,0,0,0,0,0
MIDSEL.BSE_IDX,01/07/2025,10:24:09,17080.59,0,0,0,0,0,0
MIDSEL.BSE_IDX,01/07/2025,10:24:17,17078.28,0,0,0,0,0,0
MIDSEL.BSE_IDX,01/07/2025,10:24:25,17079.11,0,0,0,0,0,0
MIDSEL.BSE_IDX,01/07/2025,10:24:33,17078.53,0,0,0,0,0,0
MIDSEL.BSE_IDX,01/07/2025,10:24:41,17077.42,0,0,0,0,0,0
MIDSEL.BSE_IDX,01/07/2025,10:24:49,17075.7,0,0,0,0,0,0
MIDSEL.BSE_IDX,01/07/2025,10:24:57,17077.81,0,0,0,0,0,0
MIDSEL.BSE_IDX,01/07/2025,10:25:05,17078.72,0,0,0,0,0,0
MIDSEL.BSE_IDX,01/07/2025,10:25:13,17078.89,0,0,0,0,0,0
MIDSEL.BSE_IDX,01/07/2025,10:25:21,17078.14,0,0,0,0,0,0
MIDSEL.BSE_IDX,01/07/2025,10:25:29,17077.73,0,0,0,0,0,0
MIDSEL.BSE_IDX,01/07/2025,10:25:37,17078.71,0,0,0,0,0,0
MIDSEL.BSE_IDX,01/07/2025,10:25:45,17074.98,0,0,0,0,0,0
MIDSEL.BSE_IDX,01/07/2025,10:25:53,17076.15,0,0,0,0,0,0
MIDSEL.BSE_IDX,01/07/2025,10:26:01,17075.18,0,0,0,0,0,0
MIDSEL.BSE_IDX,01/07/2025,10:26:09,17075.37,0,0,0,0,0,0
MIDSEL.BSE_IDX,01/07/2025,10:26:17,17075.42,0,0,0,0,0,0
MIDSEL.BSE_IDX,01/07/2025,10:26:25,17076.71,0,0,0,0,0,0
MIDSEL.BSE_IDX,01/07/2025,10:26:33,17077,0,0,0,0,0,0
MIDSEL.BSE_IDX,01/07/2025,10:26:41,17077.73,0,0,0,0,0,0
MIDSEL.BSE_IDX,01/07/2025,10:26:49,17077.04,0,0,0,0,0,0
MIDSEL.BSE_IDX,01/07/2025,10:26:57,17078.75,0,0,0,0,0,0
MIDSEL.BSE_IDX,01/07/2025,10:27:05,17079.89,0,0,0,0,0,0
MIDSEL.BSE_IDX,01/07/2025,10:27:13,17079.12,0,0,0,0,0,0
MIDSEL.BSE_IDX,01/07/2025,10:27:21,17081.06,0,0,0,0,0,0
MIDSEL.BSE_IDX,01/07/2025,10:27:29,17079.5,0,0,0,0,0,0
MIDSEL.BSE_IDX,01/07/2025,10:27:37,17080.82,0,0,0,0,0,0
MIDSEL.BSE_IDX,01/07/2025,10:27:45,17078.46,0,0,0,0,0,0
MIDSEL.BSE_IDX,01/07/2025,10:27:53,17078.26,0,0,0,0,0,0
MIDSEL.BSE_IDX,01/07/2025,10:28:01,17081.23,0,0,0,0,0,0
MIDSEL.BSE_IDX,01/07/2025,10:28:09,17082.79,0,0,0,0,0,0
MIDSEL.BSE_IDX,01/07/2025,10:28:17,17082.81,0,0,0,0,0,0
MIDSEL.BSE_IDX,01/07/2025,10:28:25,17082.41,0,0,0,0,0,0
MIDSEL.BSE_IDX,01/07/2025,10:28:33,17082.81,0,0,0,0,0,0
MIDSEL.BSE_IDX,01/07/2025,10:28:41,17082.69,0,0,0,0,0,0
MIDSEL.BSE_IDX,01/07/2025,10:28:49,17084.32,0,0,0,0,0,0
MIDSEL.BSE_IDX,01/07/2025,10:28:57,17084.79,0,0,0,0,0,0
MIDSEL.BSE_IDX,01/07/2025,10:29:05,17078.54,0,0,0,0,0,0
MIDSEL.BSE_IDX,01/07/2025,10:29:13,17080.73,0,0,0,0,0,0
MIDSEL.BSE_IDX,01/07/2025,10:29:21,17081.82,0,0,0,0,0,0
MIDSEL.BSE_IDX,01/07/2025,10:29:29,17082.76,0,0,0,0,0,0
MIDSEL.BSE_IDX,01/07/2025,10:29:37,17082.11,0,0,0,0,0,0
MIDSEL.BSE_IDX,01/07/2025,10:29:46,17081.78,0,0,0,0,0,0
MIDSEL.BSE_IDX,01/07/2025,10:29:54,17080.34,0,0,0,0,0,0
MIDSEL.BSE_IDX,01/07/2025,10:30:01,17078.58,0,0,0,0,0,0
MIDSEL.BSE_IDX,01/07/2025,10:30:09,17080.43,0,0,0,0,0,0
MIDSEL.BSE_IDX,01/07/2025,10:30:17,17080.39,0,0,0,0,0,0
MIDSEL.BSE_IDX,01/07/2025,10:30:25,17083.48,0,0,0,0,0,0
MIDSEL.BSE_IDX,01/07/2025,10:30:33,17084.64,0,0,0,0,0,0
MIDSEL.BSE_IDX,01/07/2025,10:30:41,17086.9,0,0,0,0,0,0
MIDSEL.BSE_IDX,01/07/2025,10:30:49,17085.64,0,0,0,0,0,0
MIDSEL.BSE_IDX,01/07/2025,10:30:57,17086.7,0,0,0,0,0,0
MIDSEL.BSE_IDX,01/07/2025,10:31:05,17086,0,0,0,0,0,0
MIDSEL.BSE_IDX,01/07/2025,10:31:13,17086.12,0,0,0,0,0,0
MIDSEL.BSE_IDX,01/07/2025,10:31:21,17086.07,0,0,0,0,0,0
MIDSEL.BSE_IDX,01/07/2025,10:31:29,17085.34,0,0,0,0,0,0
MIDSEL.BSE_IDX,01/07/2025,10:31:37,17086.75,0,0,0,0,0,0
MIDSEL.BSE_IDX,01/07/2025,10:31:45,17087.03,0,0,0,0,0,0
MIDSEL.BSE_IDX,01/07/2025,10:31:53,17086.26,0,0,0,0,0,0
MIDSEL.BSE_IDX,01/07/2025,10:32:01,17085.54,0,0,0,0,0,0
MIDSEL.BSE_IDX,01/07/2025,10:32:09,17086.21,0,0,0,0,0,0
MIDSEL.BSE_IDX,01/07/2025,10:32:17,17087.94,0,0,0,0,0,0
MIDSEL.BSE_IDX,01/07/2025,10:32:25,17089.24,0,0,0,0,0,0
MIDSEL.BSE_IDX,01/07/2025,10:32:33,17090.1,0,0,0,0,0,0
MIDSEL.BSE_IDX,01/07/2025,10:32:41,17091.9,0,0,0,0,0,0
MIDSEL.BSE_IDX,01/07/2025,10:32:49,17093.21,0,0,0,0,0,0
MIDSEL.BSE_IDX,01/07/2025,10:32:57,17093.72,0,0,0,0,0,0
MIDSEL.BSE_IDX,01/07/2025,10:33:05,17091.33,0,0,0,0,0,0
MIDSEL.BSE_IDX,01/07/2025,10:33:13,17090.81,0,0,0,0,0,0
MIDSEL.BSE_IDX,01/07/2025,10:33:21,17092.55,0,0,0,0,0,0
MIDSEL.BSE_IDX,01/07/2025,10:33:29,17091.71,0,0,0,0,0,0
MIDSEL.BSE_IDX,01/07/2025,10:33:37,17091.9,0,0,0,0,0,0
MIDSEL.BSE_IDX,01/07/2025,10:33:45,17093.74,0,0,0,0,0,0
MIDSEL.BSE_IDX,01/07/2025,10:33:53,17094.38,0,0,0,0,0,0
MIDSEL.BSE_IDX,01/07/2025,10:34:01,17094.57,0,0,0,0,0,0
MIDSEL.BSE_IDX,01/07/2025,10:34:09,17093.11,0,0,0,0,0,0
MIDSEL.BSE_IDX,01/07/2025,10:34:17,17094.35,0,0,0,0,0,0
MIDSEL.BSE_IDX,01/07/2025,10:34:25,17094.69,0,0,0,0,0,0
MIDSEL.BSE_IDX,01/07/2025,10:34:33,17095.64,0,0,0,0,0,0
MIDSEL.BSE_IDX,01/07/2025,10:34:41,17097.22,0,0,0,0,0,0
MIDSEL.BSE_IDX,01/07/2025,10:34:49,17097.38,0,0,0,0,0,0
MIDSEL.BSE_IDX,01/07/2025,10:34:58,17096.96,0,0,0,0,0,0
MIDSEL.BSE_IDX,01/07/2025,10:35:06,17096.64,0,0,0,0,0,0
MIDSEL.BSE_IDX,01/07/2025,10:35:14,17096.77,0,0,0,0,0,0
MIDSEL.BSE_IDX,01/07/2025,10:35:21,17096.72,0,0,0,0,0,0
MIDSEL.BSE_IDX,01/07/2025,10:35:29,17096.73,0,0,0,0,0,0
MIDSEL.BSE_IDX,01/07/2025,10:35:37,17096.87,0,0,0,0,0,0
MIDSEL.BSE_IDX,01/07/2025,10:35:45,17093.66,0,0,0,0,0,0
MIDSEL.BSE_IDX,01/07/2025,10:35:54,17094.28,0,0,0,0,0,0
MIDSEL.BSE_IDX,01/07/2025,10:36:02,17094.68,0,0,0,0,0,0
MIDSEL.BSE_IDX,01/07/2025,10:36:10,17091.87,0,0,0,0,0,0
MIDSEL.BSE_IDX,01/07/2025,10:36:17,17093.99,0,0,0,0,0,0
MIDSEL.BSE_IDX,01/07/2025,10:36:25,17092.55,0,0,0,0,0,0
MIDSEL.BSE_IDX,01/07/2025,10:36:34,17092.45,0,0,0,0,0,0
MIDSEL.BSE_IDX,01/07/2025,10:36:42,17091.9,0,0,0,0,0,0
MIDSEL.BSE_IDX,01/07/2025,10:36:49,17089.33,0,0,0,0,0,0
MIDSEL.BSE_IDX,01/07/2025,10:36:58,17087.19,0,0,0,0,0,0
MIDSEL.BSE_IDX,01/07/2025,10:37:05,17087.42,0,0,0,0,0,0
MIDSEL.BSE_IDX,01/07/2025,10:37:14,17089.71,0,0,0,0,0,0
MIDSEL.BSE_IDX,01/07/2025,10:37:21,17088.81,0,0,0,0,0,0
MIDSEL.BSE_IDX,01/07/2025,10:37:30,17089.49,0,0,0,0,0,0
MIDSEL.BSE_IDX,01/07/2025,10:37:38,17088.08,0,0,0,0,0,0
MIDSEL.BSE_IDX,01/07/2025,10:37:46,17085.97,0,0,0,0,0,0
MIDSEL.BSE_IDX,01/07/2025,10:37:54,17085.17,0,0,0,0,0,0
MIDSEL.BSE_IDX,01/07/2025,10:38:02,17086.11,0,0,0,0,0,0
MIDSEL.BSE_IDX,01/07/2025,10:38:10,17086.21,0,0,0,0,0,0
MIDSEL.BSE_IDX,01/07/2025,10:38:18,17086.54,0,0,0,0,0,0
MIDSEL.BSE_IDX,01/07/2025,10:38:26,17087.88,0,0,0,0,0,0
MIDSEL.BSE_IDX,01/07/2025,10:38:34,17087.88,0,0,0,0,0,0
MIDSEL.BSE_IDX,01/07/2025,10:38:42,17089.38,0,0,0,0,0,0
MIDSEL.BSE_IDX,01/07/2025,10:38:50,17090.5,0,0,0,0,0,0
MIDSEL.BSE_IDX,01/07/2025,10:38:58,17090.09,0,0,0,0,0,0
MIDSEL.BSE_IDX,01/07/2025,10:39:06,17091.02,0,0,0,0,0,0
MIDSEL.BSE_IDX,01/07/2025,10:39:14,17091.81,0,0,0,0,0,0
MIDSEL.BSE_IDX,01/07/2025,10:39:22,17092.08,0,0,0,0,0,0
MIDSEL.BSE_IDX,01/07/2025,10:39:30,17089.79,0,0,0,0,0,0
MIDSEL.BSE_IDX,01/07/2025,10:39:38,17090.37,0,0,0,0,0,0
MIDSEL.BSE_IDX,01/07/2025,10:39:46,17092.44,0,0,0,0,0,0
MIDSEL.BSE_IDX,01/07/2025,10:39:54,17091.38,0,0,0,0,0,0
MIDSEL.BSE_IDX,01/07/2025,10:40:02,17091.47,0,0,0,0,0,0
MIDSEL.BSE_IDX,01/07/2025,10:40:10,17090.42,0,0,0,0,0,0
MIDSEL.BSE_IDX,01/07/2025,10:40:18,17089.74,0,0,0,0,0,0
MIDSEL.BSE_IDX,01/07/2025,10:40:26,17090.89,0,0,0,0,0,0
MIDSEL.BSE_IDX,01/07/2025,10:40:34,17088.69,0,0,0,0,0,0
MIDSEL.BSE_IDX,01/07/2025,10:40:42,17087.88,0,0,0,0,0,0
MIDSEL.BSE_IDX,01/07/2025,10:40:50,17089.28,0,0,0,0,0,0
MIDSEL.BSE_IDX,01/07/2025,10:40:58,17088.14,0,0,0,0,0,0
MIDSEL.BSE_IDX,01/07/2025,10:41:06,17085.39,0,0,0,0,0,0
MIDSEL.BSE_IDX,01/07/2025,10:41:14,17085.43,0,0,0,0,0,0
MIDSEL.BSE_IDX,01/07/2025,10:41:22,17085.7,0,0,0,0,0,0
MIDSEL.BSE_IDX,01/07/2025,10:41:30,17085.8,0,0,0,0,0,0
MIDSEL.BSE_IDX,01/07/2025,10:41:38,17085.65,0,0,0,0,0,0
MIDSEL.BSE_IDX,01/07/2025,10:41:46,17084.9,0,0,0,0,0,0
MIDSEL.BSE_IDX,01/07/2025,10:41:54,17084.95,0,0,0,0,0,0
MIDSEL.BSE_IDX,01/07/2025,10:42:02,17086.88,0,0,0,0,0,0
MIDSEL.BSE_IDX,01/07/2025,10:42:10,17088.55,0,0,0,0,0,0
MIDSEL.BSE_IDX,01/07/2025,10:42:18,17086.93,0,0,0,0,0,0
MIDSEL.BSE_IDX,01/07/2025,10:42:26,17085.33,0,0,0,0,0,0
MIDSEL.BSE_IDX,01/07/2025,10:42:34,17086.03,0,0,0,0,0,0
MIDSEL.BSE_IDX,01/07/2025,10:42:42,17085.08,0,0,0,0,0,0
MIDSEL.BSE_IDX,01/07/2025,10:42:50,17083.73,0,0,0,0,0,0
MIDSEL.BSE_IDX,01/07/2025,10:42:58,17083.81,0,0,0,0,0,0
MIDSEL.BSE_IDX,01/07/2025,10:43:06,17086.33,0,0,0,0,0,0
MIDSEL.BSE_IDX,01/07/2025,10:43:14,17085.09,0,0,0,0,0,0
MIDSEL.BSE_IDX,01/07/2025,10:43:22,17083.52,0,0,0,0,0,0
MIDSEL.BSE_IDX,01/07/2025,10:43:30,17082.86,0,0,0,0,0,0
MIDSEL.BSE_IDX,01/07/2025,10:43:38,17082.28,0,0,0,0,0,0
MIDSEL.BSE_IDX,01/07/2025,10:43:46,17079.36,0,0,0,0,0,0
MIDSEL.BSE_IDX,01/07/2025,10:43:54,17077.83,0,0,0,0,0,0
MIDSEL.BSE_IDX,01/07/2025,10:44:02,17079.49,0,0,0,0,0,0
MIDSEL.BSE_IDX,01/07/2025,10:44:10,17079.47,0,0,0,0,0,0
MIDSEL.BSE_IDX,01/07/2025,10:44:18,17078.65,0,0,0,0,0,0
MIDSEL.BSE_IDX,01/07/2025,10:44:26,17079.01,0,0,0,0,0,0
MIDSEL.BSE_IDX,01/07/2025,10:44:34,17076.67,0,0,0,0,0,0
MIDSEL.BSE_IDX,01/07/2025,10:44:42,17077.2,0,0,0,0,0,0
MIDSEL.BSE_IDX,01/07/2025,10:44:50,17074.99,0,0,0,0,0,0
MIDSEL.BSE_IDX,01/07/2025,10:44:58,17074.96,0,0,0,0,0,0
MIDSEL.BSE_IDX,01/07/2025,10:45:07,17071.12,0,0,0,0,0,0
MIDSEL.BSE_IDX,01/07/2025,10:45:14,17068.54,0,0,0,0,0,0
MIDSEL.BSE_IDX,01/07/2025,10:45:22,17066.45,0,0,0,0,0,0
MIDSEL.BSE_IDX,01/07/2025,10:45:30,17067.65,0,0,0,0,0,0
MIDSEL.BSE_IDX,01/07/2025,10:45:38,17068.03,0,0,0,0,0,0
MIDSEL.BSE_IDX,01/07/2025,10:45:46,17067.38,0,0,0,0,0,0
MIDSEL.BSE_IDX,01/07/2025,10:45:54,17067.16,0,0,0,0,0,0
MIDSEL.BSE_IDX,01/07/2025,10:46:02,17065.9,0,0,0,0,0,0
MIDSEL.BSE_IDX,01/07/2025,10:46:10,17065.32,0,0,0,0,0,0
MIDSEL.BSE_IDX,01/07/2025,10:46:18,17065.04,0,0,0,0,0,0
MIDSEL.BSE_IDX,01/07/2025,10:46:26,17065.87,0,0,0,0,0,0
MIDSEL.BSE_IDX,01/07/2025,10:46:34,17068.95,0,0,0,0,0,0
MIDSEL.BSE_IDX,01/07/2025,10:46:42,17070.79,0,0,0,0,0,0
MIDSEL.BSE_IDX,01/07/2025,10:46:50,17071.07,0,0,0,0,0,0
MIDSEL.BSE_IDX,01/07/2025,10:46:58,17072.21,0,0,0,0,0,0
MIDSEL.BSE_IDX,01/07/2025,10:47:06,17073.5,0,0,0,0,0,0
MIDSEL.BSE_IDX,01/07/2025,10:47:14,17073.67,0,0,0,0,0,0
MIDSEL.BSE_IDX,01/07/2025,10:47:22,17071.03,0,0,0,0,0,0
MIDSEL.BSE_IDX,01/07/2025,10:47:30,17071.76,0,0,0,0,0,0
MIDSEL.BSE_IDX,01/07/2025,10:47:38,17072.45,0,0,0,0,0,0
MIDSEL.BSE_IDX,01/07/2025,10:47:46,17072.68,0,0,0,0,0,0
MIDSEL.BSE_IDX,01/07/2025,10:47:54,17074.46,0,0,0,0,0,0
MIDSEL.BSE_IDX,01/07/2025,10:48:02,17073.93,0,0,0,0,0,0
MIDSEL.BSE_IDX,01/07/2025,10:48:10,17074.27,0,0,0,0,0,0
MIDSEL.BSE_IDX,01/07/2025,10:48:18,17074.34,0,0,0,0,0,0
MIDSEL.BSE_IDX,01/07/2025,10:48:26,17076.36,0,0,0,0,0,0
MIDSEL.BSE_IDX,01/07/2025,10:48:34,17077.03,0,0,0,0,0,0
MIDSEL.BSE_IDX,01/07/2025,10:48:42,17078.17,0,0,0,0,0,0
MIDSEL.BSE_IDX,01/07/2025,10:48:50,17076.38,0,0,0,0,0,0
MIDSEL.BSE_IDX,01/07/2025,10:48:58,17077.19,0,0,0,0,0,0
MIDSEL.BSE_IDX,01/07/2025,10:49:06,17073.56,0,0,0,0,0,0
MIDSEL.BSE_IDX,01/07/2025,10:49:14,17068.31,0,0,0,0,0,0
MIDSEL.BSE_IDX,01/07/2025,10:49:22,17068.58,0,0,0,0,0,0
MIDSEL.BSE_IDX,01/07/2025,10:49:30,17067.33,0,0,0,0,0,0
MIDSEL.BSE_IDX,01/07/2025,10:49:38,17065.96,0,0,0,0,0,0
MIDSEL.BSE_IDX,01/07/2025,10:49:46,17067.15,0,0,0,0,0,0
MIDSEL.BSE_IDX,01/07/2025,10:49:54,17069.01,0,0,0,0,0,0
MIDSEL.BSE_IDX,01/07/2025,10:50:02,17069.74,0,0,0,0,0,0
MIDSEL.BSE_IDX,01/07/2025,10:50:10,17067.15,0,0,0,0,0,0
MIDSEL.BSE_IDX,01/07/2025,10:50:18,17067.49,0,0,0,0,0,0
MIDSEL.BSE_IDX,01/07/2025,10:50:26,17065.84,0,0,0,0,0,0
MIDSEL.BSE_IDX,01/07/2025,10:50:34,17065.9,0,0,0,0,0,0
MIDSEL.BSE_IDX,01/07/2025,10:50:42,17065.43,0,0,0,0,0,0
MIDSEL.BSE_IDX,01/07/2025,10:50:50,17065.54,0,0,0,0,0,0
MIDSEL.BSE_IDX,01/07/2025,10:50:58,17066.41,0,0,0,0,0,0
MIDSEL.BSE_IDX,01/07/2025,10:51:06,17066.45,0,0,0,0,0,0
MIDSEL.BSE_IDX,01/07/2025,10:51:14,17063.62,0,0,0,0,0,0
MIDSEL.BSE_IDX,01/07/2025,10:51:22,17063.57,0,0,0,0,0,0
MIDSEL.BSE_IDX,01/07/2025,10:51:30,17064.23,0,0,0,0,0,0
MIDSEL.BSE_IDX,01/07/2025,10:51:38,17063.67,0,0,0,0,0,0
MIDSEL.BSE_IDX,01/07/2025,10:51:46,17063.81,0,0,0,0,0,0
MIDSEL.BSE_IDX,01/07/2025,10:51:54,17063.85,0,0,0,0,0,0
MIDSEL.BSE_IDX,01/07/2025,10:52:02,17063.39,0,0,0,0,0,0
MIDSEL.BSE_IDX,01/07/2025,10:52:10,17061.54,0,0,0,0,0,0
MIDSEL.BSE_IDX,01/07/2025,10:52:18,17060.79,0,0,0,0,0,0
MIDSEL.BSE_IDX,01/07/2025,10:52:26,17058.56,0,0,0,0,0,0
MIDSEL.BSE_IDX,01/07/2025,10:52:34,17058.14,0,0,0,0,0,0
MIDSEL.BSE_IDX,01/07/2025,10:52:43,17056.41,0,0,0,0,0,0
MIDSEL.BSE_IDX,01/07/2025,10:52:50,17053.53,0,0,0,0,0,0
MIDSEL.BSE_IDX,01/07/2025,10:52:58,17052.24,0,0,0,0,0,0
MIDSEL.BSE_IDX,01/07/2025,10:53:06,17051.34,0,0,0,0,0,0
MIDSEL.BSE_IDX,01/07/2025,10:53:14,17049.23,0,0,0,0,0,0
MIDSEL.BSE_IDX,01/07/2025,10:53:22,17050.61,0,0,0,0,0,0
MIDSEL.BSE_IDX,01/07/2025,10:53:30,17049.92,0,0,0,0,0,0
MIDSEL.BSE_IDX,01/07/2025,10:53:38,17049.89,0,0,0,0,0,0
MIDSEL.BSE_IDX,01/07/2025,10:53:46,17050.22,0,0,0,0,0,0
MIDSEL.BSE_IDX,01/07/2025,10:53:54,17050.59,0,0,0,0,0,0
MIDSEL.BSE_IDX,01/07/2025,10:54:02,17052.82,0,0,0,0,0,0
MIDSEL.BSE_IDX,01/07/2025,10:54:10,17053.21,0,0,0,0,0,0
MIDSEL.BSE_IDX,01/07/2025,10:54:18,17051.28,0,0,0,0,0,0
MIDSEL.BSE_IDX,01/07/2025,10:54:26,17051.58,0,0,0,0,0,0
MIDSEL.BSE_IDX,01/07/2025,10:54:34,17052.79,0,0,0,0,0,0
MIDSEL.BSE_IDX,01/07/2025,10:54:42,17052.62,0,0,0,0,0,0
MIDSEL.BSE_IDX,01/07/2025,10:54:51,17052.26,0,0,0,0,0,0
MIDSEL.BSE_IDX,01/07/2025,10:54:58,17052.89,0,0,0,0,0,0
MIDSEL.BSE_IDX,01/07/2025,10:55:06,17052.86,0,0,0,0,0,0
MIDSEL.BSE_IDX,01/07/2025,10:55:14,17054.36,0,0,0,0,0,0
MIDSEL.BSE_IDX,01/07/2025,10:55:22,17053.45,0,0,0,0,0,0
MIDSEL.BSE_IDX,01/07/2025,10:55:30,17053.11,0,0,0,0,0,0
MIDSEL.BSE_IDX,01/07/2025,10:55:38,17053.86,0,0,0,0,0,0
MIDSEL.BSE_IDX,01/07/2025,10:55:46,17052.37,0,0,0,0,0,0
MIDSEL.BSE_IDX,01/07/2025,10:55:54,17051.68,0,0,0,0,0,0
MIDSEL.BSE_IDX,01/07/2025,10:56:02,17048.8,0,0,0,0,0,0
MIDSEL.BSE_IDX,01/07/2025,10:56:10,17048.62,0,0,0,0,0,0
MIDSEL.BSE_IDX,01/07/2025,10:56:18,17048.1,0,0,0,0,0,0
MIDSEL.BSE_IDX,01/07/2025,10:56:26,17049.38,0,0,0,0,0,0
MIDSEL.BSE_IDX,01/07/2025,10:56:34,17049.05,0,0,0,0,0,0
MIDSEL.BSE_IDX,01/07/2025,10:56:42,17048.08,0,0,0,0,0,0
MIDSEL.BSE_IDX,01/07/2025,10:56:50,17047.85,0,0,0,0,0,0
MIDSEL.BSE_IDX,01/07/2025,10:56:58,17046.53,0,0,0,0,0,0
MIDSEL.BSE_IDX,01/07/2025,10:57:06,17043.79,0,0,0,0,0,0
MIDSEL.BSE_IDX,01/07/2025,10:57:14,17042.78,0,0,0,0,0,0
MIDSEL.BSE_IDX,01/07/2025,10:57:22,17041.74,0,0,0,0,0,0
MIDSEL.BSE_IDX,01/07/2025,10:57:30,17041.68,0,0,0,0,0,0
MIDSEL.BSE_IDX,01/07/2025,10:57:39,17044.59,0,0,0,0,0,0
MIDSEL.BSE_IDX,01/07/2025,10:57:46,17045.07,0,0,0,0,0,0
MIDSEL.BSE_IDX,01/07/2025,10:57:54,17043.08,0,0,0,0,0,0
MIDSEL.BSE_IDX,01/07/2025,10:58:02,17042.3,0,0,0,0,0,0
MIDSEL.BSE_IDX,01/07/2025,10:58:10,17043.38,0,0,0,0,0,0
MIDSEL.BSE_IDX,01/07/2025,10:58:18,17043.93,0,0,0,0,0,0
MIDSEL.BSE_IDX,01/07/2025,10:58:26,17044.34,0,0,0,0,0,0
MIDSEL.BSE_IDX,01/07/2025,10:58:34,17044.35,0,0,0,0,0,0
MIDSEL.BSE_IDX,01/07/2025,10:58:42,17044.64,0,0,0,0,0,0
MIDSEL.BSE_IDX,01/07/2025,10:58:50,17044.42,0,0,0,0,0,0
MIDSEL.BSE_IDX,01/07/2025,10:58:58,17045.29,0,0,0,0,0,0
MIDSEL.BSE_IDX,01/07/2025,10:59:06,17043.75,0,0,0,0,0,0
MIDSEL.BSE_IDX,01/07/2025,10:59:14,17043.24,0,0,0,0,0,0
MIDSEL.BSE_IDX,01/07/2025,10:59:22,17042.35,0,0,0,0,0,0
MIDSEL.BSE_IDX,01/07/2025,10:59:30,17041.75,0,0,0,0,0,0
MIDSEL.BSE_IDX,01/07/2025,10:59:38,17041.78,0,0,0,0,0,0
MIDSEL.BSE_IDX,01/07/2025,10:59:47,17039.43,0,0,0,0,0,0
MIDSEL.BSE_IDX,01/07/2025,10:59:55,17037.91,0,0,0,0,0,0
MIDSEL.BSE_IDX,01/07/2025,11:00:03,17038.46,0,0,0,0,0,0
MIDSEL.BSE_IDX,01/07/2025,11:00:11,17036.69,0,0,0,0,0,0
MIDSEL.BSE_IDX,01/07/2025,11:00:18,17037.61,0,0,0,0,0,0
MIDSEL.BSE_IDX,01/07/2025,11:00:26,17037.01,0,0,0,0,0,0
MIDSEL.BSE_IDX,01/07/2025,11:00:34,17037.13,0,0,0,0,0,0
MIDSEL.BSE_IDX,01/07/2025,11:00:42,17036.52,0,0,0,0,0,0
MIDSEL.BSE_IDX,01/07/2025,11:00:50,17034.98,0,0,0,0,0,0
MIDSEL.BSE_IDX,01/07/2025,11:00:58,17035.4,0,0,0,0,0,0
MIDSEL.BSE_IDX,01/07/2025,11:01:06,17037.08,0,0,0,0,0,0
MIDSEL.BSE_IDX,01/07/2025,11:01:15,17037.98,0,0,0,0,0,0
MIDSEL.BSE_IDX,01/07/2025,11:01:22,17037.38,0,0,0,0,0,0
MIDSEL.BSE_IDX,01/07/2025,11:01:30,17037.86,0,0,0,0,0,0
MIDSEL.BSE_IDX,01/07/2025,11:01:38,17038.52,0,0,0,0,0,0
MIDSEL.BSE_IDX,01/07/2025,11:01:46,17038.36,0,0,0,0,0,0
MIDSEL.BSE_IDX,01/07/2025,11:01:54,17038.98,0,0,0,0,0,0
MIDSEL.BSE_IDX,01/07/2025,11:02:02,17040.89,0,0,0,0,0,0
MIDSEL.BSE_IDX,01/07/2025,11:02:10,17039.35,0,0,0,0,0,0
MIDSEL.BSE_IDX,01/07/2025,11:02:18,17039.83,0,0,0,0,0,0
MIDSEL.BSE_IDX,01/07/2025,11:02:27,17039.6,0,0,0,0,0,0
MIDSEL.BSE_IDX,01/07/2025,11:02:34,17036.96,0,0,0,0,0,0
MIDSEL.BSE_IDX,01/07/2025,11:02:42,17036.12,0,0,0,0,0,0
MIDSEL.BSE_IDX,01/07/2025,11:02:51,17036.83,0,0,0,0,0,0
MIDSEL.BSE_IDX,01/07/2025,11:02:58,17034.36,0,0,0,0,0,0
MIDSEL.BSE_IDX,01/07/2025,11:03:06,17032.53,0,0,0,0,0,0
MIDSEL.BSE_IDX,01/07/2025,11:03:14,17032.4,0,0,0,0,0,0
MIDSEL.BSE_IDX,01/07/2025,11:03:22,17032.4,0,0,0,0,0,0
MIDSEL.BSE_IDX,01/07/2025,11:03:31,17032.54,0,0,0,0,0,0
MIDSEL.BSE_IDX,01/07/2025,11:03:38,17031.79,0,0,0,0,0,0
MIDSEL.BSE_IDX,01/07/2025,11:03:46,17032.39,0,0,0,0,0,0
MIDSEL.BSE_IDX,01/07/2025,11:03:54,17033.36,0,0,0,0,0,0
MIDSEL.BSE_IDX,01/07/2025,11:04:02,17031.82,0,0,0,0,0,0
MIDSEL.BSE_IDX,01/07/2025,11:04:10,17031.15,0,0,0,0,0,0
MIDSEL.BSE_IDX,01/07/2025,11:04:18,17030.34,0,0,0,0,0,0
MIDSEL.BSE_IDX,01/07/2025,11:04:27,17030.76,0,0,0,0,0,0
MIDSEL.BSE_IDX,01/07/2025,11:04:34,17031.2,0,0,0,0,0,0
MIDSEL.BSE_IDX,01/07/2025,11:04:42,17032.71,0,0,0,0,0,0
MIDSEL.BSE_IDX,01/07/2025,11:04:51,17034.03,0,0,0,0,0,0
MIDSEL.BSE_IDX,01/07/2025,11:04:58,17034.94,0,0,0,0,0,0
MIDSEL.BSE_IDX,01/07/2025,11:05:06,17035.31,0,0,0,0,0,0
MIDSEL.BSE_IDX,01/07/2025,11:05:14,17037.91,0,0,0,0,0,0
MIDSEL.BSE_IDX,01/07/2025,11:05:22,17037.22,0,0,0,0,0,0
MIDSEL.BSE_IDX,01/07/2025,11:05:30,17038.72,0,0,0,0,0,0
MIDSEL.BSE_IDX,01/07/2025,11:05:38,17040.4,0,0,0,0,0,0
MIDSEL.BSE_IDX,01/07/2025,11:05:46,17040.58,0,0,0,0,0,0
MIDSEL.BSE_IDX,01/07/2025,11:05:54,17040.4,0,0,0,0,0,0
MIDSEL.BSE_IDX,01/07/2025,11:06:02,17042.67,0,0,0,0,0,0
MIDSEL.BSE_IDX,01/07/2025,11:06:11,17041.86,0,0,0,0,0,0
MIDSEL.BSE_IDX,01/07/2025,11:06:19,17044.82,0,0,0,0,0,0
MIDSEL.BSE_IDX,01/07/2025,11:06:26,17045.88,0,0,0,0,0,0
MIDSEL.BSE_IDX,01/07/2025,11:06:34,17047.03,0,0,0,0,0,0
MIDSEL.BSE_IDX,01/07/2025,11:06:42,17046.6,0,0,0,0,0,0
MIDSEL.BSE_IDX,01/07/2025,11:06:50,17047.23,0,0,0,0,0,0
MIDSEL.BSE_IDX,01/07/2025,11:06:58,17048.5,0,0,0,0,0,0
MIDSEL.BSE_IDX,01/07/2025,11:07:06,17050.01,0,0,0,0,0,0
MIDSEL.BSE_IDX,01/07/2025,11:07:15,17053.71,0,0,0,0,0,0
MIDSEL.BSE_IDX,01/07/2025,11:07:22,17053.26,0,0,0,0,0,0
MIDSEL.BSE_IDX,01/07/2025,11:07:30,17053.55,0,0,0,0,0,0
MIDSEL.BSE_IDX,01/07/2025,11:07:38,17054.44,0,0,0,0,0,0
MIDSEL.BSE_IDX,01/07/2025,11:07:46,17057.4,0,0,0,0,0,0
MIDSEL.BSE_IDX,01/07/2025,11:07:54,17056.04,0,0,0,0,0,0
MIDSEL.BSE_IDX,01/07/2025,11:08:02,17056.49,0,0,0,0,0,0
MIDSEL.BSE_IDX,01/07/2025,11:08:11,17056.52,0,0,0,0,0,0
MIDSEL.BSE_IDX,01/07/2025,11:08:18,17056.53,0,0,0,0,0,0
MIDSEL.BSE_IDX,01/07/2025,11:08:27,17057.77,0,0,0,0,0,0
MIDSEL.BSE_IDX,01/07/2025,11:08:35,17059,0,0,0,0,0,0
MIDSEL.BSE_IDX,01/07/2025,11:08:43,17061.86,0,0,0,0,0,0
MIDSEL.BSE_IDX,01/07/2025,11:08:51,17063.44,0,0,0,0,0,0
MIDSEL.BSE_IDX,01/07/2025,11:08:58,17063.39,0,0,0,0,0,0
MIDSEL.BSE_IDX,01/07/2025,11:09:07,17064.33,0,0,0,0,0,0
MIDSEL.BSE_IDX,01/07/2025,11:09:15,17065.75,0,0,0,0,0,0
MIDSEL.BSE_IDX,01/07/2025,11:09:23,17065.48,0,0,0,0,0,0
MIDSEL.BSE_IDX,01/07/2025,11:09:31,17065.31,0,0,0,0,0,0
MIDSEL.BSE_IDX,01/07/2025,11:09:39,17065.5,0,0,0,0,0,0
MIDSEL.BSE_IDX,01/07/2025,11:09:46,17065.93,0,0,0,0,0,0
MIDSEL.BSE_IDX,01/07/2025,11:09:55,17065.4,0,0,0,0,0,0
MIDSEL.BSE_IDX,01/07/2025,11:10:03,17065.83,0,0,0,0,0,0
MIDSEL.BSE_IDX,01/07/2025,11:10:11,17065.85,0,0,0,0,0,0
MIDSEL.BSE_IDX,01/07/2025,11:10:19,17065.56,0,0,0,0,0,0
MIDSEL.BSE_IDX,01/07/2025,11:10:27,17066.47,0,0,0,0,0,0
MIDSEL.BSE_IDX,01/07/2025,11:10:35,17064.56,0,0,0,0,0,0
MIDSEL.BSE_IDX,01/07/2025,11:10:43,17066.9,0,0,0,0,0,0
MIDSEL.BSE_IDX,01/07/2025,11:10:51,17065.76,0,0,0,0,0,0
MIDSEL.BSE_IDX,01/07/2025,11:10:59,17065.05,0,0,0,0,0,0
MIDSEL.BSE_IDX,01/07/2025,11:11:07,17064.74,0,0,0,0,0,0
MIDSEL.BSE_IDX,01/07/2025,11:11:15,17065.3,0,0,0,0,0,0
MIDSEL.BSE_IDX,01/07/2025,11:11:23,17064.09,0,0,0,0,0,0
MIDSEL.BSE_IDX,01/07/2025,11:11:31,17063.71,0,0,0,0,0,0
MIDSEL.BSE_IDX,01/07/2025,11:11:39,17062.79,0,0,0,0,0,0
MIDSEL.BSE_IDX,01/07/2025,11:11:47,17059.43,0,0,0,0,0,0
MIDSEL.BSE_IDX,01/07/2025,11:11:55,17059.84,0,0,0,0,0,0
MIDSEL.BSE_IDX,01/07/2025,11:12:03,17061.47,0,0,0,0,0,0
MIDSEL.BSE_IDX,01/07/2025,11:12:11,17061.33,0,0,0,0,0,0
MIDSEL.BSE_IDX,01/07/2025,11:12:19,17061.1,0,0,0,0,0,0
MIDSEL.BSE_IDX,01/07/2025,11:12:27,17061.97,0,0,0,0,0,0
MIDSEL.BSE_IDX,01/07/2025,11:12:35,17063.19,0,0,0,0,0,0
MIDSEL.BSE_IDX,01/07/2025,11:12:43,17064,0,0,0,0,0,0
MIDSEL.BSE_IDX,01/07/2025,11:12:51,17064.17,0,0,0,0,0,0
MIDSEL.BSE_IDX,01/07/2025,11:12:59,17064.29,0,0,0,0,0,0
MIDSEL.BSE_IDX,01/07/2025,11:13:07,17063.45,0,0,0,0,0,0
MIDSEL.BSE_IDX,01/07/2025,11:13:16,17063.08,0,0,0,0,0,0
MIDSEL.BSE_IDX,01/07/2025,11:13:23,17063,0,0,0,0,0,0
MIDSEL.BSE_IDX,01/07/2025,11:13:31,17064.33,0,0,0,0,0,0
MIDSEL.BSE_IDX,01/07/2025,11:13:39,17064.23,0,0,0,0,0,0
MIDSEL.BSE_IDX,01/07/2025,11:13:47,17064.83,0,0,0,0,0,0
MIDSEL.BSE_IDX,01/07/2025,11:13:55,17064.42,0,0,0,0,0,0
MIDSEL.BSE_IDX,01/07/2025,11:14:03,17063.92,0,0,0,0,0,0
MIDSEL.BSE_IDX,01/07/2025,11:14:11,17062.31,0,0,0,0,0,0
MIDSEL.BSE_IDX,01/07/2025,11:14:19,17061.65,0,0,0,0,0,0
MIDSEL.BSE_IDX,01/07/2025,11:14:27,17062.42,0,0,0,0,0,0
MIDSEL.BSE_IDX,01/07/2025,11:14:35,17063.82,0,0,0,0,0,0
MIDSEL.BSE_IDX,01/07/2025,11:14:43,17063.17,0,0,0,0,0,0
MIDSEL.BSE_IDX,01/07/2025,11:14:51,17062.99,0,0,0,0,0,0
MIDSEL.BSE_IDX,01/07/2025,11:14:59,17064.16,0,0,0,0,0,0
MIDSEL.BSE_IDX,01/07/2025,11:15:07,17064.24,0,0,0,0,0,0
MIDSEL.BSE_IDX,01/07/2025,11:15:15,17063.35,0,0,0,0,0,0
MIDSEL.BSE_IDX,01/07/2025,11:15:23,17064.22,0,0,0,0,0,0
MIDSEL.BSE_IDX,01/07/2025,11:15:31,17062.56,0,0,0,0,0,0
MIDSEL.BSE_IDX,01/07/2025,11:15:39,17063.37,0,0,0,0,0,0
MIDSEL.BSE_IDX,01/07/2025,11:15:47,17062.59,0,0,0,0,0,0
MIDSEL.BSE_IDX,01/07/2025,11:15:56,17061.04,0,0,0,0,0,0
MIDSEL.BSE_IDX,01/07/2025,11:16:03,17061.47,0,0,0,0,0,0
MIDSEL.BSE_IDX,01/07/2025,11:16:11,17061.74,0,0,0,0,0,0
MIDSEL.BSE_IDX,01/07/2025,11:16:19,17060.61,0,0,0,0,0,0
MIDSEL.BSE_IDX,01/07/2025,11:16:27,17059.07,0,0,0,0,0,0
MIDSEL.BSE_IDX,01/07/2025,11:16:35,17057.65,0,0,0,0,0,0
MIDSEL.BSE_IDX,01/07/2025,11:16:43,17058.6,0,0,0,0,0,0
MIDSEL.BSE_IDX,01/07/2025,11:16:51,17056.54,0,0,0,0,0,0
MIDSEL.BSE_IDX,01/07/2025,11:16:59,17056.04,0,0,0,0,0,0
MIDSEL.BSE_IDX,01/07/2025,11:17:07,17055.45,0,0,0,0,0,0
MIDSEL.BSE_IDX,01/07/2025,11:17:15,17056.82,0,0,0,0,0,0
MIDSEL.BSE_IDX,01/07/2025,11:17:23,17056.02,0,0,0,0,0,0
MIDSEL.BSE_IDX,01/07/2025,11:17:31,17056.27,0,0,0,0,0,0
MIDSEL.BSE_IDX,01/07/2025,11:17:39,17056.87,0,0,0,0,0,0
MIDSEL.BSE_IDX,01/07/2025,11:17:47,17058.08,0,0,0,0,0,0
MIDSEL.BSE_IDX,01/07/2025,11:17:57,17060.9,0,0,0,0,0,0
MIDSEL.BSE_IDX,01/07/2025,11:18:03,17061.6,0,0,0,0,0,0
MIDSEL.BSE_IDX,01/07/2025,11:18:11,17061.78,0,0,0,0,0,0
MIDSEL.BSE_IDX,01/07/2025,11:18:19,17062.37,0,0,0,0,0,0
MIDSEL.BSE_IDX,01/07/2025,11:18:27,17064.05,0,0,0,0,0,0
MIDSEL.BSE_IDX,01/07/2025,11:18:35,17063.75,0,0,0,0,0,0
MIDSEL.BSE_IDX,01/07/2025,11:18:44,17064.19,0,0,0,0,0,0
MIDSEL.BSE_IDX,01/07/2025,11:18:51,17062.99,0,0,0,0,0,0
MIDSEL.BSE_IDX,01/07/2025,11:18:59,17061.84,0,0,0,0,0,0
MIDSEL.BSE_IDX,01/07/2025,11:19:08,17062.9,0,0,0,0,0,0
MIDSEL.BSE_IDX,01/07/2025,11:19:15,17063.86,0,0,0,0,0,0
MIDSEL.BSE_IDX,01/07/2025,11:19:23,17062.16,0,0,0,0,0,0
MIDSEL.BSE_IDX,01/07/2025,11:19:31,17060.05,0,0,0,0,0,0
MIDSEL.BSE_IDX,01/07/2025,11:19:39,17060.56,0,0,0,0,0,0
MIDSEL.BSE_IDX,01/07/2025,11:19:47,17058.17,0,0,0,0,0,0
MIDSEL.BSE_IDX,01/07/2025,11:19:55,17056.8,0,0,0,0,0,0
MIDSEL.BSE_IDX,01/07/2025,11:20:03,17056.89,0,0,0,0,0,0
MIDSEL.BSE_IDX,01/07/2025,11:20:11,17056.36,0,0,0,0,0,0
MIDSEL.BSE_IDX,01/07/2025,11:20:19,17055.2,0,0,0,0,0,0
MIDSEL.BSE_IDX,01/07/2025,11:20:27,17056.76,0,0,0,0,0,0
MIDSEL.BSE_IDX,01/07/2025,11:20:35,17058.56,0,0,0,0,0,0
MIDSEL.BSE_IDX,01/07/2025,11:20:43,17059.18,0,0,0,0,0,0
MIDSEL.BSE_IDX,01/07/2025,11:20:51,17057.87,0,0,0,0,0,0
MIDSEL.BSE_IDX,01/07/2025,11:20:59,17057.55,0,0,0,0,0,0
MIDSEL.BSE_IDX,01/07/2025,11:21:07,17057.9,0,0,0,0,0,0
MIDSEL.BSE_IDX,01/07/2025,11:21:15,17058.15,0,0,0,0,0,0
MIDSEL.BSE_IDX,01/07/2025,11:21:24,17058.86,0,0,0,0,0,0
MIDSEL.BSE_IDX,01/07/2025,11:21:31,17060.28,0,0,0,0,0,0
MIDSEL.BSE_IDX,01/07/2025,11:21:39,17061.85,0,0,0,0,0,0
MIDSEL.BSE_IDX,01/07/2025,11:21:47,17060.67,0,0,0,0,0,0
MIDSEL.BSE_IDX,01/07/2025,11:21:56,17060.49,0,0,0,0,0,0
MIDSEL.BSE_IDX,01/07/2025,11:22:03,17060.92,0,0,0,0,0,0
MIDSEL.BSE_IDX,01/07/2025,11:22:11,17061.57,0,0,0,0,0,0
MIDSEL.BSE_IDX,01/07/2025,11:22:19,17062.48,0,0,0,0,0,0
MIDSEL.BSE_IDX,01/07/2025,11:22:28,17062.19,0,0,0,0,0,0
MIDSEL.BSE_IDX,01/07/2025,11:22:35,17061.65,0,0,0,0,0,0
MIDSEL.BSE_IDX,01/07/2025,11:22:43,17061.68,0,0,0,0,0,0
MIDSEL.BSE_IDX,01/07/2025,11:22:51,17060.93,0,0,0,0,0,0
MIDSEL.BSE_IDX,01/07/2025,11:22:59,17059.68,0,0,0,0,0,0
MIDSEL.BSE_IDX,01/07/2025,11:23:07,17061.57,0,0,0,0,0,0
MIDSEL.BSE_IDX,01/07/2025,11:23:15,17061.84,0,0,0,0,0,0
MIDSEL.BSE_IDX,01/07/2025,11:23:23,17061.47,0,0,0,0,0,0
MIDSEL.BSE_IDX,01/07/2025,11:23:31,17059.49,0,0,0,0,0,0
MIDSEL.BSE_IDX,01/07/2025,11:23:39,17061.06,0,0,0,0,0,0
MIDSEL.BSE_IDX,01/07/2025,11:23:47,17059.72,0,0,0,0,0,0
MIDSEL.BSE_IDX,01/07/2025,11:23:55,17061.6,0,0,0,0,0,0
MIDSEL.BSE_IDX,01/07/2025,11:24:04,17061.83,0,0,0,0,0,0
MIDSEL.BSE_IDX,01/07/2025,11:24:11,17063.78,0,0,0,0,0,0
MIDSEL.BSE_IDX,01/07/2025,11:24:19,17063.4,0,0,0,0,0,0
MIDSEL.BSE_IDX,01/07/2025,11:24:27,17064.16,0,0,0,0,0,0
MIDSEL.BSE_IDX,01/07/2025,11:24:35,17063.16,0,0,0,0,0,0
MIDSEL.BSE_IDX,01/07/2025,11:24:43,17062.8,0,0,0,0,0,0
MIDSEL.BSE_IDX,01/07/2025,11:24:52,17062.28,0,0,0,0,0,0
MIDSEL.BSE_IDX,01/07/2025,11:25:00,17062.2,0,0,0,0,0,0
MIDSEL.BSE_IDX,01/07/2025,11:25:07,17060.92,0,0,0,0,0,0
MIDSEL.BSE_IDX,01/07/2025,11:25:15,17062.19,0,0,0,0,0,0
MIDSEL.BSE_IDX,01/07/2025,11:25:23,17060.97,0,0,0,0,0,0
MIDSEL.BSE_IDX,01/07/2025,11:25:31,17059.21,0,0,0,0,0,0
MIDSEL.BSE_IDX,01/07/2025,11:25:41,17060.8,0,0,0,0,0,0
MIDSEL.BSE_IDX,01/07/2025,11:25:47,17061.22,0,0,0,0,0,0
MIDSEL.BSE_IDX,01/07/2025,11:25:55,17061.1,0,0,0,0,0,0
MIDSEL.BSE_IDX,01/07/2025,11:26:03,17061.31,0,0,0,0,0,0
MIDSEL.BSE_IDX,01/07/2025,11:26:11,17063.44,0,0,0,0,0,0
MIDSEL.BSE_IDX,01/07/2025,11:26:19,17064.46,0,0,0,0,0,0
MIDSEL.BSE_IDX,01/07/2025,11:26:27,17064.71,0,0,0,0,0,0
MIDSEL.BSE_IDX,01/07/2025,11:26:35,17064.79,0,0,0,0,0,0
MIDSEL.BSE_IDX,01/07/2025,11:26:43,17063.54,0,0,0,0,0,0
MIDSEL.BSE_IDX,01/07/2025,11:26:51,17063.58,0,0,0,0,0,0
MIDSEL.BSE_IDX,01/07/2025,11:26:59,17065.17,0,0,0,0,0,0
MIDSEL.BSE_IDX,01/07/2025,11:27:07,17063.89,0,0,0,0,0,0
MIDSEL.BSE_IDX,01/07/2025,11:27:15,17063.04,0,0,0,0,0,0
MIDSEL.BSE_IDX,01/07/2025,11:27:23,17063.2,0,0,0,0,0,0
MIDSEL.BSE_IDX,01/07/2025,11:27:31,17063.84,0,0,0,0,0,0
MIDSEL.BSE_IDX,01/07/2025,11:27:39,17063.85,0,0,0,0,0,0
MIDSEL.BSE_IDX,01/07/2025,11:27:47,17063.66,0,0,0,0,0,0
MIDSEL.BSE_IDX,01/07/2025,11:27:55,17063.57,0,0,0,0,0,0
MIDSEL.BSE_IDX,01/07/2025,11:28:03,17063.96,0,0,0,0,0,0
MIDSEL.BSE_IDX,01/07/2025,11:28:11,17064.48,0,0,0,0,0,0
MIDSEL.BSE_IDX,01/07/2025,11:28:19,17063.21,0,0,0,0,0,0
MIDSEL.BSE_IDX,01/07/2025,11:28:27,17062.68,0,0,0,0,0,0
MIDSEL.BSE_IDX,01/07/2025,11:28:36,17063.62,0,0,0,0,0,0
MIDSEL.BSE_IDX,01/07/2025,11:28:43,17061.81,0,0,0,0,0,0
MIDSEL.BSE_IDX,01/07/2025,11:28:51,17062.31,0,0,0,0,0,0
MIDSEL.BSE_IDX,01/07/2025,11:28:59,17062.77,0,0,0,0,0,0
MIDSEL.BSE_IDX,01/07/2025,11:29:07,17061.68,0,0,0,0,0,0
MIDSEL.BSE_IDX,01/07/2025,11:29:16,17060.96,0,0,0,0,0,0
MIDSEL.BSE_IDX,01/07/2025,11:29:24,17061.44,0,0,0,0,0,0
MIDSEL.BSE_IDX,01/07/2025,11:29:31,17061.43,0,0,0,0,0,0
MIDSEL.BSE_IDX,01/07/2025,11:29:39,17063.46,0,0,0,0,0,0
MIDSEL.BSE_IDX,01/07/2025,11:29:47,17062.83,0,0,0,0,0,0
MIDSEL.BSE_IDX,01/07/2025,11:29:55,17064.33,0,0,0,0,0,0
MIDSEL.BSE_IDX,01/07/2025,11:30:03,17064.53,0,0,0,0,0,0
MIDSEL.BSE_IDX,01/07/2025,11:30:11,17064.89,0,0,0,0,0,0
MIDSEL.BSE_IDX,01/07/2025,11:30:19,17068.15,0,0,0,0,0,0
MIDSEL.BSE_IDX,01/07/2025,11:30:27,17067.99,0,0,0,0,0,0
MIDSEL.BSE_IDX,01/07/2025,11:30:35,17069.47,0,0,0,0,0,0
MIDSEL.BSE_IDX,01/07/2025,11:30:43,17069.23,0,0,0,0,0,0
MIDSEL.BSE_IDX,01/07/2025,11:30:51,17066.78,0,0,0,0,0,0
MIDSEL.BSE_IDX,01/07/2025,11:30:59,17066.07,0,0,0,0,0,0
MIDSEL.BSE_IDX,01/07/2025,11:31:07,17067.61,0,0,0,0,0,0
MIDSEL.BSE_IDX,01/07/2025,11:31:15,17065.66,0,0,0,0,0,0
MIDSEL.BSE_IDX,01/07/2025,11:31:23,17064.93,0,0,0,0,0,0
MIDSEL.BSE_IDX,01/07/2025,11:31:31,17064.78,0,0,0,0,0,0
MIDSEL.BSE_IDX,01/07/2025,11:31:39,17064.41,0,0,0,0,0,0
MIDSEL.BSE_IDX,01/07/2025,11:31:47,17064.69,0,0,0,0,0,0
MIDSEL.BSE_IDX,01/07/2025,11:31:55,17065.41,0,0,0,0,0,0
MIDSEL.BSE_IDX,01/07/2025,11:32:04,17065.02,0,0,0,0,0,0
MIDSEL.BSE_IDX,01/07/2025,11:32:11,17064.88,0,0,0,0,0,0
MIDSEL.BSE_IDX,01/07/2025,11:32:19,17064.33,0,0,0,0,0,0
MIDSEL.BSE_IDX,01/07/2025,11:32:27,17063.72,0,0,0,0,0,0
MIDSEL.BSE_IDX,01/07/2025,11:32:35,17063.14,0,0,0,0,0,0
MIDSEL.BSE_IDX,01/07/2025,11:32:43,17062.54,0,0,0,0,0,0
MIDSEL.BSE_IDX,01/07/2025,11:32:51,17063.63,0,0,0,0,0,0
MIDSEL.BSE_IDX,01/07/2025,11:32:59,17058.86,0,0,0,0,0,0
MIDSEL.BSE_IDX,01/07/2025,11:33:07,17057.41,0,0,0,0,0,0
MIDSEL.BSE_IDX,01/07/2025,11:33:15,17056.08,0,0,0,0,0,0
MIDSEL.BSE_IDX,01/07/2025,11:33:23,17056.55,0,0,0,0,0,0
MIDSEL.BSE_IDX,01/07/2025,11:33:31,17057.03,0,0,0,0,0,0
MIDSEL.BSE_IDX,01/07/2025,11:33:39,17056.44,0,0,0,0,0,0
MIDSEL.BSE_IDX,01/07/2025,11:33:47,17055.32,0,0,0,0,0,0
MIDSEL.BSE_IDX,01/07/2025,11:33:55,17056.43,0,0,0,0,0,0
MIDSEL.BSE_IDX,01/07/2025,11:34:03,17055.93,0,0,0,0,0,0
MIDSEL.BSE_IDX,01/07/2025,11:34:12,17055.71,0,0,0,0,0,0
MIDSEL.BSE_IDX,01/07/2025,11:34:19,17055.65,0,0,0,0,0,0
MIDSEL.BSE_IDX,01/07/2025,11:34:27,17054.86,0,0,0,0,0,0
MIDSEL.BSE_IDX,01/07/2025,11:34:35,17054.94,0,0,0,0,0,0
MIDSEL.BSE_IDX,01/07/2025,11:34:43,17055.24,0,0,0,0,0,0
MIDSEL.BSE_IDX,01/07/2025,11:34:51,17053.31,0,0,0,0,0,0
MIDSEL.BSE_IDX,01/07/2025,11:34:59,17053.47,0,0,0,0,0,0
MIDSEL.BSE_IDX,01/07/2025,11:35:07,17054.84,0,0,0,0,0,0
MIDSEL.BSE_IDX,01/07/2025,11:35:16,17053.65,0,0,0,0,0,0
MIDSEL.BSE_IDX,01/07/2025,11:35:23,17053.09,0,0,0,0,0,0
MIDSEL.BSE_IDX,01/07/2025,11:35:32,17051.67,0,0,0,0,0,0
MIDSEL.BSE_IDX,01/07/2025,11:35:39,17051.99,0,0,0,0,0,0
MIDSEL.BSE_IDX,01/07/2025,11:35:47,17053.21,0,0,0,0,0,0
MIDSEL.BSE_IDX,01/07/2025,11:35:55,17053.17,0,0,0,0,0,0
MIDSEL.BSE_IDX,01/07/2025,11:36:04,17053.36,0,0,0,0,0,0
MIDSEL.BSE_IDX,01/07/2025,11:36:11,17054.53,0,0,0,0,0,0
MIDSEL.BSE_IDX,01/07/2025,11:36:19,17052.93,0,0,0,0,0,0
MIDSEL.BSE_IDX,01/07/2025,11:36:28,17051.86,0,0,0,0,0,0
MIDSEL.BSE_IDX,01/07/2025,11:36:35,17051.18,0,0,0,0,0,0
MIDSEL.BSE_IDX,01/07/2025,11:36:43,17052.86,0,0,0,0,0,0
MIDSEL.BSE_IDX,01/07/2025,11:36:54,17052.47,0,0,0,0,0,0
MIDSEL.BSE_IDX,01/07/2025,11:36:59,17051.68,0,0,0,0,0,0
MIDSEL.BSE_IDX,01/07/2025,11:37:07,17051.9,0,0,0,0,0,0
MIDSEL.BSE_IDX,01/07/2025,11:37:15,17052.64,0,0,0,0,0,0
MIDSEL.BSE_IDX,01/07/2025,11:37:23,17052.11,0,0,0,0,0,0
MIDSEL.BSE_IDX,01/07/2025,11:37:31,17052.02,0,0,0,0,0,0
MIDSEL.BSE_IDX,01/07/2025,11:37:41,17051.85,0,0,0,0,0,0
MIDSEL.BSE_IDX,01/07/2025,11:37:47,17052.93,0,0,0,0,0,0
MIDSEL.BSE_IDX,01/07/2025,11:37:55,17052.4,0,0,0,0,0,0
MIDSEL.BSE_IDX,01/07/2025,11:38:03,17053.34,0,0,0,0,0,0
MIDSEL.BSE_IDX,01/07/2025,11:38:11,17052.67,0,0,0,0,0,0
MIDSEL.BSE_IDX,01/07/2025,11:38:20,17052.05,0,0,0,0,0,0
MIDSEL.BSE_IDX,01/07/2025,11:38:27,17052.82,0,0,0,0,0,0
MIDSEL.BSE_IDX,01/07/2025,11:38:35,17053.34,0,0,0,0,0,0
MIDSEL.BSE_IDX,01/07/2025,11:38:43,17054.66,0,0,0,0,0,0
MIDSEL.BSE_IDX,01/07/2025,11:38:51,17054.35,0,0,0,0,0,0
MIDSEL.BSE_IDX,01/07/2025,11:38:59,17055.1,0,0,0,0,0,0
MIDSEL.BSE_IDX,01/07/2025,11:39:07,17054.34,0,0,0,0,0,0
MIDSEL.BSE_IDX,01/07/2025,11:39:16,17054.5,0,0,0,0,0,0
MIDSEL.BSE_IDX,01/07/2025,11:39:23,17057.13,0,0,0,0,0,0
MIDSEL.BSE_IDX,01/07/2025,11:39:31,17057.23,0,0,0,0,0,0
MIDSEL.BSE_IDX,01/07/2025,11:39:39,17056.6,0,0,0,0,0,0
MIDSEL.BSE_IDX,01/07/2025,11:39:47,17055.94,0,0,0,0,0,0
MIDSEL.BSE_IDX,01/07/2025,11:39:55,17056.78,0,0,0,0,0,0
MIDSEL.BSE_IDX,01/07/2025,11:40:03,17057.09,0,0,0,0,0,0
MIDSEL.BSE_IDX,01/07/2025,11:40:11,17059.1,0,0,0,0,0,0
MIDSEL.BSE_IDX,01/07/2025,11:40:19,17059.79,0,0,0,0,0,0
MIDSEL.BSE_IDX,01/07/2025,11:40:27,17060.9,0,0,0,0,0,0
MIDSEL.BSE_IDX,01/07/2025,11:40:35,17062.09,0,0,0,0,0,0
MIDSEL.BSE_IDX,01/07/2025,11:40:43,17062.87,0,0,0,0,0,0
MIDSEL.BSE_IDX,01/07/2025,11:40:51,17063.06,0,0,0,0,0,0
MIDSEL.BSE_IDX,01/07/2025,11:41:00,17059.79,0,0,0,0,0,0
MIDSEL.BSE_IDX,01/07/2025,11:41:07,17059.76,0,0,0,0,0,0
MIDSEL.BSE_IDX,01/07/2025,11:41:15,17059.24,0,0,0,0,0,0
MIDSEL.BSE_IDX,01/07/2025,11:41:24,17061.74,0,0,0,0,0,0
MIDSEL.BSE_IDX,01/07/2025,11:41:32,17061.43,0,0,0,0,0,0
MIDSEL.BSE_IDX,01/07/2025,11:41:39,17063.69,0,0,0,0,0,0
MIDSEL.BSE_IDX,01/07/2025,11:41:48,17064,0,0,0,0,0,0
MIDSEL.BSE_IDX,01/07/2025,11:41:56,17062.38,0,0,0,0,0,0
MIDSEL.BSE_IDX,01/07/2025,11:42:04,17062.59,0,0,0,0,0,0
MIDSEL.BSE_IDX,01/07/2025,11:42:12,17062.62,0,0,0,0,0,0
MIDSEL.BSE_IDX,01/07/2025,11:42:20,17063.02,0,0,0,0,0,0
MIDSEL.BSE_IDX,01/07/2025,11:42:28,17065.78,0,0,0,0,0,0
MIDSEL.BSE_IDX,01/07/2025,11:42:36,17065.65,0,0,0,0,0,0
MIDSEL.BSE_IDX,01/07/2025,11:42:44,17066.34,0,0,0,0,0,0
MIDSEL.BSE_IDX,01/07/2025,11:42:52,17067.31,0,0,0,0,0,0
MIDSEL.BSE_IDX,01/07/2025,11:43:00,17067.53,0,0,0,0,0,0
MIDSEL.BSE_IDX,01/07/2025,11:43:08,17068.5,0,0,0,0,0,0
MIDSEL.BSE_IDX,01/07/2025,11:43:16,17067.89,0,0,0,0,0,0
MIDSEL.BSE_IDX,01/07/2025,11:43:24,17067.26,0,0,0,0,0,0
MIDSEL.BSE_IDX,01/07/2025,11:43:32,17067.45,0,0,0,0,0,0
MIDSEL.BSE_IDX,01/07/2025,11:43:40,17067.04,0,0,0,0,0,0
MIDSEL.BSE_IDX,01/07/2025,11:43:48,17066.62,0,0,0,0,0,0
MIDSEL.BSE_IDX,01/07/2025,11:43:56,17065.99,0,0,0,0,0,0
MIDSEL.BSE_IDX,01/07/2025,11:44:04,17064.61,0,0,0,0,0,0
MIDSEL.BSE_IDX,01/07/2025,11:44:12,17064.84,0,0,0,0,0,0
MIDSEL.BSE_IDX,01/07/2025,11:44:20,17065.85,0,0,0,0,0,0
MIDSEL.BSE_IDX,01/07/2025,11:44:28,17067.23,0,0,0,0,0,0
MIDSEL.BSE_IDX,01/07/2025,11:44:36,17066.85,0,0,0,0,0,0
MIDSEL.BSE_IDX,01/07/2025,11:44:44,17066.97,0,0,0,0,0,0
MIDSEL.BSE_IDX,01/07/2025,11:44:52,17065.61,0,0,0,0,0,0
MIDSEL.BSE_IDX,01/07/2025,11:45:00,17066.58,0,0,0,0,0,0
MIDSEL.BSE_IDX,01/07/2025,11:45:08,17065.72,0,0,0,0,0,0
MIDSEL.BSE_IDX,01/07/2025,11:45:16,17066.6,0,0,0,0,0,0
MIDSEL.BSE_IDX,01/07/2025,11:45:24,17066.56,0,0,0,0,0,0
MIDSEL.BSE_IDX,01/07/2025,11:45:32,17066.4,0,0,0,0,0,0
MIDSEL.BSE_IDX,01/07/2025,11:45:40,17064.96,0,0,0,0,0,0
MIDSEL.BSE_IDX,01/07/2025,11:45:48,17065.46,0,0,0,0,0,0
MIDSEL.BSE_IDX,01/07/2025,11:45:56,17066.91,0,0,0,0,0,0
MIDSEL.BSE_IDX,01/07/2025,11:46:04,17066.29,0,0,0,0,0,0
MIDSEL.BSE_IDX,01/07/2025,11:46:12,17065.73,0,0,0,0,0,0
MIDSEL.BSE_IDX,01/07/2025,11:46:20,17065.8,0,0,0,0,0,0
MIDSEL.BSE_IDX,01/07/2025,11:46:28,17065.03,0,0,0,0,0,0
MIDSEL.BSE_IDX,01/07/2025,11:46:36,17066.91,0,0,0,0,0,0
MIDSEL.BSE_IDX,01/07/2025,11:46:44,17066.27,0,0,0,0,0,0
MIDSEL.BSE_IDX,01/07/2025,11:46:52,17064.84,0,0,0,0,0,0
MIDSEL.BSE_IDX,01/07/2025,11:47:00,17064.7,0,0,0,0,0,0
MIDSEL.BSE_IDX,01/07/2025,11:47:08,17062.97,0,0,0,0,0,0
MIDSEL.BSE_IDX,01/07/2025,11:47:16,17061.67,0,0,0,0,0,0
MIDSEL.BSE_IDX,01/07/2025,11:47:24,17061.07,0,0,0,0,0,0
MIDSEL.BSE_IDX,01/07/2025,11:47:32,17061.66,0,0,0,0,0,0
MIDSEL.BSE_IDX,01/07/2025,11:47:40,17061.27,0,0,0,0,0,0
MIDSEL.BSE_IDX,01/07/2025,11:47:48,17061.58,0,0,0,0,0,0
MIDSEL.BSE_IDX,01/07/2025,11:47:56,17062.03,0,0,0,0,0,0
MIDSEL.BSE_IDX,01/07/2025,11:48:04,17060.57,0,0,0,0,0,0
MIDSEL.BSE_IDX,01/07/2025,11:48:12,17060.58,0,0,0,0,0,0
MIDSEL.BSE_IDX,01/07/2025,11:48:20,17061.5,0,0,0,0,0,0
MIDSEL.BSE_IDX,01/07/2025,11:48:28,17061.51,0,0,0,0,0,0
MIDSEL.BSE_IDX,01/07/2025,11:48:36,17060.91,0,0,0,0,0,0
MIDSEL.BSE_IDX,01/07/2025,11:48:44,17060.59,0,0,0,0,0,0
MIDSEL.BSE_IDX,01/07/2025,11:48:52,17060.66,0,0,0,0,0,0
MIDSEL.BSE_IDX,01/07/2025,11:49:01,17061.18,0,0,0,0,0,0
MIDSEL.BSE_IDX,01/07/2025,11:49:09,17059.47,0,0,0,0,0,0
MIDSEL.BSE_IDX,01/07/2025,11:49:16,17060.24,0,0,0,0,0,0
MIDSEL.BSE_IDX,01/07/2025,11:49:24,17060.37,0,0,0,0,0,0
MIDSEL.BSE_IDX,01/07/2025,11:49:32,17060.18,0,0,0,0,0,0
MIDSEL.BSE_IDX,01/07/2025,11:49:40,17059.68,0,0,0,0,0,0
MIDSEL.BSE_IDX,01/07/2025,11:49:49,17058.28,0,0,0,0,0,0
MIDSEL.BSE_IDX,01/07/2025,11:49:56,17059.49,0,0,0,0,0,0
MIDSEL.BSE_IDX,01/07/2025,11:50:04,17058.38,0,0,0,0,0,0
MIDSEL.BSE_IDX,01/07/2025,11:50:12,17057.45,0,0,0,0,0,0
MIDSEL.BSE_IDX,01/07/2025,11:50:20,17057.15,0,0,0,0,0,0
MIDSEL.BSE_IDX,01/07/2025,11:50:28,17057.82,0,0,0,0,0,0
MIDSEL.BSE_IDX,01/07/2025,11:50:36,17058.82,0,0,0,0,0,0
MIDSEL.BSE_IDX,01/07/2025,11:50:44,17057.82,0,0,0,0,0,0
MIDSEL.BSE_IDX,01/07/2025,11:50:52,17057.93,0,0,0,0,0,0
MIDSEL.BSE_IDX,01/07/2025,11:51:00,17057.12,0,0,0,0,0,0
MIDSEL.BSE_IDX,01/07/2025,11:51:08,17057.35,0,0,0,0,0,0
MIDSEL.BSE_IDX,01/07/2025,11:51:16,17055.72,0,0,0,0,0,0
MIDSEL.BSE_IDX,01/07/2025,11:51:24,17054.67,0,0,0,0,0,0
MIDSEL.BSE_IDX,01/07/2025,11:51:32,17055.33,0,0,0,0,0,0
MIDSEL.BSE_IDX,01/07/2025,11:51:40,17055.72,0,0,0,0,0,0
MIDSEL.BSE_IDX,01/07/2025,11:51:48,17054.18,0,0,0,0,0,0
MIDSEL.BSE_IDX,01/07/2025,11:51:56,17054.17,0,0,0,0,0,0
MIDSEL.BSE_IDX,01/07/2025,11:52:04,17055.57,0,0,0,0,0,0
MIDSEL.BSE_IDX,01/07/2025,11:52:12,17056.31,0,0,0,0,0,0
MIDSEL.BSE_IDX,01/07/2025,11:52:20,17056.05,0,0,0,0,0,0
MIDSEL.BSE_IDX,01/07/2025,11:52:28,17056.72,0,0,0,0,0,0
MIDSEL.BSE_IDX,01/07/2025,11:52:36,17057.38,0,0,0,0,0,0
MIDSEL.BSE_IDX,01/07/2025,11:52:44,17055.84,0,0,0,0,0,0
MIDSEL.BSE_IDX,01/07/2025,11:52:52,17055.74,0,0,0,0,0,0
MIDSEL.BSE_IDX,01/07/2025,11:53:00,17053.24,0,0,0,0,0,0
MIDSEL.BSE_IDX,01/07/2025,11:53:08,17052.35,0,0,0,0,0,0
MIDSEL.BSE_IDX,01/07/2025,11:53:16,17051.42,0,0,0,0,0,0
MIDSEL.BSE_IDX,01/07/2025,11:53:24,17051.44,0,0,0,0,0,0
MIDSEL.BSE_IDX,01/07/2025,11:53:32,17051.11,0,0,0,0,0,0
MIDSEL.BSE_IDX,01/07/2025,11:53:40,17050.27,0,0,0,0,0,0
MIDSEL.BSE_IDX,01/07/2025,11:53:48,17049.65,0,0,0,0,0,0
MIDSEL.BSE_IDX,01/07/2025,11:53:56,17049.71,0,0,0,0,0,0
MIDSEL.BSE_IDX,01/07/2025,11:54:04,17047.47,0,0,0,0,0,0
MIDSEL.BSE_IDX,01/07/2025,11:54:12,17046.11,0,0,0,0,0,0
MIDSEL.BSE_IDX,01/07/2025,11:54:20,17045.37,0,0,0,0,0,0
MIDSEL.BSE_IDX,01/07/2025,11:54:28,17044.08,0,0,0,0,0,0
MIDSEL.BSE_IDX,01/07/2025,11:54:36,17044.37,0,0,0,0,0,0
MIDSEL.BSE_IDX,01/07/2025,11:54:44,17044.99,0,0,0,0,0,0
MIDSEL.BSE_IDX,01/07/2025,11:54:52,17042.96,0,0,0,0,0,0
MIDSEL.BSE_IDX,01/07/2025,11:55:00,17042.63,0,0,0,0,0,0
MIDSEL.BSE_IDX,01/07/2025,11:55:08,17042.54,0,0,0,0,0,0
MIDSEL.BSE_IDX,01/07/2025,11:55:17,17041.8,0,0,0,0,0,0
MIDSEL.BSE_IDX,01/07/2025,11:55:24,17043.32,0,0,0,0,0,0
MIDSEL.BSE_IDX,01/07/2025,11:55:32,17041.54,0,0,0,0,0,0
MIDSEL.BSE_IDX,01/07/2025,11:55:40,17042.17,0,0,0,0,0,0
MIDSEL.BSE_IDX,01/07/2025,11:55:48,17042.11,0,0,0,0,0,0
MIDSEL.BSE_IDX,01/07/2025,11:55:56,17040.51,0,0,0,0,0,0
MIDSEL.BSE_IDX,01/07/2025,11:56:05,17040.43,0,0,0,0,0,0
MIDSEL.BSE_IDX,01/07/2025,11:56:12,17037.91,0,0,0,0,0,0
MIDSEL.BSE_IDX,01/07/2025,11:56:20,17034.68,0,0,0,0,0,0
MIDSEL.BSE_IDX,01/07/2025,11:56:28,17033.75,0,0,0,0,0,0
MIDSEL.BSE_IDX,01/07/2025,11:56:36,17034.92,0,0,0,0,0,0
MIDSEL.BSE_IDX,01/07/2025,11:56:44,17033.52,0,0,0,0,0,0
MIDSEL.BSE_IDX,01/07/2025,11:56:52,17034,0,0,0,0,0,0
MIDSEL.BSE_IDX,01/07/2025,11:57:00,17033.69,0,0,0,0,0,0
MIDSEL.BSE_IDX,01/07/2025,11:57:08,17032.07,0,0,0,0,0,0
MIDSEL.BSE_IDX,01/07/2025,11:57:16,17033.17,0,0,0,0,0,0
MIDSEL.BSE_IDX,01/07/2025,11:57:24,17033.76,0,0,0,0,0,0
MIDSEL.BSE_IDX,01/07/2025,11:57:32,17034.17,0,0,0,0,0,0
MIDSEL.BSE_IDX,01/07/2025,11:57:40,17034.83,0,0,0,0,0,0
MIDSEL.BSE_IDX,01/07/2025,11:57:48,17035.18,0,0,0,0,0,0
MIDSEL.BSE_IDX,01/07/2025,11:57:56,17033.41,0,0,0,0,0,0
MIDSEL.BSE_IDX,01/07/2025,11:58:04,17033.92,0,0,0,0,0,0
MIDSEL.BSE_IDX,01/07/2025,11:58:12,17033.45,0,0,0,0,0,0
MIDSEL.BSE_IDX,01/07/2025,11:58:20,17033.24,0,0,0,0,0,0
MIDSEL.BSE_IDX,01/07/2025,11:58:28,17033.96,0,0,0,0,0,0
MIDSEL.BSE_IDX,01/07/2025,11:58:36,17034.27,0,0,0,0,0,0
MIDSEL.BSE_IDX,01/07/2025,11:58:44,17033.06,0,0,0,0,0,0
MIDSEL.BSE_IDX,01/07/2025,11:58:52,17035.63,0,0,0,0,0,0
MIDSEL.BSE_IDX,01/07/2025,11:59:00,17036.19,0,0,0,0,0,0
MIDSEL.BSE_IDX,01/07/2025,11:59:08,17035.45,0,0,0,0,0,0
MIDSEL.BSE_IDX,01/07/2025,11:59:16,17035.66,0,0,0,0,0,0
MIDSEL.BSE_IDX,01/07/2025,11:59:24,17038.86,0,0,0,0,0,0
MIDSEL.BSE_IDX,01/07/2025,11:59:32,17040.7,0,0,0,0,0,0
MIDSEL.BSE_IDX,01/07/2025,11:59:40,17042.61,0,0,0,0,0,0
MIDSEL.BSE_IDX,01/07/2025,11:59:48,17042.76,0,0,0,0,0,0
MIDSEL.BSE_IDX,01/07/2025,11:59:56,17042.69,0,0,0,0,0,0
MIDSEL.BSE_IDX,01/07/2025,12:00:05,17043.9,0,0,0,0,0,0
MIDSEL.BSE_IDX,01/07/2025,12:00:12,17044.12,0,0,0,0,0,0
MIDSEL.BSE_IDX,01/07/2025,12:00:20,17043.35,0,0,0,0,0,0
MIDSEL.BSE_IDX,01/07/2025,12:00:28,17043.29,0,0,0,0,0,0
MIDSEL.BSE_IDX,01/07/2025,12:00:37,17042.69,0,0,0,0,0,0
MIDSEL.BSE_IDX,01/07/2025,12:00:44,17040.95,0,0,0,0,0,0
MIDSEL.BSE_IDX,01/07/2025,12:00:52,17042.3,0,0,0,0,0,0
MIDSEL.BSE_IDX,01/07/2025,12:01:00,17040.91,0,0,0,0,0,0
MIDSEL.BSE_IDX,01/07/2025,12:01:08,17038.67,0,0,0,0,0,0
MIDSEL.BSE_IDX,01/07/2025,12:01:16,17038.46,0,0,0,0,0,0
MIDSEL.BSE_IDX,01/07/2025,12:01:24,17040.15,0,0,0,0,0,0
MIDSEL.BSE_IDX,01/07/2025,12:01:32,17040.57,0,0,0,0,0,0
MIDSEL.BSE_IDX,01/07/2025,12:01:40,17040.02,0,0,0,0,0,0
MIDSEL.BSE_IDX,01/07/2025,12:01:48,17040.14,0,0,0,0,0,0
MIDSEL.BSE_IDX,01/07/2025,12:01:57,17039.99,0,0,0,0,0,0
MIDSEL.BSE_IDX,01/07/2025,12:02:04,17040.1,0,0,0,0,0,0
MIDSEL.BSE_IDX,01/07/2025,12:02:12,17039.78,0,0,0,0,0,0
MIDSEL.BSE_IDX,01/07/2025,12:02:20,17039.6,0,0,0,0,0,0
MIDSEL.BSE_IDX,01/07/2025,12:02:28,17040.27,0,0,0,0,0,0
MIDSEL.BSE_IDX,01/07/2025,12:02:36,17040.68,0,0,0,0,0,0
MIDSEL.BSE_IDX,01/07/2025,12:02:44,17040.17,0,0,0,0,0,0
MIDSEL.BSE_IDX,01/07/2025,12:02:52,17039.83,0,0,0,0,0,0
MIDSEL.BSE_IDX,01/07/2025,12:03:00,17040.15,0,0,0,0,0,0
MIDSEL.BSE_IDX,01/07/2025,12:03:08,17039.72,0,0,0,0,0,0
MIDSEL.BSE_IDX,01/07/2025,12:03:17,17039.63,0,0,0,0,0,0
MIDSEL.BSE_IDX,01/07/2025,12:03:24,17037.38,0,0,0,0,0,0
MIDSEL.BSE_IDX,01/07/2025,12:03:32,17037.18,0,0,0,0,0,0
MIDSEL.BSE_IDX,01/07/2025,12:03:40,17036.74,0,0,0,0,0,0
MIDSEL.BSE_IDX,01/07/2025,12:03:48,17037.57,0,0,0,0,0,0
MIDSEL.BSE_IDX,01/07/2025,12:03:56,17037.03,0,0,0,0,0,0
MIDSEL.BSE_IDX,01/07/2025,12:04:04,17037.36,0,0,0,0,0,0
MIDSEL.BSE_IDX,01/07/2025,12:04:12,17036.95,0,0,0,0,0,0
MIDSEL.BSE_IDX,01/07/2025,12:04:20,17037.41,0,0,0,0,0,0
MIDSEL.BSE_IDX,01/07/2025,12:04:28,17038.07,0,0,0,0,0,0
MIDSEL.BSE_IDX,01/07/2025,12:04:36,17036.77,0,0,0,0,0,0
MIDSEL.BSE_IDX,01/07/2025,12:04:44,17036.56,0,0,0,0,0,0
MIDSEL.BSE_IDX,01/07/2025,12:04:52,17035.9,0,0,0,0,0,0
MIDSEL.BSE_IDX,01/07/2025,12:05:01,17036.85,0,0,0,0,0,0
MIDSEL.BSE_IDX,01/07/2025,12:05:08,17036.2,0,0,0,0,0,0
MIDSEL.BSE_IDX,01/07/2025,12:05:16,17038.79,0,0,0,0,0,0
MIDSEL.BSE_IDX,01/07/2025,12:05:24,17038.37,0,0,0,0,0,0
MIDSEL.BSE_IDX,01/07/2025,12:05:32,17038.48,0,0,0,0,0,0
MIDSEL.BSE_IDX,01/07/2025,12:05:40,17037.62,0,0,0,0,0,0
MIDSEL.BSE_IDX,01/07/2025,12:05:48,17037.74,0,0,0,0,0,0
MIDSEL.BSE_IDX,01/07/2025,12:05:56,17037.7,0,0,0,0,0,0
MIDSEL.BSE_IDX,01/07/2025,12:06:04,17037.96,0,0,0,0,0,0
MIDSEL.BSE_IDX,01/07/2025,12:06:12,17039.01,0,0,0,0,0,0
MIDSEL.BSE_IDX,01/07/2025,12:06:20,17039.87,0,0,0,0,0,0
MIDSEL.BSE_IDX,01/07/2025,12:06:28,17039.27,0,0,0,0,0,0
MIDSEL.BSE_IDX,01/07/2025,12:06:36,17036.85,0,0,0,0,0,0
MIDSEL.BSE_IDX,01/07/2025,12:06:44,17037.22,0,0,0,0,0,0
MIDSEL.BSE_IDX,01/07/2025,12:06:53,17036.21,0,0,0,0,0,0
MIDSEL.BSE_IDX,01/07/2025,12:07:00,17035.26,0,0,0,0,0,0
MIDSEL.BSE_IDX,01/07/2025,12:07:08,17035.8,0,0,0,0,0,0
MIDSEL.BSE_IDX,01/07/2025,12:07:16,17036.28,0,0,0,0,0,0
MIDSEL.BSE_IDX,01/07/2025,12:07:24,17035.71,0,0,0,0,0,0
MIDSEL.BSE_IDX,01/07/2025,12:07:32,17037.18,0,0,0,0,0,0
MIDSEL.BSE_IDX,01/07/2025,12:07:40,17037.47,0,0,0,0,0,0
MIDSEL.BSE_IDX,01/07/2025,12:07:48,17036.17,0,0,0,0,0,0
MIDSEL.BSE_IDX,01/07/2025,12:07:56,17035.42,0,0,0,0,0,0
MIDSEL.BSE_IDX,01/07/2025,12:08:04,17036.61,0,0,0,0,0,0
MIDSEL.BSE_IDX,01/07/2025,12:08:12,17034.97,0,0,0,0,0,0
MIDSEL.BSE_IDX,01/07/2025,12:08:20,17032.79,0,0,0,0,0,0
MIDSEL.BSE_IDX,01/07/2025,12:08:28,17032.3,0,0,0,0,0,0
MIDSEL.BSE_IDX,01/07/2025,12:08:36,17031.25,0,0,0,0,0,0
MIDSEL.BSE_IDX,01/07/2025,12:08:44,17031.4,0,0,0,0,0,0
MIDSEL.BSE_IDX,01/07/2025,12:08:52,17031.68,0,0,0,0,0,0
MIDSEL.BSE_IDX,01/07/2025,12:09:00,17030.74,0,0,0,0,0,0
MIDSEL.BSE_IDX,01/07/2025,12:09:08,17033.05,0,0,0,0,0,0
MIDSEL.BSE_IDX,01/07/2025,12:09:16,17032.48,0,0,0,0,0,0
MIDSEL.BSE_IDX,01/07/2025,12:09:25,17030.58,0,0,0,0,0,0
MIDSEL.BSE_IDX,01/07/2025,12:09:32,17030.41,0,0,0,0,0,0
MIDSEL.BSE_IDX,01/07/2025,12:09:40,17031.52,0,0,0,0,0,0
MIDSEL.BSE_IDX,01/07/2025,12:09:48,17031.96,0,0,0,0,0,0
MIDSEL.BSE_IDX,01/07/2025,12:09:57,17034.03,0,0,0,0,0,0
MIDSEL.BSE_IDX,01/07/2025,12:10:05,17033.68,0,0,0,0,0,0
MIDSEL.BSE_IDX,01/07/2025,12:10:13,17033.64,0,0,0,0,0,0
MIDSEL.BSE_IDX,01/07/2025,12:10:22,17035.12,0,0,0,0,0,0
MIDSEL.BSE_IDX,01/07/2025,12:10:28,17035.97,0,0,0,0,0,0
MIDSEL.BSE_IDX,01/07/2025,12:10:36,17036.23,0,0,0,0,0,0
MIDSEL.BSE_IDX,01/07/2025,12:10:45,17035.86,0,0,0,0,0,0
MIDSEL.BSE_IDX,01/07/2025,12:10:52,17036.32,0,0,0,0,0,0
MIDSEL.BSE_IDX,01/07/2025,12:11:00,17034.94,0,0,0,0,0,0
MIDSEL.BSE_IDX,01/07/2025,12:11:08,17035.35,0,0,0,0,0,0
MIDSEL.BSE_IDX,01/07/2025,12:11:17,17035.11,0,0,0,0,0,0
MIDSEL.BSE_IDX,01/07/2025,12:11:24,17033.9,0,0,0,0,0,0
MIDSEL.BSE_IDX,01/07/2025,12:11:32,17033.77,0,0,0,0,0,0
MIDSEL.BSE_IDX,01/07/2025,12:11:40,17034.44,0,0,0,0,0,0
MIDSEL.BSE_IDX,01/07/2025,12:11:49,17035.43,0,0,0,0,0,0
MIDSEL.BSE_IDX,01/07/2025,12:11:57,17035.48,0,0,0,0,0,0
MIDSEL.BSE_IDX,01/07/2025,12:12:05,17036.71,0,0,0,0,0,0
MIDSEL.BSE_IDX,01/07/2025,12:12:13,17035.56,0,0,0,0,0,0
MIDSEL.BSE_IDX,01/07/2025,12:12:21,17036.21,0,0,0,0,0,0
MIDSEL.BSE_IDX,01/07/2025,12:12:29,17036.88,0,0,0,0,0,0
MIDSEL.BSE_IDX,01/07/2025,12:12:37,17039.89,0,0,0,0,0,0
MIDSEL.BSE_IDX,01/07/2025,12:12:45,17038.89,0,0,0,0,0,0
MIDSEL.BSE_IDX,01/07/2025,12:12:53,17039.42,0,0,0,0,0,0
MIDSEL.BSE_IDX,01/07/2025,12:13:01,17040.9,0,0,0,0,0,0
MIDSEL.BSE_IDX,01/07/2025,12:13:09,17040.37,0,0,0,0,0,0
MIDSEL.BSE_IDX,01/07/2025,12:13:17,17039.34,0,0,0,0,0,0
MIDSEL.BSE_IDX,01/07/2025,12:13:25,17038.56,0,0,0,0,0,0
MIDSEL.BSE_IDX,01/07/2025,12:13:33,17039.09,0,0,0,0,0,0
MIDSEL.BSE_IDX,01/07/2025,12:13:41,17040.38,0,0,0,0,0,0
MIDSEL.BSE_IDX,01/07/2025,12:13:49,17039.33,0,0,0,0,0,0
MIDSEL.BSE_IDX,01/07/2025,12:13:57,17039.63,0,0,0,0,0,0
MIDSEL.BSE_IDX,01/07/2025,12:14:05,17037.9,0,0,0,0,0,0
MIDSEL.BSE_IDX,01/07/2025,12:14:13,17037.75,0,0,0,0,0,0
MIDSEL.BSE_IDX,01/07/2025,12:14:21,17038.11,0,0,0,0,0,0
MIDSEL.BSE_IDX,01/07/2025,12:14:29,17038.44,0,0,0,0,0,0
MIDSEL.BSE_IDX,01/07/2025,12:14:37,17037.56,0,0,0,0,0,0
MIDSEL.BSE_IDX,01/07/2025,12:14:46,17038.3,0,0,0,0,0,0
MIDSEL.BSE_IDX,01/07/2025,12:14:54,17037.38,0,0,0,0,0,0
MIDSEL.BSE_IDX,01/07/2025,12:15:01,17039.07,0,0,0,0,0,0
MIDSEL.BSE_IDX,01/07/2025,12:15:09,17038.9,0,0,0,0,0,0
MIDSEL.BSE_IDX,01/07/2025,12:15:17,17039.47,0,0,0,0,0,0
MIDSEL.BSE_IDX,01/07/2025,12:15:25,17040.97,0,0,0,0,0,0
MIDSEL.BSE_IDX,01/07/2025,12:15:33,17041.39,0,0,0,0,0,0
MIDSEL.BSE_IDX,01/07/2025,12:15:41,17041.48,0,0,0,0,0,0
MIDSEL.BSE_IDX,01/07/2025,12:15:49,17042.8,0,0,0,0,0,0
MIDSEL.BSE_IDX,01/07/2025,12:15:57,17044.75,0,0,0,0,0,0
MIDSEL.BSE_IDX,01/07/2025,12:16:05,17044.63,0,0,0,0,0,0
MIDSEL.BSE_IDX,01/07/2025,12:16:13,17045.26,0,0,0,0,0,0
MIDSEL.BSE_IDX,01/07/2025,12:16:21,17045.35,0,0,0,0,0,0
MIDSEL.BSE_IDX,01/07/2025,12:16:29,17045.18,0,0,0,0,0,0
MIDSEL.BSE_IDX,01/07/2025,12:16:37,17043.32,0,0,0,0,0,0
MIDSEL.BSE_IDX,01/07/2025,12:16:45,17043.91,0,0,0,0,0,0
MIDSEL.BSE_IDX,01/07/2025,12:16:53,17043.67,0,0,0,0,0,0
MIDSEL.BSE_IDX,01/07/2025,12:17:01,17043.84,0,0,0,0,0,0
MIDSEL.BSE_IDX,01/07/2025,12:17:09,17043.53,0,0,0,0,0,0
MIDSEL.BSE_IDX,01/07/2025,12:17:17,17041.96,0,0,0,0,0,0
MIDSEL.BSE_IDX,01/07/2025,12:17:25,17042.13,0,0,0,0,0,0
MIDSEL.BSE_IDX,01/07/2025,12:17:33,17042.22,0,0,0,0,0,0
MIDSEL.BSE_IDX,01/07/2025,12:17:41,17042.64,0,0,0,0,0,0
MIDSEL.BSE_IDX,01/07/2025,12:17:49,17040.56,0,0,0,0,0,0
MIDSEL.BSE_IDX,01/07/2025,12:17:57,17041.6,0,0,0,0,0,0
MIDSEL.BSE_IDX,01/07/2025,12:18:05,17043.96,0,0,0,0,0,0
MIDSEL.BSE_IDX,01/07/2025,12:18:13,17042.89,0,0,0,0,0,0
MIDSEL.BSE_IDX,01/07/2025,12:18:21,17043.17,0,0,0,0,0,0
MIDSEL.BSE_IDX,01/07/2025,12:18:29,17042.69,0,0,0,0,0,0
MIDSEL.BSE_IDX,01/07/2025,12:18:37,17041.96,0,0,0,0,0,0
MIDSEL.BSE_IDX,01/07/2025,12:18:45,17043.19,0,0,0,0,0,0
MIDSEL.BSE_IDX,01/07/2025,12:18:53,17044.22,0,0,0,0,0,0
MIDSEL.BSE_IDX,01/07/2025,12:19:01,17045.93,0,0,0,0,0,0
MIDSEL.BSE_IDX,01/07/2025,12:19:09,17045.63,0,0,0,0,0,0
MIDSEL.BSE_IDX,01/07/2025,12:19:17,17044.81,0,0,0,0,0,0
MIDSEL.BSE_IDX,01/07/2025,12:19:25,17046.34,0,0,0,0,0,0
MIDSEL.BSE_IDX,01/07/2025,12:19:33,17047.13,0,0,0,0,0,0
MIDSEL.BSE_IDX,01/07/2025,12:19:41,17049.7,0,0,0,0,0,0
MIDSEL.BSE_IDX,01/07/2025,12:19:49,17051.2,0,0,0,0,0,0
MIDSEL.BSE_IDX,01/07/2025,12:19:57,17050.92,0,0,0,0,0,0
MIDSEL.BSE_IDX,01/07/2025,12:20:05,17051.97,0,0,0,0,0,0
MIDSEL.BSE_IDX,01/07/2025,12:20:13,17053.22,0,0,0,0,0,0
MIDSEL.BSE_IDX,01/07/2025,12:20:21,17056.05,0,0,0,0,0,0
MIDSEL.BSE_IDX,01/07/2025,12:20:29,17056.13,0,0,0,0,0,0
MIDSEL.BSE_IDX,01/07/2025,12:20:37,17056.51,0,0,0,0,0,0
MIDSEL.BSE_IDX,01/07/2025,12:20:45,17055.9,0,0,0,0,0,0
MIDSEL.BSE_IDX,01/07/2025,12:20:53,17055.67,0,0,0,0,0,0
MIDSEL.BSE_IDX,01/07/2025,12:21:01,17056.26,0,0,0,0,0,0
MIDSEL.BSE_IDX,01/07/2025,12:21:09,17057.06,0,0,0,0,0,0
MIDSEL.BSE_IDX,01/07/2025,12:21:17,17057.01,0,0,0,0,0,0
MIDSEL.BSE_IDX,01/07/2025,12:21:25,17056.72,0,0,0,0,0,0
MIDSEL.BSE_IDX,01/07/2025,12:21:33,17056.74,0,0,0,0,0,0
MIDSEL.BSE_IDX,01/07/2025,12:21:41,17058.27,0,0,0,0,0,0
MIDSEL.BSE_IDX,01/07/2025,12:21:49,17060.27,0,0,0,0,0,0
MIDSEL.BSE_IDX,01/07/2025,12:21:57,17062.78,0,0,0,0,0,0
MIDSEL.BSE_IDX,01/07/2025,12:22:05,17065.89,0,0,0,0,0,0
MIDSEL.BSE_IDX,01/07/2025,12:22:13,17065.53,0,0,0,0,0,0
MIDSEL.BSE_IDX,01/07/2025,12:22:21,17065.04,0,0,0,0,0,0
MIDSEL.BSE_IDX,01/07/2025,12:22:29,17064.89,0,0,0,0,0,0
MIDSEL.BSE_IDX,01/07/2025,12:22:37,17064.55,0,0,0,0,0,0
MIDSEL.BSE_IDX,01/07/2025,12:22:45,17066.54,0,0,0,0,0,0
MIDSEL.BSE_IDX,01/07/2025,12:22:53,17068,0,0,0,0,0,0
MIDSEL.BSE_IDX,01/07/2025,12:23:02,17068.41,0,0,0,0,0,0
MIDSEL.BSE_IDX,01/07/2025,12:23:09,17067.77,0,0,0,0,0,0
MIDSEL.BSE_IDX,01/07/2025,12:23:17,17066.95,0,0,0,0,0,0
MIDSEL.BSE_IDX,01/07/2025,12:23:25,17067.37,0,0,0,0,0,0
MIDSEL.BSE_IDX,01/07/2025,12:23:33,17067.61,0,0,0,0,0,0
MIDSEL.BSE_IDX,01/07/2025,12:23:41,17067.39,0,0,0,0,0,0
MIDSEL.BSE_IDX,01/07/2025,12:23:49,17068.51,0,0,0,0,0,0
MIDSEL.BSE_IDX,01/07/2025,12:23:57,17068.85,0,0,0,0,0,0
MIDSEL.BSE_IDX,01/07/2025,12:24:05,17068.72,0,0,0,0,0,0
MIDSEL.BSE_IDX,01/07/2025,12:24:13,17065.7,0,0,0,0,0,0
MIDSEL.BSE_IDX,01/07/2025,12:24:21,17065.29,0,0,0,0,0,0
MIDSEL.BSE_IDX,01/07/2025,12:24:29,17066.21,0,0,0,0,0,0
MIDSEL.BSE_IDX,01/07/2025,12:24:37,17066.05,0,0,0,0,0,0
MIDSEL.BSE_IDX,01/07/2025,12:24:45,17065.95,0,0,0,0,0,0
MIDSEL.BSE_IDX,01/07/2025,12:24:53,17067,0,0,0,0,0,0
MIDSEL.BSE_IDX,01/07/2025,12:25:01,17067.77,0,0,0,0,0,0
MIDSEL.BSE_IDX,01/07/2025,12:25:09,17068.54,0,0,0,0,0,0
MIDSEL.BSE_IDX,01/07/2025,12:25:17,17069.17,0,0,0,0,0,0
MIDSEL.BSE_IDX,01/07/2025,12:25:25,17070.47,0,0,0,0,0,0
MIDSEL.BSE_IDX,01/07/2025,12:25:33,17070.53,0,0,0,0,0,0
MIDSEL.BSE_IDX,01/07/2025,12:25:41,17070,0,0,0,0,0,0
MIDSEL.BSE_IDX,01/07/2025,12:25:49,17071.04,0,0,0,0,0,0
MIDSEL.BSE_IDX,01/07/2025,12:25:57,17071.33,0,0,0,0,0,0
MIDSEL.BSE_IDX,01/07/2025,12:26:05,17071.54,0,0,0,0,0,0
MIDSEL.BSE_IDX,01/07/2025,12:26:13,17070.77,0,0,0,0,0,0
MIDSEL.BSE_IDX,01/07/2025,12:26:21,17071.83,0,0,0,0,0,0
MIDSEL.BSE_IDX,01/07/2025,12:26:31,17071.07,0,0,0,0,0,0
MIDSEL.BSE_IDX,01/07/2025,12:26:37,17070.57,0,0,0,0,0,0
MIDSEL.BSE_IDX,01/07/2025,12:26:45,17069.09,0,0,0,0,0,0
MIDSEL.BSE_IDX,01/07/2025,12:26:53,17068.22,0,0,0,0,0,0
MIDSEL.BSE_IDX,01/07/2025,12:27:01,17069.48,0,0,0,0,0,0
MIDSEL.BSE_IDX,01/07/2025,12:27:09,17069.48,0,0,0,0,0,0
MIDSEL.BSE_IDX,01/07/2025,12:27:17,17070.14,0,0,0,0,0,0
MIDSEL.BSE_IDX,01/07/2025,12:27:25,17069.47,0,0,0,0,0,0
MIDSEL.BSE_IDX,01/07/2025,12:27:33,17069.49,0,0,0,0,0,0
MIDSEL.BSE_IDX,01/07/2025,12:27:41,17068.39,0,0,0,0,0,0
MIDSEL.BSE_IDX,01/07/2025,12:27:49,17069.38,0,0,0,0,0,0
MIDSEL.BSE_IDX,01/07/2025,12:27:57,17068.73,0,0,0,0,0,0
MIDSEL.BSE_IDX,01/07/2025,12:28:05,17068.29,0,0,0,0,0,0
MIDSEL.BSE_IDX,01/07/2025,12:28:13,17070.08,0,0,0,0,0,0
MIDSEL.BSE_IDX,01/07/2025,12:28:21,17069.8,0,0,0,0,0,0
MIDSEL.BSE_IDX,01/07/2025,12:28:29,17069.75,0,0,0,0,0,0
MIDSEL.BSE_IDX,01/07/2025,12:28:37,17070.01,0,0,0,0,0,0
MIDSEL.BSE_IDX,01/07/2025,12:28:45,17069.84,0,0,0,0,0,0
MIDSEL.BSE_IDX,01/07/2025,12:28:53,17067.95,0,0,0,0,0,0
MIDSEL.BSE_IDX,01/07/2025,12:29:01,17067.31,0,0,0,0,0,0
MIDSEL.BSE_IDX,01/07/2025,12:29:10,17067.58,0,0,0,0,0,0
MIDSEL.BSE_IDX,01/07/2025,12:29:18,17067.38,0,0,0,0,0,0
MIDSEL.BSE_IDX,01/07/2025,12:29:25,17068.02,0,0,0,0,0,0
MIDSEL.BSE_IDX,01/07/2025,12:29:33,17067.7,0,0,0,0,0,0
MIDSEL.BSE_IDX,01/07/2025,12:29:41,17069.09,0,0,0,0,0,0
MIDSEL.BSE_IDX,01/07/2025,12:29:49,17067.43,0,0,0,0,0,0
MIDSEL.BSE_IDX,01/07/2025,12:29:57,17067.58,0,0,0,0,0,0
MIDSEL.BSE_IDX,01/07/2025,12:30:05,17069.09,0,0,0,0,0,0
MIDSEL.BSE_IDX,01/07/2025,12:30:13,17071.32,0,0,0,0,0,0
MIDSEL.BSE_IDX,01/07/2025,12:30:22,17069.8,0,0,0,0,0,0
MIDSEL.BSE_IDX,01/07/2025,12:30:29,17070.93,0,0,0,0,0,0
MIDSEL.BSE_IDX,01/07/2025,12:30:37,17071.39,0,0,0,0,0,0
MIDSEL.BSE_IDX,01/07/2025,12:30:45,17069.5,0,0,0,0,0,0
MIDSEL.BSE_IDX,01/07/2025,12:30:53,17071.55,0,0,0,0,0,0
MIDSEL.BSE_IDX,01/07/2025,12:31:01,17069.71,0,0,0,0,0,0
MIDSEL.BSE_IDX,01/07/2025,12:31:09,17068.43,0,0,0,0,0,0
MIDSEL.BSE_IDX,01/07/2025,12:31:17,17068.21,0,0,0,0,0,0
MIDSEL.BSE_IDX,01/07/2025,12:31:25,17068.27,0,0,0,0,0,0
MIDSEL.BSE_IDX,01/07/2025,12:31:34,17068.82,0,0,0,0,0,0
MIDSEL.BSE_IDX,01/07/2025,12:31:41,17068.24,0,0,0,0,0,0
MIDSEL.BSE_IDX,01/07/2025,12:31:49,17067.64,0,0,0,0,0,0
MIDSEL.BSE_IDX,01/07/2025,12:31:57,17066.6,0,0,0,0,0,0
MIDSEL.BSE_IDX,01/07/2025,12:32:05,17066.2,0,0,0,0,0,0
MIDSEL.BSE_IDX,01/07/2025,12:32:13,17065.71,0,0,0,0,0,0
MIDSEL.BSE_IDX,01/07/2025,12:32:21,17066.95,0,0,0,0,0,0
MIDSEL.BSE_IDX,01/07/2025,12:32:29,17067.37,0,0,0,0,0,0
MIDSEL.BSE_IDX,01/07/2025,12:32:37,17066.62,0,0,0,0,0,0
MIDSEL.BSE_IDX,01/07/2025,12:32:45,17066.51,0,0,0,0,0,0
MIDSEL.BSE_IDX,01/07/2025,12:32:53,17066.53,0,0,0,0,0,0
MIDSEL.BSE_IDX,01/07/2025,12:33:01,17067.36,0,0,0,0,0,0
MIDSEL.BSE_IDX,01/07/2025,12:33:09,17066.92,0,0,0,0,0,0
MIDSEL.BSE_IDX,01/07/2025,12:33:17,17066.61,0,0,0,0,0,0
MIDSEL.BSE_IDX,01/07/2025,12:33:26,17066.51,0,0,0,0,0,0
MIDSEL.BSE_IDX,01/07/2025,12:33:33,17067.56,0,0,0,0,0,0
MIDSEL.BSE_IDX,01/07/2025,12:33:41,17066.28,0,0,0,0,0,0
MIDSEL.BSE_IDX,01/07/2025,12:33:49,17064.75,0,0,0,0,0,0
MIDSEL.BSE_IDX,01/07/2025,12:33:57,17064.69,0,0,0,0,0,0
MIDSEL.BSE_IDX,01/07/2025,12:34:05,17063.9,0,0,0,0,0,0
MIDSEL.BSE_IDX,01/07/2025,12:34:13,17064.35,0,0,0,0,0,0
MIDSEL.BSE_IDX,01/07/2025,12:34:21,17064.21,0,0,0,0,0,0
MIDSEL.BSE_IDX,01/07/2025,12:34:29,17064.28,0,0,0,0,0,0
MIDSEL.BSE_IDX,01/07/2025,12:34:37,17065.26,0,0,0,0,0,0
MIDSEL.BSE_IDX,01/07/2025,12:34:45,17064.72,0,0,0,0,0,0
MIDSEL.BSE_IDX,01/07/2025,12:34:53,17065.34,0,0,0,0,0,0
MIDSEL.BSE_IDX,01/07/2025,12:35:01,17065.09,0,0,0,0,0,0
MIDSEL.BSE_IDX,01/07/2025,12:35:09,17067.58,0,0,0,0,0,0
MIDSEL.BSE_IDX,01/07/2025,12:35:17,17068.65,0,0,0,0,0,0
MIDSEL.BSE_IDX,01/07/2025,12:35:25,17069.1,0,0,0,0,0,0
MIDSEL.BSE_IDX,01/07/2025,12:35:33,17069.05,0,0,0,0,0,0
MIDSEL.BSE_IDX,01/07/2025,12:35:41,17068.26,0,0,0,0,0,0
MIDSEL.BSE_IDX,01/07/2025,12:35:49,17070.54,0,0,0,0,0,0
MIDSEL.BSE_IDX,01/07/2025,12:35:57,17070.58,0,0,0,0,0,0
MIDSEL.BSE_IDX,01/07/2025,12:36:05,17072.48,0,0,0,0,0,0
MIDSEL.BSE_IDX,01/07/2025,12:36:13,17072.49,0,0,0,0,0,0
MIDSEL.BSE_IDX,01/07/2025,12:36:21,17073.25,0,0,0,0,0,0
MIDSEL.BSE_IDX,01/07/2025,12:36:29,17074.21,0,0,0,0,0,0
MIDSEL.BSE_IDX,01/07/2025,12:36:37,17074.79,0,0,0,0,0,0
MIDSEL.BSE_IDX,01/07/2025,12:36:45,17074.05,0,0,0,0,0,0
MIDSEL.BSE_IDX,01/07/2025,12:36:53,17073.26,0,0,0,0,0,0
MIDSEL.BSE_IDX,01/07/2025,12:37:01,17072.65,0,0,0,0,0,0
MIDSEL.BSE_IDX,01/07/2025,12:37:09,17073.13,0,0,0,0,0,0
MIDSEL.BSE_IDX,01/07/2025,12:37:17,17073.76,0,0,0,0,0,0
MIDSEL.BSE_IDX,01/07/2025,12:37:25,17073.13,0,0,0,0,0,0
MIDSEL.BSE_IDX,01/07/2025,12:37:33,17072.42,0,0,0,0,0,0
MIDSEL.BSE_IDX,01/07/2025,12:37:41,17072.11,0,0,0,0,0,0
MIDSEL.BSE_IDX,01/07/2025,12:37:49,17070.49,0,0,0,0,0,0
MIDSEL.BSE_IDX,01/07/2025,12:37:57,17070.23,0,0,0,0,0,0
MIDSEL.BSE_IDX,01/07/2025,12:38:05,17069.28,0,0,0,0,0,0
MIDSEL.BSE_IDX,01/07/2025,12:38:13,17068.72,0,0,0,0,0,0
MIDSEL.BSE_IDX,01/07/2025,12:38:22,17069.09,0,0,0,0,0,0
MIDSEL.BSE_IDX,01/07/2025,12:38:29,17068.53,0,0,0,0,0,0
MIDSEL.BSE_IDX,01/07/2025,12:38:39,17071.19,0,0,0,0,0,0
MIDSEL.BSE_IDX,01/07/2025,12:38:45,17071.81,0,0,0,0,0,0
MIDSEL.BSE_IDX,01/07/2025,12:38:53,17072.72,0,0,0,0,0,0
MIDSEL.BSE_IDX,01/07/2025,12:39:01,17072.32,0,0,0,0,0,0
MIDSEL.BSE_IDX,01/07/2025,12:39:10,17072.19,0,0,0,0,0,0
MIDSEL.BSE_IDX,01/07/2025,12:39:17,17071.82,0,0,0,0,0,0
MIDSEL.BSE_IDX,01/07/2025,12:39:25,17073.04,0,0,0,0,0,0
MIDSEL.BSE_IDX,01/07/2025,12:39:34,17073.32,0,0,0,0,0,0
MIDSEL.BSE_IDX,01/07/2025,12:39:42,17074.85,0,0,0,0,0,0
MIDSEL.BSE_IDX,01/07/2025,12:39:49,17077.32,0,0,0,0,0,0
MIDSEL.BSE_IDX,01/07/2025,12:39:57,17076.55,0,0,0,0,0,0
MIDSEL.BSE_IDX,01/07/2025,12:40:05,17078.27,0,0,0,0,0,0
MIDSEL.BSE_IDX,01/07/2025,12:40:14,17078.55,0,0,0,0,0,0
MIDSEL.BSE_IDX,01/07/2025,12:40:21,17078.61,0,0,0,0,0,0
MIDSEL.BSE_IDX,01/07/2025,12:40:29,17078.52,0,0,0,0,0,0
MIDSEL.BSE_IDX,01/07/2025,12:40:37,17078.14,0,0,0,0,0,0
MIDSEL.BSE_IDX,01/07/2025,12:40:45,17078.52,0,0,0,0,0,0
MIDSEL.BSE_IDX,01/07/2025,12:40:54,17077.67,0,0,0,0,0,0
MIDSEL.BSE_IDX,01/07/2025,12:41:01,17077.71,0,0,0,0,0,0
MIDSEL.BSE_IDX,01/07/2025,12:41:09,17076.68,0,0,0,0,0,0
MIDSEL.BSE_IDX,01/07/2025,12:41:17,17076.14,0,0,0,0,0,0
MIDSEL.BSE_IDX,01/07/2025,12:41:25,17075.92,0,0,0,0,0,0
MIDSEL.BSE_IDX,01/07/2025,12:41:33,17076.66,0,0,0,0,0,0
MIDSEL.BSE_IDX,01/07/2025,12:41:41,17077.51,0,0,0,0,0,0
MIDSEL.BSE_IDX,01/07/2025,12:41:49,17076.67,0,0,0,0,0,0
MIDSEL.BSE_IDX,01/07/2025,12:41:57,17077.68,0,0,0,0,0,0
MIDSEL.BSE_IDX,01/07/2025,12:42:05,17078.75,0,0,0,0,0,0
MIDSEL.BSE_IDX,01/07/2025,12:42:13,17077.72,0,0,0,0,0,0
MIDSEL.BSE_IDX,01/07/2025,12:42:21,17076.41,0,0,0,0,0,0
MIDSEL.BSE_IDX,01/07/2025,12:42:29,17076.95,0,0,0,0,0,0
MIDSEL.BSE_IDX,01/07/2025,12:42:37,17078.9,0,0,0,0,0,0
MIDSEL.BSE_IDX,01/07/2025,12:42:45,17078.54,0,0,0,0,0,0
MIDSEL.BSE_IDX,01/07/2025,12:42:53,17078.98,0,0,0,0,0,0
MIDSEL.BSE_IDX,01/07/2025,12:43:01,17079.82,0,0,0,0,0,0
MIDSEL.BSE_IDX,01/07/2025,12:43:10,17079.32,0,0,0,0,0,0
MIDSEL.BSE_IDX,01/07/2025,12:43:17,17078.39,0,0,0,0,0,0
MIDSEL.BSE_IDX,01/07/2025,12:43:26,17078.42,0,0,0,0,0,0
MIDSEL.BSE_IDX,01/07/2025,12:43:33,17079.75,0,0,0,0,0,0
MIDSEL.BSE_IDX,01/07/2025,12:43:41,17079.86,0,0,0,0,0,0
MIDSEL.BSE_IDX,01/07/2025,12:43:49,17080.21,0,0,0,0,0,0
MIDSEL.BSE_IDX,01/07/2025,12:43:58,17079.42,0,0,0,0,0,0
MIDSEL.BSE_IDX,01/07/2025,12:44:05,17076.93,0,0,0,0,0,0
MIDSEL.BSE_IDX,01/07/2025,12:44:14,17074.02,0,0,0,0,0,0
MIDSEL.BSE_IDX,01/07/2025,12:44:21,17073.52,0,0,0,0,0,0
MIDSEL.BSE_IDX,01/07/2025,12:44:29,17072.46,0,0,0,0,0,0
MIDSEL.BSE_IDX,01/07/2025,12:44:38,17075.27,0,0,0,0,0,0
MIDSEL.BSE_IDX,01/07/2025,12:44:45,17074.77,0,0,0,0,0,0
MIDSEL.BSE_IDX,01/07/2025,12:44:53,17075.72,0,0,0,0,0,0
MIDSEL.BSE_IDX,01/07/2025,12:45:01,17075.25,0,0,0,0,0,0
MIDSEL.BSE_IDX,01/07/2025,12:45:11,17073.21,0,0,0,0,0,0
MIDSEL.BSE_IDX,01/07/2025,12:45:17,17073.36,0,0,0,0,0,0
MIDSEL.BSE_IDX,01/07/2025,12:45:25,17075.28,0,0,0,0,0,0
MIDSEL.BSE_IDX,01/07/2025,12:45:34,17076.21,0,0,0,0,0,0
MIDSEL.BSE_IDX,01/07/2025,12:45:42,17075,0,0,0,0,0,0
MIDSEL.BSE_IDX,01/07/2025,12:45:50,17073.55,0,0,0,0,0,0
MIDSEL.BSE_IDX,01/07/2025,12:45:58,17073.16,0,0,0,0,0,0
MIDSEL.BSE_IDX,01/07/2025,12:46:06,17073.49,0,0,0,0,0,0
MIDSEL.BSE_IDX,01/07/2025,12:46:14,17073.25,0,0,0,0,0,0
MIDSEL.BSE_IDX,01/07/2025,12:46:22,17071.94,0,0,0,0,0,0
MIDSEL.BSE_IDX,01/07/2025,12:46:30,17070.15,0,0,0,0,0,0
MIDSEL.BSE_IDX,01/07/2025,12:46:38,17069.11,0,0,0,0,0,0
MIDSEL.BSE_IDX,01/07/2025,12:46:46,17070.57,0,0,0,0,0,0
MIDSEL.BSE_IDX,01/07/2025,12:46:54,17067.93,0,0,0,0,0,0
MIDSEL.BSE_IDX,01/07/2025,12:47:02,17069.24,0,0,0,0,0,0
MIDSEL.BSE_IDX,01/07/2025,12:47:10,17068.7,0,0,0,0,0,0
MIDSEL.BSE_IDX,01/07/2025,12:47:18,17069.36,0,0,0,0,0,0
MIDSEL.BSE_IDX,01/07/2025,12:47:26,17070.12,0,0,0,0,0,0
MIDSEL.BSE_IDX,01/07/2025,12:47:34,17071.05,0,0,0,0,0,0
MIDSEL.BSE_IDX,01/07/2025,12:47:42,17070.36,0,0,0,0,0,0
MIDSEL.BSE_IDX,01/07/2025,12:47:50,17070.42,0,0,0,0,0,0
MIDSEL.BSE_IDX,01/07/2025,12:47:58,17070.6,0,0,0,0,0,0
MIDSEL.BSE_IDX,01/07/2025,12:48:06,17070.54,0,0,0,0,0,0
MIDSEL.BSE_IDX,01/07/2025,12:48:14,17071.94,0,0,0,0,0,0
MIDSEL.BSE_IDX,01/07/2025,12:48:22,17072.85,0,0,0,0,0,0
MIDSEL.BSE_IDX,01/07/2025,12:48:30,17073,0,0,0,0,0,0
MIDSEL.BSE_IDX,01/07/2025,12:48:38,17072.78,0,0,0,0,0,0
MIDSEL.BSE_IDX,01/07/2025,12:48:46,17073.27,0,0,0,0,0,0
MIDSEL.BSE_IDX,01/07/2025,12:48:54,17071.66,0,0,0,0,0,0
MIDSEL.BSE_IDX,01/07/2025,12:49:02,17072.4,0,0,0,0,0,0
MIDSEL.BSE_IDX,01/07/2025,12:49:10,17072.44,0,0,0,0,0,0
MIDSEL.BSE_IDX,01/07/2025,12:49:18,17069.8,0,0,0,0,0,0
MIDSEL.BSE_IDX,01/07/2025,12:49:26,17069.14,0,0,0,0,0,0
MIDSEL.BSE_IDX,01/07/2025,12:49:34,17068.36,0,0,0,0,0,0
MIDSEL.BSE_IDX,01/07/2025,12:49:42,17069.11,0,0,0,0,0,0
MIDSEL.BSE_IDX,01/07/2025,12:49:50,17070.49,0,0,0,0,0,0
MIDSEL.BSE_IDX,01/07/2025,12:49:58,17070.7,0,0,0,0,0,0
MIDSEL.BSE_IDX,01/07/2025,12:50:06,17072.26,0,0,0,0,0,0
MIDSEL.BSE_IDX,01/07/2025,12:50:14,17071.68,0,0,0,0,0,0
MIDSEL.BSE_IDX,01/07/2025,12:50:22,17069.81,0,0,0,0,0,0
MIDSEL.BSE_IDX,01/07/2025,12:50:30,17070.29,0,0,0,0,0,0
MIDSEL.BSE_IDX,01/07/2025,12:50:38,17071.38,0,0,0,0,0,0
MIDSEL.BSE_IDX,01/07/2025,12:50:47,17070.62,0,0,0,0,0,0
MIDSEL.BSE_IDX,01/07/2025,12:50:54,17072.88,0,0,0,0,0,0
MIDSEL.BSE_IDX,01/07/2025,12:51:02,17071.51,0,0,0,0,0,0
MIDSEL.BSE_IDX,01/07/2025,12:51:10,17072.53,0,0,0,0,0,0
MIDSEL.BSE_IDX,01/07/2025,12:51:19,17071.9,0,0,0,0,0,0
MIDSEL.BSE_IDX,01/07/2025,12:51:26,17073.02,0,0,0,0,0,0
MIDSEL.BSE_IDX,01/07/2025,12:51:34,17072.73,0,0,0,0,0,0
MIDSEL.BSE_IDX,01/07/2025,12:51:42,17072.68,0,0,0,0,0,0
MIDSEL.BSE_IDX,01/07/2025,12:51:50,17072.77,0,0,0,0,0,0
MIDSEL.BSE_IDX,01/07/2025,12:51:58,17072,0,0,0,0,0,0
MIDSEL.BSE_IDX,01/07/2025,12:52:06,17070.62,0,0,0,0,0,0
MIDSEL.BSE_IDX,01/07/2025,12:52:14,17070.06,0,0,0,0,0,0
MIDSEL.BSE_IDX,01/07/2025,12:52:22,17070.11,0,0,0,0,0,0
MIDSEL.BSE_IDX,01/07/2025,12:52:30,17070.02,0,0,0,0,0,0
MIDSEL.BSE_IDX,01/07/2025,12:52:38,17069.81,0,0,0,0,0,0
MIDSEL.BSE_IDX,01/07/2025,12:52:46,17071.12,0,0,0,0,0,0
MIDSEL.BSE_IDX,01/07/2025,12:52:54,17073.71,0,0,0,0,0,0
MIDSEL.BSE_IDX,01/07/2025,12:53:02,17073.3,0,0,0,0,0,0
MIDSEL.BSE_IDX,01/07/2025,12:53:10,17074.64,0,0,0,0,0,0
MIDSEL.BSE_IDX,01/07/2025,12:53:18,17074.95,0,0,0,0,0,0
MIDSEL.BSE_IDX,01/07/2025,12:53:26,17073.73,0,0,0,0,0,0
MIDSEL.BSE_IDX,01/07/2025,12:53:34,17073.89,0,0,0,0,0,0
MIDSEL.BSE_IDX,01/07/2025,12:53:42,17074.45,0,0,0,0,0,0
MIDSEL.BSE_IDX,01/07/2025,12:53:50,17074.24,0,0,0,0,0,0
MIDSEL.BSE_IDX,01/07/2025,12:53:58,17075.26,0,0,0,0,0,0
MIDSEL.BSE_IDX,01/07/2025,12:54:06,17075.73,0,0,0,0,0,0
MIDSEL.BSE_IDX,01/07/2025,12:54:14,17075.03,0,0,0,0,0,0
