Ticker,Date,Time,LTP,BuyPrice,BuyQty,SellPrice,SellQty,LTQ,OpenInterest
MSL400.BSE_IDX,01/07/2025,09:00:07,12384.61,0,0,0,0,0,0
MSL400.BSE_IDX,01/07/2025,09:00:15,12353.12,0,0,0,0,0,0
MSL400.BSE_IDX,01/07/2025,09:00:23,12359.39,0,0,0,0,0,0
MSL400.BSE_IDX,01/07/2025,09:00:31,12366.09,0,0,0,0,0,0
MSL400.BSE_IDX,01/07/2025,09:00:39,12366.69,0,0,0,0,0,0
MSL400.BSE_IDX,01/07/2025,09:00:47,12359.7,0,0,0,0,0,0
MSL400.BSE_IDX,01/07/2025,09:00:55,12358.74,0,0,0,0,0,0
MSL400.BSE_IDX,01/07/2025,09:01:03,12364.81,0,0,0,0,0,0
MSL400.BSE_IDX,01/07/2025,09:01:11,12369.97,0,0,0,0,0,0
MSL400.BSE_IDX,01/07/2025,09:01:19,12377.03,0,0,0,0,0,0
MSL400.BSE_IDX,01/07/2025,09:01:27,12376.33,0,0,0,0,0,0
MSL400.BSE_IDX,01/07/2025,09:01:35,12366.14,0,0,0,0,0,0
MSL400.BSE_IDX,01/07/2025,09:01:43,12377.07,0,0,0,0,0,0
MSL400.BSE_IDX,01/07/2025,09:01:51,12372.78,0,0,0,0,0,0
MSL400.BSE_IDX,01/07/2025,09:01:59,12373.43,0,0,0,0,0,0
MSL400.BSE_IDX,01/07/2025,09:02:07,12372.67,0,0,0,0,0,0
MSL400.BSE_IDX,01/07/2025,09:02:15,12372.19,0,0,0,0,0,0
MSL400.BSE_IDX,01/07/2025,09:02:23,12368.79,0,0,0,0,0,0
MSL400.BSE_IDX,01/07/2025,09:02:31,12373.58,0,0,0,0,0,0
MSL400.BSE_IDX,01/07/2025,09:02:39,12376.66,0,0,0,0,0,0
MSL400.BSE_IDX,01/07/2025,09:02:47,12370.51,0,0,0,0,0,0
MSL400.BSE_IDX,01/07/2025,09:02:55,12370.11,0,0,0,0,0,0
MSL400.BSE_IDX,01/07/2025,09:03:03,12370.85,0,0,0,0,0,0
MSL400.BSE_IDX,01/07/2025,09:03:11,12371.29,0,0,0,0,0,0
MSL400.BSE_IDX,01/07/2025,09:03:19,12372.22,0,0,0,0,0,0
MSL400.BSE_IDX,01/07/2025,09:03:27,12372.25,0,0,0,0,0,0
MSL400.BSE_IDX,01/07/2025,09:03:35,12371.61,0,0,0,0,0,0
MSL400.BSE_IDX,01/07/2025,09:03:43,12375.08,0,0,0,0,0,0
MSL400.BSE_IDX,01/07/2025,09:03:51,12368.64,0,0,0,0,0,0
MSL400.BSE_IDX,01/07/2025,09:03:59,12372.05,0,0,0,0,0,0
MSL400.BSE_IDX,01/07/2025,09:04:07,12371.76,0,0,0,0,0,0
MSL400.BSE_IDX,01/07/2025,09:04:15,12371.15,0,0,0,0,0,0
MSL400.BSE_IDX,01/07/2025,09:04:23,12371.04,0,0,0,0,0,0
MSL400.BSE_IDX,01/07/2025,09:04:31,12373.03,0,0,0,0,0,0
MSL400.BSE_IDX,01/07/2025,09:04:39,12373.93,0,0,0,0,0,0
MSL400.BSE_IDX,01/07/2025,09:04:47,12373.77,0,0,0,0,0,0
MSL400.BSE_IDX,01/07/2025,09:04:55,12374.44,0,0,0,0,0,0
MSL400.BSE_IDX,01/07/2025,09:05:03,12374.97,0,0,0,0,0,0
MSL400.BSE_IDX,01/07/2025,09:05:11,12377.69,0,0,0,0,0,0
MSL400.BSE_IDX,01/07/2025,09:05:19,12375.93,0,0,0,0,0,0
MSL400.BSE_IDX,01/07/2025,09:05:27,12373.25,0,0,0,0,0,0
MSL400.BSE_IDX,01/07/2025,09:05:35,12372.82,0,0,0,0,0,0
MSL400.BSE_IDX,01/07/2025,09:05:43,12372.45,0,0,0,0,0,0
MSL400.BSE_IDX,01/07/2025,09:05:51,12374.24,0,0,0,0,0,0
MSL400.BSE_IDX,01/07/2025,09:05:59,12374.96,0,0,0,0,0,0
MSL400.BSE_IDX,01/07/2025,09:06:07,12372.8,0,0,0,0,0,0
MSL400.BSE_IDX,01/07/2025,09:06:15,12369.28,0,0,0,0,0,0
MSL400.BSE_IDX,01/07/2025,09:06:23,12369.93,0,0,0,0,0,0
MSL400.BSE_IDX,01/07/2025,09:06:31,12374.26,0,0,0,0,0,0
MSL400.BSE_IDX,01/07/2025,09:06:39,12377.52,0,0,0,0,0,0
MSL400.BSE_IDX,01/07/2025,09:06:47,12373.94,0,0,0,0,0,0
MSL400.BSE_IDX,01/07/2025,09:06:55,12376.56,0,0,0,0,0,0
MSL400.BSE_IDX,01/07/2025,09:07:04,12380.04,0,0,0,0,0,0
MSL400.BSE_IDX,01/07/2025,09:07:11,12380.04,0,0,0,0,0,0
MSL400.BSE_IDX,01/07/2025,09:07:19,12380.04,0,0,0,0,0,0
MSL400.BSE_IDX,01/07/2025,09:07:27,12380.04,0,0,0,0,0,0
MSL400.BSE_IDX,01/07/2025,09:07:35,12380.04,0,0,0,0,0,0
MSL400.BSE_IDX,01/07/2025,09:07:43,12380.04,0,0,0,0,0,0
MSL400.BSE_IDX,01/07/2025,09:07:51,12380.04,0,0,0,0,0,0
MSL400.BSE_IDX,01/07/2025,09:07:59,12380.04,0,0,0,0,0,0
MSL400.BSE_IDX,01/07/2025,09:08:07,12380.04,0,0,0,0,0,0
MSL400.BSE_IDX,01/07/2025,09:08:15,12380.04,0,0,0,0,0,0
MSL400.BSE_IDX,01/07/2025,09:08:23,12380.04,0,0,0,0,0,0
MSL400.BSE_IDX,01/07/2025,09:08:31,12380.04,0,0,0,0,0,0
MSL400.BSE_IDX,01/07/2025,09:08:39,12380.04,0,0,0,0,0,0
MSL400.BSE_IDX,01/07/2025,09:08:47,12380.04,0,0,0,0,0,0
MSL400.BSE_IDX,01/07/2025,09:08:55,12380.04,0,0,0,0,0,0
MSL400.BSE_IDX,01/07/2025,09:09:03,12378.67,0,0,0,0,0,0
MSL400.BSE_IDX,01/07/2025,09:09:11,12378.67,0,0,0,0,0,0
MSL400.BSE_IDX,01/07/2025,09:09:19,12378.67,0,0,0,0,0,0
MSL400.BSE_IDX,01/07/2025,09:09:27,12378.67,0,0,0,0,0,0
MSL400.BSE_IDX,01/07/2025,09:09:35,12378.67,0,0,0,0,0,0
MSL400.BSE_IDX,01/07/2025,09:09:43,12378.67,0,0,0,0,0,0
MSL400.BSE_IDX,01/07/2025,09:09:51,12378.67,0,0,0,0,0,0
MSL400.BSE_IDX,01/07/2025,09:09:59,12378.67,0,0,0,0,0,0
MSL400.BSE_IDX,01/07/2025,09:10:07,12378.67,0,0,0,0,0,0
MSL400.BSE_IDX,01/07/2025,09:10:15,12378.67,0,0,0,0,0,0
MSL400.BSE_IDX,01/07/2025,09:10:23,12378.67,0,0,0,0,0,0
MSL400.BSE_IDX,01/07/2025,09:10:31,12378.67,0,0,0,0,0,0
MSL400.BSE_IDX,01/07/2025,09:10:39,12378.67,0,0,0,0,0,0
MSL400.BSE_IDX,01/07/2025,09:10:47,12378.67,0,0,0,0,0,0
MSL400.BSE_IDX,01/07/2025,09:10:55,12378.67,0,0,0,0,0,0
MSL400.BSE_IDX,01/07/2025,09:11:03,12378.67,0,0,0,0,0,0
MSL400.BSE_IDX,01/07/2025,09:11:11,12378.67,0,0,0,0,0,0
MSL400.BSE_IDX,01/07/2025,09:11:19,12378.67,0,0,0,0,0,0
MSL400.BSE_IDX,01/07/2025,09:11:27,12378.67,0,0,0,0,0,0
MSL400.BSE_IDX,01/07/2025,09:11:35,12378.67,0,0,0,0,0,0
MSL400.BSE_IDX,01/07/2025,09:11:43,12378.67,0,0,0,0,0,0
MSL400.BSE_IDX,01/07/2025,09:11:51,12378.67,0,0,0,0,0,0
MSL400.BSE_IDX,01/07/2025,09:11:59,12378.67,0,0,0,0,0,0
MSL400.BSE_IDX,01/07/2025,09:12:07,12378.67,0,0,0,0,0,0
MSL400.BSE_IDX,01/07/2025,09:12:16,12378.67,0,0,0,0,0,0
MSL400.BSE_IDX,01/07/2025,09:12:23,12378.67,0,0,0,0,0,0
MSL400.BSE_IDX,01/07/2025,09:12:31,12378.67,0,0,0,0,0,0
MSL400.BSE_IDX,01/07/2025,09:12:39,12378.67,0,0,0,0,0,0
MSL400.BSE_IDX,01/07/2025,09:12:47,12378.67,0,0,0,0,0,0
MSL400.BSE_IDX,01/07/2025,09:12:55,12378.67,0,0,0,0,0,0
MSL400.BSE_IDX,01/07/2025,09:13:03,12378.67,0,0,0,0,0,0
MSL400.BSE_IDX,01/07/2025,09:13:11,12378.67,0,0,0,0,0,0
MSL400.BSE_IDX,01/07/2025,09:13:19,12378.67,0,0,0,0,0,0
MSL400.BSE_IDX,01/07/2025,09:13:27,12378.67,0,0,0,0,0,0
MSL400.BSE_IDX,01/07/2025,09:13:35,12378.67,0,0,0,0,0,0
MSL400.BSE_IDX,01/07/2025,09:13:43,12378.67,0,0,0,0,0,0
MSL400.BSE_IDX,01/07/2025,09:13:51,12378.67,0,0,0,0,0,0
MSL400.BSE_IDX,01/07/2025,09:13:59,12378.67,0,0,0,0,0,0
MSL400.BSE_IDX,01/07/2025,09:14:07,12378.67,0,0,0,0,0,0
MSL400.BSE_IDX,01/07/2025,09:14:15,12378.67,0,0,0,0,0,0
MSL400.BSE_IDX,01/07/2025,09:14:23,12378.67,0,0,0,0,0,0
MSL400.BSE_IDX,01/07/2025,09:14:31,12378.67,0,0,0,0,0,0
MSL400.BSE_IDX,01/07/2025,09:14:39,12378.67,0,0,0,0,0,0
MSL400.BSE_IDX,01/07/2025,09:14:47,12378.67,0,0,0,0,0,0
MSL400.BSE_IDX,01/07/2025,09:14:55,12378.67,0,0,0,0,0,0
MSL400.BSE_IDX,01/07/2025,09:15:04,12380.66,0,0,0,0,0,0
MSL400.BSE_IDX,01/07/2025,09:15:11,12376.66,0,0,0,0,0,0
MSL400.BSE_IDX,01/07/2025,09:15:19,12373.25,0,0,0,0,0,0
MSL400.BSE_IDX,01/07/2025,09:15:27,12365.18,0,0,0,0,0,0
MSL400.BSE_IDX,01/07/2025,09:15:35,12366.52,0,0,0,0,0,0
MSL400.BSE_IDX,01/07/2025,09:15:43,12368.15,0,0,0,0,0,0
MSL400.BSE_IDX,01/07/2025,09:15:51,12368.04,0,0,0,0,0,0
MSL400.BSE_IDX,01/07/2025,09:15:59,12367.22,0,0,0,0,0,0
MSL400.BSE_IDX,01/07/2025,09:16:07,12366.18,0,0,0,0,0,0
MSL400.BSE_IDX,01/07/2025,09:16:15,12368.99,0,0,0,0,0,0
MSL400.BSE_IDX,01/07/2025,09:16:24,12370.04,0,0,0,0,0,0
MSL400.BSE_IDX,01/07/2025,09:16:31,12370.44,0,0,0,0,0,0
MSL400.BSE_IDX,01/07/2025,09:16:39,12370.9,0,0,0,0,0,0
MSL400.BSE_IDX,01/07/2025,09:16:48,12373.28,0,0,0,0,0,0
MSL400.BSE_IDX,01/07/2025,09:16:55,12374.15,0,0,0,0,0,0
MSL400.BSE_IDX,01/07/2025,09:17:03,12372.71,0,0,0,0,0,0
MSL400.BSE_IDX,01/07/2025,09:17:12,12372.23,0,0,0,0,0,0
MSL400.BSE_IDX,01/07/2025,09:17:19,12372.32,0,0,0,0,0,0
MSL400.BSE_IDX,01/07/2025,09:17:27,12371.62,0,0,0,0,0,0
MSL400.BSE_IDX,01/07/2025,09:17:35,12371.93,0,0,0,0,0,0
MSL400.BSE_IDX,01/07/2025,09:17:44,12372.99,0,0,0,0,0,0
MSL400.BSE_IDX,01/07/2025,09:17:51,12371.75,0,0,0,0,0,0
MSL400.BSE_IDX,01/07/2025,09:17:59,12372.98,0,0,0,0,0,0
MSL400.BSE_IDX,01/07/2025,09:18:07,12372.94,0,0,0,0,0,0
MSL400.BSE_IDX,01/07/2025,09:18:15,12369.89,0,0,0,0,0,0
MSL400.BSE_IDX,01/07/2025,09:18:23,12370.06,0,0,0,0,0,0
MSL400.BSE_IDX,01/07/2025,09:18:31,12368.99,0,0,0,0,0,0
MSL400.BSE_IDX,01/07/2025,09:18:39,12369.69,0,0,0,0,0,0
MSL400.BSE_IDX,01/07/2025,09:18:47,12369.48,0,0,0,0,0,0
MSL400.BSE_IDX,01/07/2025,09:18:56,12370.92,0,0,0,0,0,0
MSL400.BSE_IDX,01/07/2025,09:19:03,12370.06,0,0,0,0,0,0
MSL400.BSE_IDX,01/07/2025,09:19:11,12368.83,0,0,0,0,0,0
MSL400.BSE_IDX,01/07/2025,09:19:19,12369.87,0,0,0,0,0,0
MSL400.BSE_IDX,01/07/2025,09:19:28,12369.67,0,0,0,0,0,0
MSL400.BSE_IDX,01/07/2025,09:19:35,12370.07,0,0,0,0,0,0
MSL400.BSE_IDX,01/07/2025,09:19:43,12368.51,0,0,0,0,0,0
MSL400.BSE_IDX,01/07/2025,09:19:52,12367.47,0,0,0,0,0,0
MSL400.BSE_IDX,01/07/2025,09:19:59,12367.66,0,0,0,0,0,0
MSL400.BSE_IDX,01/07/2025,09:20:07,12368.18,0,0,0,0,0,0
MSL400.BSE_IDX,01/07/2025,09:20:15,12368.03,0,0,0,0,0,0
MSL400.BSE_IDX,01/07/2025,09:20:24,12365.42,0,0,0,0,0,0
MSL400.BSE_IDX,01/07/2025,09:20:31,12364.68,0,0,0,0,0,0
MSL400.BSE_IDX,01/07/2025,09:20:39,12363.85,0,0,0,0,0,0
MSL400.BSE_IDX,01/07/2025,09:20:47,12363.42,0,0,0,0,0,0
MSL400.BSE_IDX,01/07/2025,09:20:55,12362.24,0,0,0,0,0,0
MSL400.BSE_IDX,01/07/2025,09:21:03,12363.08,0,0,0,0,0,0
MSL400.BSE_IDX,01/07/2025,09:21:11,12362.82,0,0,0,0,0,0
MSL400.BSE_IDX,01/07/2025,09:21:19,12365.97,0,0,0,0,0,0
MSL400.BSE_IDX,01/07/2025,09:21:27,12365.47,0,0,0,0,0,0
MSL400.BSE_IDX,01/07/2025,09:21:36,12366.24,0,0,0,0,0,0
MSL400.BSE_IDX,01/07/2025,09:21:43,12366.11,0,0,0,0,0,0
MSL400.BSE_IDX,01/07/2025,09:21:51,12366.78,0,0,0,0,0,0
MSL400.BSE_IDX,01/07/2025,09:21:59,12367.01,0,0,0,0,0,0
MSL400.BSE_IDX,01/07/2025,09:22:07,12367.47,0,0,0,0,0,0
MSL400.BSE_IDX,01/07/2025,09:22:15,12367.41,0,0,0,0,0,0
MSL400.BSE_IDX,01/07/2025,09:22:23,12367.98,0,0,0,0,0,0
MSL400.BSE_IDX,01/07/2025,09:22:31,12368.07,0,0,0,0,0,0
MSL400.BSE_IDX,01/07/2025,09:22:39,12368.76,0,0,0,0,0,0
MSL400.BSE_IDX,01/07/2025,09:22:47,12369.06,0,0,0,0,0,0
MSL400.BSE_IDX,01/07/2025,09:22:55,12369.04,0,0,0,0,0,0
MSL400.BSE_IDX,01/07/2025,09:23:03,12370.15,0,0,0,0,0,0
MSL400.BSE_IDX,01/07/2025,09:23:11,12369.85,0,0,0,0,0,0
MSL400.BSE_IDX,01/07/2025,09:23:19,12370.1,0,0,0,0,0,0
MSL400.BSE_IDX,01/07/2025,09:23:27,12370.53,0,0,0,0,0,0
MSL400.BSE_IDX,01/07/2025,09:23:35,12370,0,0,0,0,0,0
MSL400.BSE_IDX,01/07/2025,09:23:44,12370.25,0,0,0,0,0,0
MSL400.BSE_IDX,01/07/2025,09:23:51,12369.46,0,0,0,0,0,0
MSL400.BSE_IDX,01/07/2025,09:23:59,12368.62,0,0,0,0,0,0
MSL400.BSE_IDX,01/07/2025,09:24:08,12368.5,0,0,0,0,0,0
MSL400.BSE_IDX,01/07/2025,09:24:15,12368.52,0,0,0,0,0,0
MSL400.BSE_IDX,01/07/2025,09:24:23,12367.49,0,0,0,0,0,0
MSL400.BSE_IDX,01/07/2025,09:24:32,12367.13,0,0,0,0,0,0
MSL400.BSE_IDX,01/07/2025,09:24:39,12367.99,0,0,0,0,0,0
MSL400.BSE_IDX,01/07/2025,09:24:48,12367.76,0,0,0,0,0,0
MSL400.BSE_IDX,01/07/2025,09:24:57,12367.69,0,0,0,0,0,0
MSL400.BSE_IDX,01/07/2025,09:25:03,12367.4,0,0,0,0,0,0
MSL400.BSE_IDX,01/07/2025,09:25:12,12365.82,0,0,0,0,0,0
MSL400.BSE_IDX,01/07/2025,09:25:19,12365.17,0,0,0,0,0,0
MSL400.BSE_IDX,01/07/2025,09:25:29,12363.34,0,0,0,0,0,0
MSL400.BSE_IDX,01/07/2025,09:25:35,12363.36,0,0,0,0,0,0
MSL400.BSE_IDX,01/07/2025,09:25:43,12362.63,0,0,0,0,0,0
MSL400.BSE_IDX,01/07/2025,09:25:51,12361.15,0,0,0,0,0,0
MSL400.BSE_IDX,01/07/2025,09:25:59,12360.03,0,0,0,0,0,0
MSL400.BSE_IDX,01/07/2025,09:26:08,12359.05,0,0,0,0,0,0
MSL400.BSE_IDX,01/07/2025,09:26:15,12359.2,0,0,0,0,0,0
MSL400.BSE_IDX,01/07/2025,09:26:24,12358.12,0,0,0,0,0,0
MSL400.BSE_IDX,01/07/2025,09:26:31,12358.43,0,0,0,0,0,0
MSL400.BSE_IDX,01/07/2025,09:26:39,12358.76,0,0,0,0,0,0
MSL400.BSE_IDX,01/07/2025,09:26:48,12359.43,0,0,0,0,0,0
MSL400.BSE_IDX,01/07/2025,09:26:55,12360.21,0,0,0,0,0,0
MSL400.BSE_IDX,01/07/2025,09:27:04,12361.08,0,0,0,0,0,0
MSL400.BSE_IDX,01/07/2025,09:27:12,12359.99,0,0,0,0,0,0
MSL400.BSE_IDX,01/07/2025,09:27:19,12360.41,0,0,0,0,0,0
MSL400.BSE_IDX,01/07/2025,09:27:28,12360.56,0,0,0,0,0,0
MSL400.BSE_IDX,01/07/2025,09:27:36,12360.32,0,0,0,0,0,0
MSL400.BSE_IDX,01/07/2025,09:27:44,12358.96,0,0,0,0,0,0
MSL400.BSE_IDX,01/07/2025,09:27:51,12359.04,0,0,0,0,0,0
MSL400.BSE_IDX,01/07/2025,09:28:00,12359.46,0,0,0,0,0,0
MSL400.BSE_IDX,01/07/2025,09:28:08,12358.17,0,0,0,0,0,0
MSL400.BSE_IDX,01/07/2025,09:28:16,12354.01,0,0,0,0,0,0
MSL400.BSE_IDX,01/07/2025,09:28:24,12352.38,0,0,0,0,0,0
MSL400.BSE_IDX,01/07/2025,09:28:32,12352.26,0,0,0,0,0,0
MSL400.BSE_IDX,01/07/2025,09:28:40,12352.26,0,0,0,0,0,0
MSL400.BSE_IDX,01/07/2025,09:28:48,12352.97,0,0,0,0,0,0
MSL400.BSE_IDX,01/07/2025,09:28:56,12353.5,0,0,0,0,0,0
MSL400.BSE_IDX,01/07/2025,09:29:04,12353.16,0,0,0,0,0,0
MSL400.BSE_IDX,01/07/2025,09:29:12,12352.18,0,0,0,0,0,0
MSL400.BSE_IDX,01/07/2025,09:29:20,12350.68,0,0,0,0,0,0
MSL400.BSE_IDX,01/07/2025,09:29:28,12350.34,0,0,0,0,0,0
MSL400.BSE_IDX,01/07/2025,09:29:36,12349.91,0,0,0,0,0,0
MSL400.BSE_IDX,01/07/2025,09:29:44,12350.68,0,0,0,0,0,0
MSL400.BSE_IDX,01/07/2025,09:29:52,12350.33,0,0,0,0,0,0
MSL400.BSE_IDX,01/07/2025,09:30:00,12350.81,0,0,0,0,0,0
MSL400.BSE_IDX,01/07/2025,09:30:08,12352.74,0,0,0,0,0,0
MSL400.BSE_IDX,01/07/2025,09:30:16,12354.03,0,0,0,0,0,0
MSL400.BSE_IDX,01/07/2025,09:30:24,12355.8,0,0,0,0,0,0
MSL400.BSE_IDX,01/07/2025,09:30:32,12356.91,0,0,0,0,0,0
MSL400.BSE_IDX,01/07/2025,09:30:40,12356.86,0,0,0,0,0,0
MSL400.BSE_IDX,01/07/2025,09:30:48,12357.73,0,0,0,0,0,0
MSL400.BSE_IDX,01/07/2025,09:30:56,12354.83,0,0,0,0,0,0
MSL400.BSE_IDX,01/07/2025,09:31:04,12353.68,0,0,0,0,0,0
MSL400.BSE_IDX,01/07/2025,09:31:12,12352.16,0,0,0,0,0,0
MSL400.BSE_IDX,01/07/2025,09:31:20,12350.63,0,0,0,0,0,0
MSL400.BSE_IDX,01/07/2025,09:31:28,12350.1,0,0,0,0,0,0
MSL400.BSE_IDX,01/07/2025,09:31:36,12350.07,0,0,0,0,0,0
MSL400.BSE_IDX,01/07/2025,09:31:44,12348.85,0,0,0,0,0,0
MSL400.BSE_IDX,01/07/2025,09:31:52,12348.81,0,0,0,0,0,0
MSL400.BSE_IDX,01/07/2025,09:32:00,12349.03,0,0,0,0,0,0
MSL400.BSE_IDX,01/07/2025,09:32:08,12348.61,0,0,0,0,0,0
MSL400.BSE_IDX,01/07/2025,09:32:16,12348.76,0,0,0,0,0,0
MSL400.BSE_IDX,01/07/2025,09:32:24,12348.88,0,0,0,0,0,0
MSL400.BSE_IDX,01/07/2025,09:32:32,12349.34,0,0,0,0,0,0
MSL400.BSE_IDX,01/07/2025,09:32:40,12350.01,0,0,0,0,0,0
MSL400.BSE_IDX,01/07/2025,09:32:48,12350.95,0,0,0,0,0,0
MSL400.BSE_IDX,01/07/2025,09:32:56,12352.43,0,0,0,0,0,0
MSL400.BSE_IDX,01/07/2025,09:33:04,12352.89,0,0,0,0,0,0
MSL400.BSE_IDX,01/07/2025,09:33:12,12353.77,0,0,0,0,0,0
MSL400.BSE_IDX,01/07/2025,09:33:20,12354.27,0,0,0,0,0,0
MSL400.BSE_IDX,01/07/2025,09:33:28,12355.19,0,0,0,0,0,0
MSL400.BSE_IDX,01/07/2025,09:33:36,12355.14,0,0,0,0,0,0
MSL400.BSE_IDX,01/07/2025,09:33:44,12354.81,0,0,0,0,0,0
MSL400.BSE_IDX,01/07/2025,09:33:52,12355.24,0,0,0,0,0,0
MSL400.BSE_IDX,01/07/2025,09:34:00,12355.02,0,0,0,0,0,0
MSL400.BSE_IDX,01/07/2025,09:34:08,12355.21,0,0,0,0,0,0
MSL400.BSE_IDX,01/07/2025,09:34:16,12354.16,0,0,0,0,0,0
MSL400.BSE_IDX,01/07/2025,09:34:24,12354.64,0,0,0,0,0,0
MSL400.BSE_IDX,01/07/2025,09:34:32,12356.87,0,0,0,0,0,0
MSL400.BSE_IDX,01/07/2025,09:34:40,12357.9,0,0,0,0,0,0
MSL400.BSE_IDX,01/07/2025,09:34:48,12358.3,0,0,0,0,0,0
MSL400.BSE_IDX,01/07/2025,09:34:56,12358.85,0,0,0,0,0,0
MSL400.BSE_IDX,01/07/2025,09:35:05,12358.3,0,0,0,0,0,0
MSL400.BSE_IDX,01/07/2025,09:35:12,12357.44,0,0,0,0,0,0
MSL400.BSE_IDX,01/07/2025,09:35:20,12357.73,0,0,0,0,0,0
MSL400.BSE_IDX,01/07/2025,09:35:28,12357.85,0,0,0,0,0,0
MSL400.BSE_IDX,01/07/2025,09:35:36,12358.74,0,0,0,0,0,0
MSL400.BSE_IDX,01/07/2025,09:35:44,12358.79,0,0,0,0,0,0
MSL400.BSE_IDX,01/07/2025,09:35:52,12358.8,0,0,0,0,0,0
MSL400.BSE_IDX,01/07/2025,09:36:00,12359.09,0,0,0,0,0,0
MSL400.BSE_IDX,01/07/2025,09:36:08,12357.94,0,0,0,0,0,0
MSL400.BSE_IDX,01/07/2025,09:36:16,12357.67,0,0,0,0,0,0
MSL400.BSE_IDX,01/07/2025,09:36:24,12356.82,0,0,0,0,0,0
MSL400.BSE_IDX,01/07/2025,09:36:33,12356.73,0,0,0,0,0,0
MSL400.BSE_IDX,01/07/2025,09:36:40,12356.62,0,0,0,0,0,0
MSL400.BSE_IDX,01/07/2025,09:36:48,12357.08,0,0,0,0,0,0
MSL400.BSE_IDX,01/07/2025,09:36:56,12356.87,0,0,0,0,0,0
MSL400.BSE_IDX,01/07/2025,09:37:04,12357.43,0,0,0,0,0,0
MSL400.BSE_IDX,01/07/2025,09:37:12,12357.15,0,0,0,0,0,0
MSL400.BSE_IDX,01/07/2025,09:37:20,12357.05,0,0,0,0,0,0
MSL400.BSE_IDX,01/07/2025,09:37:28,12357.18,0,0,0,0,0,0
MSL400.BSE_IDX,01/07/2025,09:37:36,12357.24,0,0,0,0,0,0
MSL400.BSE_IDX,01/07/2025,09:37:44,12356.31,0,0,0,0,0,0
MSL400.BSE_IDX,01/07/2025,09:37:52,12355.96,0,0,0,0,0,0
MSL400.BSE_IDX,01/07/2025,09:38:00,12356.39,0,0,0,0,0,0
MSL400.BSE_IDX,01/07/2025,09:38:08,12355.49,0,0,0,0,0,0
MSL400.BSE_IDX,01/07/2025,09:38:16,12354.34,0,0,0,0,0,0
MSL400.BSE_IDX,01/07/2025,09:38:24,12354.39,0,0,0,0,0,0
MSL400.BSE_IDX,01/07/2025,09:38:32,12352.92,0,0,0,0,0,0
MSL400.BSE_IDX,01/07/2025,09:38:40,12350.21,0,0,0,0,0,0
MSL400.BSE_IDX,01/07/2025,09:38:48,12350.47,0,0,0,0,0,0
MSL400.BSE_IDX,01/07/2025,09:38:56,12348.95,0,0,0,0,0,0
MSL400.BSE_IDX,01/07/2025,09:39:04,12348.06,0,0,0,0,0,0
MSL400.BSE_IDX,01/07/2025,09:39:12,12348.61,0,0,0,0,0,0
MSL400.BSE_IDX,01/07/2025,09:39:20,12349.56,0,0,0,0,0,0
MSL400.BSE_IDX,01/07/2025,09:39:28,12349.91,0,0,0,0,0,0
MSL400.BSE_IDX,01/07/2025,09:39:36,12349.58,0,0,0,0,0,0
MSL400.BSE_IDX,01/07/2025,09:39:44,12349.56,0,0,0,0,0,0
MSL400.BSE_IDX,01/07/2025,09:39:52,12349.65,0,0,0,0,0,0
MSL400.BSE_IDX,01/07/2025,09:40:00,12349.22,0,0,0,0,0,0
MSL400.BSE_IDX,01/07/2025,09:40:08,12349.69,0,0,0,0,0,0
MSL400.BSE_IDX,01/07/2025,09:40:16,12349.95,0,0,0,0,0,0
MSL400.BSE_IDX,01/07/2025,09:40:24,12349.71,0,0,0,0,0,0
MSL400.BSE_IDX,01/07/2025,09:40:32,12348.96,0,0,0,0,0,0
MSL400.BSE_IDX,01/07/2025,09:40:40,12348.57,0,0,0,0,0,0
MSL400.BSE_IDX,01/07/2025,09:40:48,12348.9,0,0,0,0,0,0
MSL400.BSE_IDX,01/07/2025,09:40:56,12347.22,0,0,0,0,0,0
MSL400.BSE_IDX,01/07/2025,09:41:04,12345.17,0,0,0,0,0,0
MSL400.BSE_IDX,01/07/2025,09:41:12,12345.39,0,0,0,0,0,0
MSL400.BSE_IDX,01/07/2025,09:41:20,12346.48,0,0,0,0,0,0
MSL400.BSE_IDX,01/07/2025,09:41:28,12347.13,0,0,0,0,0,0
MSL400.BSE_IDX,01/07/2025,09:41:36,12347.58,0,0,0,0,0,0
MSL400.BSE_IDX,01/07/2025,09:41:44,12347.09,0,0,0,0,0,0
MSL400.BSE_IDX,01/07/2025,09:41:52,12347.34,0,0,0,0,0,0
MSL400.BSE_IDX,01/07/2025,09:42:00,12347.5,0,0,0,0,0,0
MSL400.BSE_IDX,01/07/2025,09:42:08,12347.32,0,0,0,0,0,0
MSL400.BSE_IDX,01/07/2025,09:42:16,12346.53,0,0,0,0,0,0
MSL400.BSE_IDX,01/07/2025,09:42:24,12345.61,0,0,0,0,0,0
MSL400.BSE_IDX,01/07/2025,09:42:32,12345.84,0,0,0,0,0,0
MSL400.BSE_IDX,01/07/2025,09:42:40,12344.97,0,0,0,0,0,0
MSL400.BSE_IDX,01/07/2025,09:42:48,12346.09,0,0,0,0,0,0
MSL400.BSE_IDX,01/07/2025,09:42:56,12346.74,0,0,0,0,0,0
MSL400.BSE_IDX,01/07/2025,09:43:04,12347,0,0,0,0,0,0
MSL400.BSE_IDX,01/07/2025,09:43:12,12346.6,0,0,0,0,0,0
MSL400.BSE_IDX,01/07/2025,09:43:20,12346.48,0,0,0,0,0,0
MSL400.BSE_IDX,01/07/2025,09:43:28,12346.39,0,0,0,0,0,0
MSL400.BSE_IDX,01/07/2025,09:43:36,12347.11,0,0,0,0,0,0
MSL400.BSE_IDX,01/07/2025,09:43:44,12346.96,0,0,0,0,0,0
MSL400.BSE_IDX,01/07/2025,09:43:53,12347.28,0,0,0,0,0,0
MSL400.BSE_IDX,01/07/2025,09:44:00,12347.54,0,0,0,0,0,0
MSL400.BSE_IDX,01/07/2025,09:44:08,12347.13,0,0,0,0,0,0
MSL400.BSE_IDX,01/07/2025,09:44:16,12346.59,0,0,0,0,0,0
MSL400.BSE_IDX,01/07/2025,09:44:24,12346.25,0,0,0,0,0,0
MSL400.BSE_IDX,01/07/2025,09:44:32,12347.08,0,0,0,0,0,0
MSL400.BSE_IDX,01/07/2025,09:44:40,12346.92,0,0,0,0,0,0
MSL400.BSE_IDX,01/07/2025,09:44:48,12345.47,0,0,0,0,0,0
MSL400.BSE_IDX,01/07/2025,09:44:56,12344.23,0,0,0,0,0,0
MSL400.BSE_IDX,01/07/2025,09:45:05,12343.52,0,0,0,0,0,0
MSL400.BSE_IDX,01/07/2025,09:45:12,12341.26,0,0,0,0,0,0
MSL400.BSE_IDX,01/07/2025,09:45:20,12340.26,0,0,0,0,0,0
MSL400.BSE_IDX,01/07/2025,09:45:28,12340.55,0,0,0,0,0,0
MSL400.BSE_IDX,01/07/2025,09:45:36,12339.8,0,0,0,0,0,0
MSL400.BSE_IDX,01/07/2025,09:45:44,12338.97,0,0,0,0,0,0
MSL400.BSE_IDX,01/07/2025,09:45:52,12338.86,0,0,0,0,0,0
MSL400.BSE_IDX,01/07/2025,09:46:01,12338.88,0,0,0,0,0,0
MSL400.BSE_IDX,01/07/2025,09:46:08,12337.77,0,0,0,0,0,0
MSL400.BSE_IDX,01/07/2025,09:46:16,12338.34,0,0,0,0,0,0
MSL400.BSE_IDX,01/07/2025,09:46:24,12339.29,0,0,0,0,0,0
MSL400.BSE_IDX,01/07/2025,09:46:32,12339.2,0,0,0,0,0,0
MSL400.BSE_IDX,01/07/2025,09:46:40,12339.18,0,0,0,0,0,0
MSL400.BSE_IDX,01/07/2025,09:46:48,12339.46,0,0,0,0,0,0
MSL400.BSE_IDX,01/07/2025,09:46:56,12339.63,0,0,0,0,0,0
MSL400.BSE_IDX,01/07/2025,09:47:04,12339.72,0,0,0,0,0,0
MSL400.BSE_IDX,01/07/2025,09:47:12,12340.03,0,0,0,0,0,0
MSL400.BSE_IDX,01/07/2025,09:47:20,12339.77,0,0,0,0,0,0
MSL400.BSE_IDX,01/07/2025,09:47:28,12340.02,0,0,0,0,0,0
MSL400.BSE_IDX,01/07/2025,09:47:36,12339.84,0,0,0,0,0,0
MSL400.BSE_IDX,01/07/2025,09:47:44,12339.7,0,0,0,0,0,0
MSL400.BSE_IDX,01/07/2025,09:47:52,12340.5,0,0,0,0,0,0
MSL400.BSE_IDX,01/07/2025,09:48:00,12341.76,0,0,0,0,0,0
MSL400.BSE_IDX,01/07/2025,09:48:08,12342.27,0,0,0,0,0,0
MSL400.BSE_IDX,01/07/2025,09:48:16,12343.95,0,0,0,0,0,0
MSL400.BSE_IDX,01/07/2025,09:48:24,12345.45,0,0,0,0,0,0
MSL400.BSE_IDX,01/07/2025,09:48:32,12345.59,0,0,0,0,0,0
MSL400.BSE_IDX,01/07/2025,09:48:40,12345.74,0,0,0,0,0,0
MSL400.BSE_IDX,01/07/2025,09:48:48,12346.61,0,0,0,0,0,0
MSL400.BSE_IDX,01/07/2025,09:48:56,12346.54,0,0,0,0,0,0
MSL400.BSE_IDX,01/07/2025,09:49:04,12347.09,0,0,0,0,0,0
MSL400.BSE_IDX,01/07/2025,09:49:12,12347.23,0,0,0,0,0,0
MSL400.BSE_IDX,01/07/2025,09:49:20,12347.07,0,0,0,0,0,0
MSL400.BSE_IDX,01/07/2025,09:49:28,12347.08,0,0,0,0,0,0
MSL400.BSE_IDX,01/07/2025,09:49:36,12347.01,0,0,0,0,0,0
MSL400.BSE_IDX,01/07/2025,09:49:44,12347.74,0,0,0,0,0,0
MSL400.BSE_IDX,01/07/2025,09:49:52,12347.85,0,0,0,0,0,0
MSL400.BSE_IDX,01/07/2025,09:50:00,12347.99,0,0,0,0,0,0
MSL400.BSE_IDX,01/07/2025,09:50:08,12348.18,0,0,0,0,0,0
MSL400.BSE_IDX,01/07/2025,09:50:16,12349.72,0,0,0,0,0,0
MSL400.BSE_IDX,01/07/2025,09:50:24,12350.25,0,0,0,0,0,0
MSL400.BSE_IDX,01/07/2025,09:50:32,12349.96,0,0,0,0,0,0
MSL400.BSE_IDX,01/07/2025,09:50:40,12349.51,0,0,0,0,0,0
MSL400.BSE_IDX,01/07/2025,09:50:48,12348.97,0,0,0,0,0,0
MSL400.BSE_IDX,01/07/2025,09:50:57,12348.05,0,0,0,0,0,0
MSL400.BSE_IDX,01/07/2025,09:51:04,12347.17,0,0,0,0,0,0
MSL400.BSE_IDX,01/07/2025,09:51:12,12346.91,0,0,0,0,0,0
MSL400.BSE_IDX,01/07/2025,09:51:20,12345.98,0,0,0,0,0,0
MSL400.BSE_IDX,01/07/2025,09:51:28,12345.62,0,0,0,0,0,0
MSL400.BSE_IDX,01/07/2025,09:51:37,12345.13,0,0,0,0,0,0
MSL400.BSE_IDX,01/07/2025,09:51:44,12345.18,0,0,0,0,0,0
MSL400.BSE_IDX,01/07/2025,09:51:52,12344.91,0,0,0,0,0,0
MSL400.BSE_IDX,01/07/2025,09:52:01,12344.68,0,0,0,0,0,0
MSL400.BSE_IDX,01/07/2025,09:52:08,12343.96,0,0,0,0,0,0
MSL400.BSE_IDX,01/07/2025,09:52:17,12343.2,0,0,0,0,0,0
MSL400.BSE_IDX,01/07/2025,09:52:24,12342.21,0,0,0,0,0,0
MSL400.BSE_IDX,01/07/2025,09:52:32,12341.45,0,0,0,0,0,0
MSL400.BSE_IDX,01/07/2025,09:52:40,12341.17,0,0,0,0,0,0
MSL400.BSE_IDX,01/07/2025,09:52:48,12340.87,0,0,0,0,0,0
MSL400.BSE_IDX,01/07/2025,09:52:57,12340.68,0,0,0,0,0,0
MSL400.BSE_IDX,01/07/2025,09:53:04,12340.68,0,0,0,0,0,0
MSL400.BSE_IDX,01/07/2025,09:53:13,12340.72,0,0,0,0,0,0
MSL400.BSE_IDX,01/07/2025,09:53:20,12341.18,0,0,0,0,0,0
MSL400.BSE_IDX,01/07/2025,09:53:28,12342.11,0,0,0,0,0,0
MSL400.BSE_IDX,01/07/2025,09:53:36,12342.72,0,0,0,0,0,0
MSL400.BSE_IDX,01/07/2025,09:53:44,12342.51,0,0,0,0,0,0
MSL400.BSE_IDX,01/07/2025,09:53:52,12343.29,0,0,0,0,0,0
MSL400.BSE_IDX,01/07/2025,09:54:00,12342.12,0,0,0,0,0,0
MSL400.BSE_IDX,01/07/2025,09:54:08,12340.52,0,0,0,0,0,0
MSL400.BSE_IDX,01/07/2025,09:54:16,12339.66,0,0,0,0,0,0
MSL400.BSE_IDX,01/07/2025,09:54:24,12338.64,0,0,0,0,0,0
MSL400.BSE_IDX,01/07/2025,09:54:32,12338.24,0,0,0,0,0,0
MSL400.BSE_IDX,01/07/2025,09:54:40,12337.52,0,0,0,0,0,0
MSL400.BSE_IDX,01/07/2025,09:54:48,12337.54,0,0,0,0,0,0
MSL400.BSE_IDX,01/07/2025,09:54:56,12337.85,0,0,0,0,0,0
MSL400.BSE_IDX,01/07/2025,09:55:04,12335.93,0,0,0,0,0,0
MSL400.BSE_IDX,01/07/2025,09:55:12,12336.16,0,0,0,0,0,0
MSL400.BSE_IDX,01/07/2025,09:55:20,12335.73,0,0,0,0,0,0
MSL400.BSE_IDX,01/07/2025,09:55:28,12335.44,0,0,0,0,0,0
MSL400.BSE_IDX,01/07/2025,09:55:36,12335.47,0,0,0,0,0,0
MSL400.BSE_IDX,01/07/2025,09:55:44,12334.02,0,0,0,0,0,0
MSL400.BSE_IDX,01/07/2025,09:55:52,12333.55,0,0,0,0,0,0
MSL400.BSE_IDX,01/07/2025,09:56:00,12332.83,0,0,0,0,0,0
MSL400.BSE_IDX,01/07/2025,09:56:08,12333.01,0,0,0,0,0,0
MSL400.BSE_IDX,01/07/2025,09:56:16,12332.45,0,0,0,0,0,0
MSL400.BSE_IDX,01/07/2025,09:56:25,12332.34,0,0,0,0,0,0
MSL400.BSE_IDX,01/07/2025,09:56:32,12332.76,0,0,0,0,0,0
MSL400.BSE_IDX,01/07/2025,09:56:41,12332.81,0,0,0,0,0,0
MSL400.BSE_IDX,01/07/2025,09:56:48,12333.17,0,0,0,0,0,0
MSL400.BSE_IDX,01/07/2025,09:56:57,12333.11,0,0,0,0,0,0
MSL400.BSE_IDX,01/07/2025,09:57:04,12333.23,0,0,0,0,0,0
MSL400.BSE_IDX,01/07/2025,09:57:12,12334.01,0,0,0,0,0,0
MSL400.BSE_IDX,01/07/2025,09:57:20,12334.83,0,0,0,0,0,0
MSL400.BSE_IDX,01/07/2025,09:57:28,12335.7,0,0,0,0,0,0
MSL400.BSE_IDX,01/07/2025,09:57:36,12335.55,0,0,0,0,0,0
MSL400.BSE_IDX,01/07/2025,09:57:44,12335.88,0,0,0,0,0,0
MSL400.BSE_IDX,01/07/2025,09:57:52,12336.45,0,0,0,0,0,0
MSL400.BSE_IDX,01/07/2025,09:58:00,12336.66,0,0,0,0,0,0
MSL400.BSE_IDX,01/07/2025,09:58:08,12336.99,0,0,0,0,0,0
MSL400.BSE_IDX,01/07/2025,09:58:16,12336.81,0,0,0,0,0,0
MSL400.BSE_IDX,01/07/2025,09:58:24,12336.55,0,0,0,0,0,0
MSL400.BSE_IDX,01/07/2025,09:58:32,12337.23,0,0,0,0,0,0
MSL400.BSE_IDX,01/07/2025,09:58:40,12338.47,0,0,0,0,0,0
MSL400.BSE_IDX,01/07/2025,09:58:48,12338.8,0,0,0,0,0,0
MSL400.BSE_IDX,01/07/2025,09:58:56,12339.31,0,0,0,0,0,0
MSL400.BSE_IDX,01/07/2025,09:59:05,12339.75,0,0,0,0,0,0
MSL400.BSE_IDX,01/07/2025,09:59:12,12339.8,0,0,0,0,0,0
MSL400.BSE_IDX,01/07/2025,09:59:20,12340.23,0,0,0,0,0,0
MSL400.BSE_IDX,01/07/2025,09:59:28,12340.9,0,0,0,0,0,0
MSL400.BSE_IDX,01/07/2025,09:59:36,12340.94,0,0,0,0,0,0
MSL400.BSE_IDX,01/07/2025,09:59:45,12341.51,0,0,0,0,0,0
MSL400.BSE_IDX,01/07/2025,09:59:52,12341.8,0,0,0,0,0,0
MSL400.BSE_IDX,01/07/2025,10:00:00,12341.98,0,0,0,0,0,0
MSL400.BSE_IDX,01/07/2025,10:00:08,12343.03,0,0,0,0,0,0
MSL400.BSE_IDX,01/07/2025,10:00:16,12343.45,0,0,0,0,0,0
MSL400.BSE_IDX,01/07/2025,10:00:24,12342.98,0,0,0,0,0,0
MSL400.BSE_IDX,01/07/2025,10:00:32,12342.65,0,0,0,0,0,0
MSL400.BSE_IDX,01/07/2025,10:00:40,12342.39,0,0,0,0,0,0
MSL400.BSE_IDX,01/07/2025,10:00:48,12341.71,0,0,0,0,0,0
MSL400.BSE_IDX,01/07/2025,10:00:56,12341.94,0,0,0,0,0,0
MSL400.BSE_IDX,01/07/2025,10:01:04,12340.3,0,0,0,0,0,0
MSL400.BSE_IDX,01/07/2025,10:01:12,12338.79,0,0,0,0,0,0
MSL400.BSE_IDX,01/07/2025,10:01:21,12338.93,0,0,0,0,0,0
MSL400.BSE_IDX,01/07/2025,10:01:28,12338.92,0,0,0,0,0,0
MSL400.BSE_IDX,01/07/2025,10:01:36,12338.82,0,0,0,0,0,0
MSL400.BSE_IDX,01/07/2025,10:01:44,12338.86,0,0,0,0,0,0
MSL400.BSE_IDX,01/07/2025,10:01:52,12338.44,0,0,0,0,0,0
MSL400.BSE_IDX,01/07/2025,10:02:00,12338.48,0,0,0,0,0,0
MSL400.BSE_IDX,01/07/2025,10:02:08,12338.95,0,0,0,0,0,0
MSL400.BSE_IDX,01/07/2025,10:02:17,12338.78,0,0,0,0,0,0
MSL400.BSE_IDX,01/07/2025,10:02:24,12338.14,0,0,0,0,0,0
MSL400.BSE_IDX,01/07/2025,10:02:32,12337.44,0,0,0,0,0,0
MSL400.BSE_IDX,01/07/2025,10:02:41,12337.1,0,0,0,0,0,0
MSL400.BSE_IDX,01/07/2025,10:02:49,12337.46,0,0,0,0,0,0
MSL400.BSE_IDX,01/07/2025,10:02:56,12337.01,0,0,0,0,0,0
MSL400.BSE_IDX,01/07/2025,10:03:04,12335.13,0,0,0,0,0,0
MSL400.BSE_IDX,01/07/2025,10:03:13,12332.91,0,0,0,0,0,0
MSL400.BSE_IDX,01/07/2025,10:03:20,12331.18,0,0,0,0,0,0
MSL400.BSE_IDX,01/07/2025,10:03:29,12329.54,0,0,0,0,0,0
MSL400.BSE_IDX,01/07/2025,10:03:37,12328.69,0,0,0,0,0,0
MSL400.BSE_IDX,01/07/2025,10:03:45,12328.15,0,0,0,0,0,0
MSL400.BSE_IDX,01/07/2025,10:03:53,12327.14,0,0,0,0,0,0
MSL400.BSE_IDX,01/07/2025,10:04:01,12326.87,0,0,0,0,0,0
MSL400.BSE_IDX,01/07/2025,10:04:09,12327.08,0,0,0,0,0,0
MSL400.BSE_IDX,01/07/2025,10:04:17,12326.59,0,0,0,0,0,0
MSL400.BSE_IDX,01/07/2025,10:04:25,12326.22,0,0,0,0,0,0
MSL400.BSE_IDX,01/07/2025,10:04:33,12326.03,0,0,0,0,0,0
MSL400.BSE_IDX,01/07/2025,10:04:41,12325.93,0,0,0,0,0,0
MSL400.BSE_IDX,01/07/2025,10:04:50,12326.87,0,0,0,0,0,0
MSL400.BSE_IDX,01/07/2025,10:04:57,12327.44,0,0,0,0,0,0
MSL400.BSE_IDX,01/07/2025,10:05:05,12326.98,0,0,0,0,0,0
MSL400.BSE_IDX,01/07/2025,10:05:14,12326.35,0,0,0,0,0,0
MSL400.BSE_IDX,01/07/2025,10:05:21,12326.28,0,0,0,0,0,0
MSL400.BSE_IDX,01/07/2025,10:05:29,12326.56,0,0,0,0,0,0
MSL400.BSE_IDX,01/07/2025,10:05:37,12326.43,0,0,0,0,0,0
MSL400.BSE_IDX,01/07/2025,10:05:45,12326.93,0,0,0,0,0,0
MSL400.BSE_IDX,01/07/2025,10:05:53,12327.66,0,0,0,0,0,0
MSL400.BSE_IDX,01/07/2025,10:06:01,12327.56,0,0,0,0,0,0
MSL400.BSE_IDX,01/07/2025,10:06:09,12328.41,0,0,0,0,0,0
MSL400.BSE_IDX,01/07/2025,10:06:17,12328.35,0,0,0,0,0,0
MSL400.BSE_IDX,01/07/2025,10:06:25,12328.71,0,0,0,0,0,0
MSL400.BSE_IDX,01/07/2025,10:06:33,12328.97,0,0,0,0,0,0
MSL400.BSE_IDX,01/07/2025,10:06:41,12329.6,0,0,0,0,0,0
MSL400.BSE_IDX,01/07/2025,10:06:49,12330.61,0,0,0,0,0,0
MSL400.BSE_IDX,01/07/2025,10:06:57,12330.95,0,0,0,0,0,0
MSL400.BSE_IDX,01/07/2025,10:07:05,12332.06,0,0,0,0,0,0
MSL400.BSE_IDX,01/07/2025,10:07:13,12332.12,0,0,0,0,0,0
MSL400.BSE_IDX,01/07/2025,10:07:21,12332.32,0,0,0,0,0,0
MSL400.BSE_IDX,01/07/2025,10:07:29,12333.07,0,0,0,0,0,0
MSL400.BSE_IDX,01/07/2025,10:07:37,12333.68,0,0,0,0,0,0
MSL400.BSE_IDX,01/07/2025,10:07:45,12334.61,0,0,0,0,0,0
MSL400.BSE_IDX,01/07/2025,10:07:53,12334.46,0,0,0,0,0,0
MSL400.BSE_IDX,01/07/2025,10:08:01,12334.65,0,0,0,0,0,0
MSL400.BSE_IDX,01/07/2025,10:08:09,12334.93,0,0,0,0,0,0
MSL400.BSE_IDX,01/07/2025,10:08:17,12334.97,0,0,0,0,0,0
MSL400.BSE_IDX,01/07/2025,10:08:25,12335.25,0,0,0,0,0,0
MSL400.BSE_IDX,01/07/2025,10:08:33,12334.68,0,0,0,0,0,0
MSL400.BSE_IDX,01/07/2025,10:08:41,12334.43,0,0,0,0,0,0
MSL400.BSE_IDX,01/07/2025,10:08:49,12333.9,0,0,0,0,0,0
MSL400.BSE_IDX,01/07/2025,10:08:57,12333.24,0,0,0,0,0,0
MSL400.BSE_IDX,01/07/2025,10:09:05,12331.77,0,0,0,0,0,0
MSL400.BSE_IDX,01/07/2025,10:09:13,12331.62,0,0,0,0,0,0
MSL400.BSE_IDX,01/07/2025,10:09:21,12331.34,0,0,0,0,0,0
MSL400.BSE_IDX,01/07/2025,10:09:29,12330.91,0,0,0,0,0,0
MSL400.BSE_IDX,01/07/2025,10:09:37,12331.34,0,0,0,0,0,0
MSL400.BSE_IDX,01/07/2025,10:09:45,12331.46,0,0,0,0,0,0
MSL400.BSE_IDX,01/07/2025,10:09:53,12331.39,0,0,0,0,0,0
MSL400.BSE_IDX,01/07/2025,10:10:01,12331.97,0,0,0,0,0,0
MSL400.BSE_IDX,01/07/2025,10:10:09,12332.09,0,0,0,0,0,0
MSL400.BSE_IDX,01/07/2025,10:10:17,12332.06,0,0,0,0,0,0
MSL400.BSE_IDX,01/07/2025,10:10:25,12332.43,0,0,0,0,0,0
MSL400.BSE_IDX,01/07/2025,10:10:33,12332.44,0,0,0,0,0,0
MSL400.BSE_IDX,01/07/2025,10:10:41,12332.34,0,0,0,0,0,0
MSL400.BSE_IDX,01/07/2025,10:10:49,12332.01,0,0,0,0,0,0
MSL400.BSE_IDX,01/07/2025,10:10:57,12332.13,0,0,0,0,0,0
MSL400.BSE_IDX,01/07/2025,10:11:05,12331.71,0,0,0,0,0,0
MSL400.BSE_IDX,01/07/2025,10:11:13,12331.21,0,0,0,0,0,0
MSL400.BSE_IDX,01/07/2025,10:11:22,12329.9,0,0,0,0,0,0
MSL400.BSE_IDX,01/07/2025,10:11:29,12329.26,0,0,0,0,0,0
MSL400.BSE_IDX,01/07/2025,10:11:37,12329.1,0,0,0,0,0,0
MSL400.BSE_IDX,01/07/2025,10:11:45,12328.75,0,0,0,0,0,0
MSL400.BSE_IDX,01/07/2025,10:11:53,12328.25,0,0,0,0,0,0
MSL400.BSE_IDX,01/07/2025,10:12:01,12327.96,0,0,0,0,0,0
MSL400.BSE_IDX,01/07/2025,10:12:09,12327.3,0,0,0,0,0,0
MSL400.BSE_IDX,01/07/2025,10:12:17,12326.66,0,0,0,0,0,0
MSL400.BSE_IDX,01/07/2025,10:12:25,12325.09,0,0,0,0,0,0
MSL400.BSE_IDX,01/07/2025,10:12:33,12323.97,0,0,0,0,0,0
MSL400.BSE_IDX,01/07/2025,10:12:41,12323.11,0,0,0,0,0,0
MSL400.BSE_IDX,01/07/2025,10:12:49,12323.03,0,0,0,0,0,0
MSL400.BSE_IDX,01/07/2025,10:12:57,12322.21,0,0,0,0,0,0
MSL400.BSE_IDX,01/07/2025,10:13:05,12321.78,0,0,0,0,0,0
MSL400.BSE_IDX,01/07/2025,10:13:13,12322.4,0,0,0,0,0,0
MSL400.BSE_IDX,01/07/2025,10:13:21,12322.35,0,0,0,0,0,0
MSL400.BSE_IDX,01/07/2025,10:13:29,12321.59,0,0,0,0,0,0
MSL400.BSE_IDX,01/07/2025,10:13:37,12321.46,0,0,0,0,0,0
MSL400.BSE_IDX,01/07/2025,10:13:45,12320.97,0,0,0,0,0,0
MSL400.BSE_IDX,01/07/2025,10:13:53,12319.72,0,0,0,0,0,0
MSL400.BSE_IDX,01/07/2025,10:14:01,12317.39,0,0,0,0,0,0
MSL400.BSE_IDX,01/07/2025,10:14:09,12316.95,0,0,0,0,0,0
MSL400.BSE_IDX,01/07/2025,10:14:17,12316.22,0,0,0,0,0,0
MSL400.BSE_IDX,01/07/2025,10:14:25,12315.49,0,0,0,0,0,0
MSL400.BSE_IDX,01/07/2025,10:14:33,12314.35,0,0,0,0,0,0
MSL400.BSE_IDX,01/07/2025,10:14:41,12313.6,0,0,0,0,0,0
MSL400.BSE_IDX,01/07/2025,10:14:49,12312.97,0,0,0,0,0,0
MSL400.BSE_IDX,01/07/2025,10:14:57,12312.47,0,0,0,0,0,0
MSL400.BSE_IDX,01/07/2025,10:15:05,12311.2,0,0,0,0,0,0
MSL400.BSE_IDX,01/07/2025,10:15:13,12309.68,0,0,0,0,0,0
MSL400.BSE_IDX,01/07/2025,10:15:21,12309.04,0,0,0,0,0,0
MSL400.BSE_IDX,01/07/2025,10:15:29,12308.44,0,0,0,0,0,0
MSL400.BSE_IDX,01/07/2025,10:15:37,12309.13,0,0,0,0,0,0
MSL400.BSE_IDX,01/07/2025,10:15:45,12308.69,0,0,0,0,0,0
MSL400.BSE_IDX,01/07/2025,10:15:53,12308.12,0,0,0,0,0,0
MSL400.BSE_IDX,01/07/2025,10:16:01,12308.34,0,0,0,0,0,0
MSL400.BSE_IDX,01/07/2025,10:16:09,12308.81,0,0,0,0,0,0
MSL400.BSE_IDX,01/07/2025,10:16:17,12309.29,0,0,0,0,0,0
MSL400.BSE_IDX,01/07/2025,10:16:25,12309.72,0,0,0,0,0,0
MSL400.BSE_IDX,01/07/2025,10:16:33,12309.88,0,0,0,0,0,0
MSL400.BSE_IDX,01/07/2025,10:16:41,12309.88,0,0,0,0,0,0
MSL400.BSE_IDX,01/07/2025,10:16:49,12310.07,0,0,0,0,0,0
MSL400.BSE_IDX,01/07/2025,10:16:57,12310.24,0,0,0,0,0,0
MSL400.BSE_IDX,01/07/2025,10:17:05,12310.77,0,0,0,0,0,0
MSL400.BSE_IDX,01/07/2025,10:17:13,12310.86,0,0,0,0,0,0
MSL400.BSE_IDX,01/07/2025,10:17:21,12311.56,0,0,0,0,0,0
MSL400.BSE_IDX,01/07/2025,10:17:29,12312.04,0,0,0,0,0,0
MSL400.BSE_IDX,01/07/2025,10:17:37,12314.02,0,0,0,0,0,0
MSL400.BSE_IDX,01/07/2025,10:17:45,12315.41,0,0,0,0,0,0
MSL400.BSE_IDX,01/07/2025,10:17:53,12316.87,0,0,0,0,0,0
MSL400.BSE_IDX,01/07/2025,10:18:01,12317.88,0,0,0,0,0,0
MSL400.BSE_IDX,01/07/2025,10:18:09,12318.92,0,0,0,0,0,0
MSL400.BSE_IDX,01/07/2025,10:18:17,12319.5,0,0,0,0,0,0
MSL400.BSE_IDX,01/07/2025,10:18:25,12319.93,0,0,0,0,0,0
MSL400.BSE_IDX,01/07/2025,10:18:33,12319.27,0,0,0,0,0,0
MSL400.BSE_IDX,01/07/2025,10:18:41,12318.85,0,0,0,0,0,0
MSL400.BSE_IDX,01/07/2025,10:18:49,12319.06,0,0,0,0,0,0
MSL400.BSE_IDX,01/07/2025,10:18:57,12319.34,0,0,0,0,0,0
MSL400.BSE_IDX,01/07/2025,10:19:05,12318.15,0,0,0,0,0,0
MSL400.BSE_IDX,01/07/2025,10:19:13,12318.78,0,0,0,0,0,0
MSL400.BSE_IDX,01/07/2025,10:19:21,12319.51,0,0,0,0,0,0
MSL400.BSE_IDX,01/07/2025,10:19:29,12319.61,0,0,0,0,0,0
MSL400.BSE_IDX,01/07/2025,10:19:37,12319.57,0,0,0,0,0,0
MSL400.BSE_IDX,01/07/2025,10:19:45,12318.8,0,0,0,0,0,0
MSL400.BSE_IDX,01/07/2025,10:19:53,12317.16,0,0,0,0,0,0
MSL400.BSE_IDX,01/07/2025,10:20:01,12316.72,0,0,0,0,0,0
MSL400.BSE_IDX,01/07/2025,10:20:09,12316.71,0,0,0,0,0,0
MSL400.BSE_IDX,01/07/2025,10:20:17,12317.53,0,0,0,0,0,0
MSL400.BSE_IDX,01/07/2025,10:20:25,12317.5,0,0,0,0,0,0
MSL400.BSE_IDX,01/07/2025,10:20:33,12317,0,0,0,0,0,0
MSL400.BSE_IDX,01/07/2025,10:20:41,12317.08,0,0,0,0,0,0
MSL400.BSE_IDX,01/07/2025,10:20:49,12316.49,0,0,0,0,0,0
MSL400.BSE_IDX,01/07/2025,10:20:57,12315.97,0,0,0,0,0,0
MSL400.BSE_IDX,01/07/2025,10:21:05,12315.55,0,0,0,0,0,0
MSL400.BSE_IDX,01/07/2025,10:21:13,12315.31,0,0,0,0,0,0
MSL400.BSE_IDX,01/07/2025,10:21:21,12314.55,0,0,0,0,0,0
MSL400.BSE_IDX,01/07/2025,10:21:29,12314.14,0,0,0,0,0,0
MSL400.BSE_IDX,01/07/2025,10:21:37,12313.65,0,0,0,0,0,0
MSL400.BSE_IDX,01/07/2025,10:21:45,12313,0,0,0,0,0,0
MSL400.BSE_IDX,01/07/2025,10:21:53,12313.09,0,0,0,0,0,0
MSL400.BSE_IDX,01/07/2025,10:22:01,12313.5,0,0,0,0,0,0
MSL400.BSE_IDX,01/07/2025,10:22:09,12313.1,0,0,0,0,0,0
MSL400.BSE_IDX,01/07/2025,10:22:17,12312.45,0,0,0,0,0,0
MSL400.BSE_IDX,01/07/2025,10:22:25,12312.41,0,0,0,0,0,0
MSL400.BSE_IDX,01/07/2025,10:22:33,12312.55,0,0,0,0,0,0
MSL400.BSE_IDX,01/07/2025,10:22:41,12312.88,0,0,0,0,0,0
MSL400.BSE_IDX,01/07/2025,10:22:49,12312.94,0,0,0,0,0,0
MSL400.BSE_IDX,01/07/2025,10:22:57,12313,0,0,0,0,0,0
MSL400.BSE_IDX,01/07/2025,10:23:05,12312.51,0,0,0,0,0,0
MSL400.BSE_IDX,01/07/2025,10:23:13,12312.69,0,0,0,0,0,0
MSL400.BSE_IDX,01/07/2025,10:23:21,12312.83,0,0,0,0,0,0
MSL400.BSE_IDX,01/07/2025,10:23:29,12313.45,0,0,0,0,0,0
MSL400.BSE_IDX,01/07/2025,10:23:37,12313.53,0,0,0,0,0,0
MSL400.BSE_IDX,01/07/2025,10:23:45,12314.22,0,0,0,0,0,0
MSL400.BSE_IDX,01/07/2025,10:23:53,12313.95,0,0,0,0,0,0
MSL400.BSE_IDX,01/07/2025,10:24:01,12313.92,0,0,0,0,0,0
MSL400.BSE_IDX,01/07/2025,10:24:09,12314.16,0,0,0,0,0,0
MSL400.BSE_IDX,01/07/2025,10:24:17,12313.58,0,0,0,0,0,0
MSL400.BSE_IDX,01/07/2025,10:24:25,12313.24,0,0,0,0,0,0
MSL400.BSE_IDX,01/07/2025,10:24:33,12312.4,0,0,0,0,0,0
MSL400.BSE_IDX,01/07/2025,10:24:41,12312.13,0,0,0,0,0,0
MSL400.BSE_IDX,01/07/2025,10:24:49,12311.8,0,0,0,0,0,0
MSL400.BSE_IDX,01/07/2025,10:24:57,12311.91,0,0,0,0,0,0
MSL400.BSE_IDX,01/07/2025,10:25:05,12311.77,0,0,0,0,0,0
MSL400.BSE_IDX,01/07/2025,10:25:13,12311.93,0,0,0,0,0,0
MSL400.BSE_IDX,01/07/2025,10:25:21,12311.83,0,0,0,0,0,0
MSL400.BSE_IDX,01/07/2025,10:25:29,12311.45,0,0,0,0,0,0
MSL400.BSE_IDX,01/07/2025,10:25:37,12311.29,0,0,0,0,0,0
MSL400.BSE_IDX,01/07/2025,10:25:45,12310.52,0,0,0,0,0,0
MSL400.BSE_IDX,01/07/2025,10:25:53,12310.79,0,0,0,0,0,0
MSL400.BSE_IDX,01/07/2025,10:26:01,12310.71,0,0,0,0,0,0
MSL400.BSE_IDX,01/07/2025,10:26:09,12310.77,0,0,0,0,0,0
MSL400.BSE_IDX,01/07/2025,10:26:17,12310.87,0,0,0,0,0,0
MSL400.BSE_IDX,01/07/2025,10:26:25,12310.76,0,0,0,0,0,0
MSL400.BSE_IDX,01/07/2025,10:26:33,12311.04,0,0,0,0,0,0
MSL400.BSE_IDX,01/07/2025,10:26:41,12311.03,0,0,0,0,0,0
MSL400.BSE_IDX,01/07/2025,10:26:49,12310.55,0,0,0,0,0,0
MSL400.BSE_IDX,01/07/2025,10:26:57,12310.8,0,0,0,0,0,0
MSL400.BSE_IDX,01/07/2025,10:27:05,12311.43,0,0,0,0,0,0
MSL400.BSE_IDX,01/07/2025,10:27:13,12311.36,0,0,0,0,0,0
MSL400.BSE_IDX,01/07/2025,10:27:21,12311.89,0,0,0,0,0,0
MSL400.BSE_IDX,01/07/2025,10:27:29,12312.65,0,0,0,0,0,0
MSL400.BSE_IDX,01/07/2025,10:27:37,12313.19,0,0,0,0,0,0
MSL400.BSE_IDX,01/07/2025,10:27:45,12312.46,0,0,0,0,0,0
MSL400.BSE_IDX,01/07/2025,10:27:53,12312.64,0,0,0,0,0,0
MSL400.BSE_IDX,01/07/2025,10:28:01,12313.86,0,0,0,0,0,0
MSL400.BSE_IDX,01/07/2025,10:28:09,12314.18,0,0,0,0,0,0
MSL400.BSE_IDX,01/07/2025,10:28:17,12314.42,0,0,0,0,0,0
MSL400.BSE_IDX,01/07/2025,10:28:25,12314.21,0,0,0,0,0,0
MSL400.BSE_IDX,01/07/2025,10:28:33,12314.33,0,0,0,0,0,0
MSL400.BSE_IDX,01/07/2025,10:28:41,12314.36,0,0,0,0,0,0
MSL400.BSE_IDX,01/07/2025,10:28:49,12314.75,0,0,0,0,0,0
MSL400.BSE_IDX,01/07/2025,10:28:57,12314.63,0,0,0,0,0,0
MSL400.BSE_IDX,01/07/2025,10:29:05,12313.97,0,0,0,0,0,0
MSL400.BSE_IDX,01/07/2025,10:29:13,12314.39,0,0,0,0,0,0
MSL400.BSE_IDX,01/07/2025,10:29:21,12314.38,0,0,0,0,0,0
MSL400.BSE_IDX,01/07/2025,10:29:29,12314.3,0,0,0,0,0,0
MSL400.BSE_IDX,01/07/2025,10:29:37,12313.79,0,0,0,0,0,0
MSL400.BSE_IDX,01/07/2025,10:29:46,12313.65,0,0,0,0,0,0
MSL400.BSE_IDX,01/07/2025,10:29:54,12313.97,0,0,0,0,0,0
MSL400.BSE_IDX,01/07/2025,10:30:01,12314.32,0,0,0,0,0,0
MSL400.BSE_IDX,01/07/2025,10:30:09,12314.64,0,0,0,0,0,0
MSL400.BSE_IDX,01/07/2025,10:30:17,12315.36,0,0,0,0,0,0
MSL400.BSE_IDX,01/07/2025,10:30:25,12316.37,0,0,0,0,0,0
MSL400.BSE_IDX,01/07/2025,10:30:33,12316.54,0,0,0,0,0,0
MSL400.BSE_IDX,01/07/2025,10:30:41,12317.49,0,0,0,0,0,0
MSL400.BSE_IDX,01/07/2025,10:30:49,12317.51,0,0,0,0,0,0
MSL400.BSE_IDX,01/07/2025,10:30:57,12317.59,0,0,0,0,0,0
MSL400.BSE_IDX,01/07/2025,10:31:05,12317.37,0,0,0,0,0,0
MSL400.BSE_IDX,01/07/2025,10:31:13,12316.98,0,0,0,0,0,0
MSL400.BSE_IDX,01/07/2025,10:31:21,12317.41,0,0,0,0,0,0
MSL400.BSE_IDX,01/07/2025,10:31:29,12317.08,0,0,0,0,0,0
MSL400.BSE_IDX,01/07/2025,10:31:37,12317.36,0,0,0,0,0,0
MSL400.BSE_IDX,01/07/2025,10:31:45,12317.27,0,0,0,0,0,0
MSL400.BSE_IDX,01/07/2025,10:31:53,12317.29,0,0,0,0,0,0
MSL400.BSE_IDX,01/07/2025,10:32:01,12317.5,0,0,0,0,0,0
MSL400.BSE_IDX,01/07/2025,10:32:09,12317.3,0,0,0,0,0,0
MSL400.BSE_IDX,01/07/2025,10:32:17,12317.6,0,0,0,0,0,0
MSL400.BSE_IDX,01/07/2025,10:32:25,12318.27,0,0,0,0,0,0
MSL400.BSE_IDX,01/07/2025,10:32:33,12318.55,0,0,0,0,0,0
MSL400.BSE_IDX,01/07/2025,10:32:41,12318.78,0,0,0,0,0,0
MSL400.BSE_IDX,01/07/2025,10:32:49,12319.17,0,0,0,0,0,0
MSL400.BSE_IDX,01/07/2025,10:32:57,12319.5,0,0,0,0,0,0
MSL400.BSE_IDX,01/07/2025,10:33:05,12319.05,0,0,0,0,0,0
MSL400.BSE_IDX,01/07/2025,10:33:13,12319.59,0,0,0,0,0,0
MSL400.BSE_IDX,01/07/2025,10:33:21,12319.6,0,0,0,0,0,0
MSL400.BSE_IDX,01/07/2025,10:33:29,12319.22,0,0,0,0,0,0
MSL400.BSE_IDX,01/07/2025,10:33:37,12319.66,0,0,0,0,0,0
MSL400.BSE_IDX,01/07/2025,10:33:45,12320.22,0,0,0,0,0,0
MSL400.BSE_IDX,01/07/2025,10:33:53,12320.15,0,0,0,0,0,0
MSL400.BSE_IDX,01/07/2025,10:34:01,12320.44,0,0,0,0,0,0
MSL400.BSE_IDX,01/07/2025,10:34:09,12320.4,0,0,0,0,0,0
MSL400.BSE_IDX,01/07/2025,10:34:17,12320.81,0,0,0,0,0,0
MSL400.BSE_IDX,01/07/2025,10:34:25,12321.28,0,0,0,0,0,0
MSL400.BSE_IDX,01/07/2025,10:34:33,12321.46,0,0,0,0,0,0
MSL400.BSE_IDX,01/07/2025,10:34:41,12322.28,0,0,0,0,0,0
MSL400.BSE_IDX,01/07/2025,10:34:49,12321.97,0,0,0,0,0,0
MSL400.BSE_IDX,01/07/2025,10:34:58,12322.06,0,0,0,0,0,0
MSL400.BSE_IDX,01/07/2025,10:35:06,12321.54,0,0,0,0,0,0
MSL400.BSE_IDX,01/07/2025,10:35:14,12321.54,0,0,0,0,0,0
MSL400.BSE_IDX,01/07/2025,10:35:21,12321.65,0,0,0,0,0,0
MSL400.BSE_IDX,01/07/2025,10:35:29,12321.51,0,0,0,0,0,0
MSL400.BSE_IDX,01/07/2025,10:35:37,12321.82,0,0,0,0,0,0
MSL400.BSE_IDX,01/07/2025,10:35:45,12320.99,0,0,0,0,0,0
MSL400.BSE_IDX,01/07/2025,10:35:54,12320.95,0,0,0,0,0,0
MSL400.BSE_IDX,01/07/2025,10:36:02,12319.84,0,0,0,0,0,0
MSL400.BSE_IDX,01/07/2025,10:36:10,12319.22,0,0,0,0,0,0
MSL400.BSE_IDX,01/07/2025,10:36:17,12319.42,0,0,0,0,0,0
MSL400.BSE_IDX,01/07/2025,10:36:25,12319.35,0,0,0,0,0,0
MSL400.BSE_IDX,01/07/2025,10:36:34,12319.14,0,0,0,0,0,0
MSL400.BSE_IDX,01/07/2025,10:36:42,12319.14,0,0,0,0,0,0
MSL400.BSE_IDX,01/07/2025,10:36:49,12318.06,0,0,0,0,0,0
MSL400.BSE_IDX,01/07/2025,10:36:58,12316.99,0,0,0,0,0,0
MSL400.BSE_IDX,01/07/2025,10:37:05,12316.68,0,0,0,0,0,0
MSL400.BSE_IDX,01/07/2025,10:37:14,12316.77,0,0,0,0,0,0
MSL400.BSE_IDX,01/07/2025,10:37:21,12316.3,0,0,0,0,0,0
MSL400.BSE_IDX,01/07/2025,10:37:30,12316.13,0,0,0,0,0,0
MSL400.BSE_IDX,01/07/2025,10:37:38,12315.72,0,0,0,0,0,0
MSL400.BSE_IDX,01/07/2025,10:37:46,12315.11,0,0,0,0,0,0
MSL400.BSE_IDX,01/07/2025,10:37:54,12314.71,0,0,0,0,0,0
MSL400.BSE_IDX,01/07/2025,10:38:02,12314.93,0,0,0,0,0,0
MSL400.BSE_IDX,01/07/2025,10:38:10,12315.13,0,0,0,0,0,0
MSL400.BSE_IDX,01/07/2025,10:38:18,12315.4,0,0,0,0,0,0
MSL400.BSE_IDX,01/07/2025,10:38:26,12315.48,0,0,0,0,0,0
MSL400.BSE_IDX,01/07/2025,10:38:34,12315.52,0,0,0,0,0,0
MSL400.BSE_IDX,01/07/2025,10:38:42,12315.58,0,0,0,0,0,0
MSL400.BSE_IDX,01/07/2025,10:38:50,12315.83,0,0,0,0,0,0
MSL400.BSE_IDX,01/07/2025,10:38:58,12316.06,0,0,0,0,0,0
MSL400.BSE_IDX,01/07/2025,10:39:06,12316.75,0,0,0,0,0,0
MSL400.BSE_IDX,01/07/2025,10:39:14,12316.84,0,0,0,0,0,0
MSL400.BSE_IDX,01/07/2025,10:39:22,12317.08,0,0,0,0,0,0
MSL400.BSE_IDX,01/07/2025,10:39:30,12316.94,0,0,0,0,0,0
MSL400.BSE_IDX,01/07/2025,10:39:38,12316.98,0,0,0,0,0,0
MSL400.BSE_IDX,01/07/2025,10:39:46,12317.74,0,0,0,0,0,0
MSL400.BSE_IDX,01/07/2025,10:39:54,12317.05,0,0,0,0,0,0
MSL400.BSE_IDX,01/07/2025,10:40:02,12317.1,0,0,0,0,0,0
MSL400.BSE_IDX,01/07/2025,10:40:10,12316.33,0,0,0,0,0,0
MSL400.BSE_IDX,01/07/2025,10:40:18,12315.9,0,0,0,0,0,0
MSL400.BSE_IDX,01/07/2025,10:40:26,12315.48,0,0,0,0,0,0
MSL400.BSE_IDX,01/07/2025,10:40:34,12314.7,0,0,0,0,0,0
MSL400.BSE_IDX,01/07/2025,10:40:42,12314.37,0,0,0,0,0,0
MSL400.BSE_IDX,01/07/2025,10:40:50,12314.03,0,0,0,0,0,0
MSL400.BSE_IDX,01/07/2025,10:40:58,12313.5,0,0,0,0,0,0
MSL400.BSE_IDX,01/07/2025,10:41:06,12312.8,0,0,0,0,0,0
MSL400.BSE_IDX,01/07/2025,10:41:14,12312.37,0,0,0,0,0,0
MSL400.BSE_IDX,01/07/2025,10:41:22,12312.82,0,0,0,0,0,0
MSL400.BSE_IDX,01/07/2025,10:41:30,12312.9,0,0,0,0,0,0
MSL400.BSE_IDX,01/07/2025,10:41:38,12313.31,0,0,0,0,0,0
MSL400.BSE_IDX,01/07/2025,10:41:46,12313.47,0,0,0,0,0,0
MSL400.BSE_IDX,01/07/2025,10:41:54,12313.27,0,0,0,0,0,0
MSL400.BSE_IDX,01/07/2025,10:42:02,12313.68,0,0,0,0,0,0
MSL400.BSE_IDX,01/07/2025,10:42:10,12314.23,0,0,0,0,0,0
MSL400.BSE_IDX,01/07/2025,10:42:18,12314.64,0,0,0,0,0,0
MSL400.BSE_IDX,01/07/2025,10:42:26,12314.04,0,0,0,0,0,0
MSL400.BSE_IDX,01/07/2025,10:42:34,12314,0,0,0,0,0,0
MSL400.BSE_IDX,01/07/2025,10:42:42,12313.83,0,0,0,0,0,0
MSL400.BSE_IDX,01/07/2025,10:42:50,12313.21,0,0,0,0,0,0
MSL400.BSE_IDX,01/07/2025,10:42:58,12313.2,0,0,0,0,0,0
MSL400.BSE_IDX,01/07/2025,10:43:06,12313.69,0,0,0,0,0,0
MSL400.BSE_IDX,01/07/2025,10:43:14,12313.37,0,0,0,0,0,0
MSL400.BSE_IDX,01/07/2025,10:43:22,12312.96,0,0,0,0,0,0
MSL400.BSE_IDX,01/07/2025,10:43:30,12312.88,0,0,0,0,0,0
MSL400.BSE_IDX,01/07/2025,10:43:38,12312.4,0,0,0,0,0,0
MSL400.BSE_IDX,01/07/2025,10:43:46,12311.7,0,0,0,0,0,0
MSL400.BSE_IDX,01/07/2025,10:43:54,12311.27,0,0,0,0,0,0
MSL400.BSE_IDX,01/07/2025,10:44:02,12311.98,0,0,0,0,0,0
MSL400.BSE_IDX,01/07/2025,10:44:10,12311.88,0,0,0,0,0,0
MSL400.BSE_IDX,01/07/2025,10:44:18,12311.85,0,0,0,0,0,0
MSL400.BSE_IDX,01/07/2025,10:44:26,12312.12,0,0,0,0,0,0
MSL400.BSE_IDX,01/07/2025,10:44:34,12311.81,0,0,0,0,0,0
MSL400.BSE_IDX,01/07/2025,10:44:42,12311.79,0,0,0,0,0,0
MSL400.BSE_IDX,01/07/2025,10:44:50,12311.33,0,0,0,0,0,0
MSL400.BSE_IDX,01/07/2025,10:44:58,12311.13,0,0,0,0,0,0
MSL400.BSE_IDX,01/07/2025,10:45:07,12309.79,0,0,0,0,0,0
MSL400.BSE_IDX,01/07/2025,10:45:14,12309.05,0,0,0,0,0,0
MSL400.BSE_IDX,01/07/2025,10:45:22,12308.68,0,0,0,0,0,0
MSL400.BSE_IDX,01/07/2025,10:45:30,12308.97,0,0,0,0,0,0
MSL400.BSE_IDX,01/07/2025,10:45:38,12309.02,0,0,0,0,0,0
MSL400.BSE_IDX,01/07/2025,10:45:46,12309.08,0,0,0,0,0,0
MSL400.BSE_IDX,01/07/2025,10:45:54,12308.34,0,0,0,0,0,0
MSL400.BSE_IDX,01/07/2025,10:46:02,12307.45,0,0,0,0,0,0
MSL400.BSE_IDX,01/07/2025,10:46:10,12307.14,0,0,0,0,0,0
MSL400.BSE_IDX,01/07/2025,10:46:18,12306.35,0,0,0,0,0,0
MSL400.BSE_IDX,01/07/2025,10:46:26,12306.4,0,0,0,0,0,0
MSL400.BSE_IDX,01/07/2025,10:46:34,12306.82,0,0,0,0,0,0
MSL400.BSE_IDX,01/07/2025,10:46:42,12307.31,0,0,0,0,0,0
MSL400.BSE_IDX,01/07/2025,10:46:50,12307.34,0,0,0,0,0,0
MSL400.BSE_IDX,01/07/2025,10:46:58,12307.55,0,0,0,0,0,0
MSL400.BSE_IDX,01/07/2025,10:47:06,12307.61,0,0,0,0,0,0
MSL400.BSE_IDX,01/07/2025,10:47:14,12307.51,0,0,0,0,0,0
MSL400.BSE_IDX,01/07/2025,10:47:22,12307.03,0,0,0,0,0,0
MSL400.BSE_IDX,01/07/2025,10:47:30,12306.92,0,0,0,0,0,0
MSL400.BSE_IDX,01/07/2025,10:47:38,12307.13,0,0,0,0,0,0
MSL400.BSE_IDX,01/07/2025,10:47:46,12307.13,0,0,0,0,0,0
MSL400.BSE_IDX,01/07/2025,10:47:54,12307.8,0,0,0,0,0,0
MSL400.BSE_IDX,01/07/2025,10:48:02,12307.8,0,0,0,0,0,0
MSL400.BSE_IDX,01/07/2025,10:48:10,12307.77,0,0,0,0,0,0
MSL400.BSE_IDX,01/07/2025,10:48:18,12308.31,0,0,0,0,0,0
MSL400.BSE_IDX,01/07/2025,10:48:26,12309,0,0,0,0,0,0
MSL400.BSE_IDX,01/07/2025,10:48:34,12308.66,0,0,0,0,0,0
MSL400.BSE_IDX,01/07/2025,10:48:42,12308.77,0,0,0,0,0,0
MSL400.BSE_IDX,01/07/2025,10:48:50,12308.1,0,0,0,0,0,0
MSL400.BSE_IDX,01/07/2025,10:48:58,12308.34,0,0,0,0,0,0
MSL400.BSE_IDX,01/07/2025,10:49:06,12307.56,0,0,0,0,0,0
MSL400.BSE_IDX,01/07/2025,10:49:14,12305.61,0,0,0,0,0,0
MSL400.BSE_IDX,01/07/2025,10:49:22,12305.61,0,0,0,0,0,0
MSL400.BSE_IDX,01/07/2025,10:49:30,12304.65,0,0,0,0,0,0
MSL400.BSE_IDX,01/07/2025,10:49:38,12304.19,0,0,0,0,0,0
MSL400.BSE_IDX,01/07/2025,10:49:46,12304.03,0,0,0,0,0,0
MSL400.BSE_IDX,01/07/2025,10:49:54,12304.01,0,0,0,0,0,0
MSL400.BSE_IDX,01/07/2025,10:50:02,12304.13,0,0,0,0,0,0
MSL400.BSE_IDX,01/07/2025,10:50:10,12303.54,0,0,0,0,0,0
MSL400.BSE_IDX,01/07/2025,10:50:18,12303.65,0,0,0,0,0,0
MSL400.BSE_IDX,01/07/2025,10:50:26,12303.34,0,0,0,0,0,0
MSL400.BSE_IDX,01/07/2025,10:50:34,12302.78,0,0,0,0,0,0
MSL400.BSE_IDX,01/07/2025,10:50:42,12302.64,0,0,0,0,0,0
MSL400.BSE_IDX,01/07/2025,10:50:50,12302.27,0,0,0,0,0,0
MSL400.BSE_IDX,01/07/2025,10:50:58,12302.63,0,0,0,0,0,0
MSL400.BSE_IDX,01/07/2025,10:51:06,12302.63,0,0,0,0,0,0
MSL400.BSE_IDX,01/07/2025,10:51:14,12302.71,0,0,0,0,0,0
MSL400.BSE_IDX,01/07/2025,10:51:22,12302.8,0,0,0,0,0,0
MSL400.BSE_IDX,01/07/2025,10:51:30,12302.78,0,0,0,0,0,0
MSL400.BSE_IDX,01/07/2025,10:51:38,12302.4,0,0,0,0,0,0
MSL400.BSE_IDX,01/07/2025,10:51:46,12302.47,0,0,0,0,0,0
MSL400.BSE_IDX,01/07/2025,10:51:54,12301.76,0,0,0,0,0,0
MSL400.BSE_IDX,01/07/2025,10:52:02,12301.09,0,0,0,0,0,0
MSL400.BSE_IDX,01/07/2025,10:52:10,12300.85,0,0,0,0,0,0
MSL400.BSE_IDX,01/07/2025,10:52:18,12299.95,0,0,0,0,0,0
MSL400.BSE_IDX,01/07/2025,10:52:26,12298.15,0,0,0,0,0,0
MSL400.BSE_IDX,01/07/2025,10:52:34,12297.54,0,0,0,0,0,0
MSL400.BSE_IDX,01/07/2025,10:52:43,12295.88,0,0,0,0,0,0
MSL400.BSE_IDX,01/07/2025,10:52:50,12294.78,0,0,0,0,0,0
MSL400.BSE_IDX,01/07/2025,10:52:58,12293.99,0,0,0,0,0,0
MSL400.BSE_IDX,01/07/2025,10:53:06,12293.12,0,0,0,0,0,0
MSL400.BSE_IDX,01/07/2025,10:53:14,12292.75,0,0,0,0,0,0
MSL400.BSE_IDX,01/07/2025,10:53:22,12292.55,0,0,0,0,0,0
MSL400.BSE_IDX,01/07/2025,10:53:30,12292.54,0,0,0,0,0,0
MSL400.BSE_IDX,01/07/2025,10:53:38,12292.66,0,0,0,0,0,0
MSL400.BSE_IDX,01/07/2025,10:53:46,12292.66,0,0,0,0,0,0
MSL400.BSE_IDX,01/07/2025,10:53:54,12292.97,0,0,0,0,0,0
MSL400.BSE_IDX,01/07/2025,10:54:02,12293.58,0,0,0,0,0,0
MSL400.BSE_IDX,01/07/2025,10:54:10,12293.56,0,0,0,0,0,0
MSL400.BSE_IDX,01/07/2025,10:54:18,12293.32,0,0,0,0,0,0
MSL400.BSE_IDX,01/07/2025,10:54:26,12293.36,0,0,0,0,0,0
MSL400.BSE_IDX,01/07/2025,10:54:34,12293.37,0,0,0,0,0,0
MSL400.BSE_IDX,01/07/2025,10:54:42,12293.53,0,0,0,0,0,0
MSL400.BSE_IDX,01/07/2025,10:54:51,12293.41,0,0,0,0,0,0
MSL400.BSE_IDX,01/07/2025,10:54:58,12293.82,0,0,0,0,0,0
MSL400.BSE_IDX,01/07/2025,10:55:06,12293.58,0,0,0,0,0,0
MSL400.BSE_IDX,01/07/2025,10:55:14,12293.41,0,0,0,0,0,0
MSL400.BSE_IDX,01/07/2025,10:55:22,12293.68,0,0,0,0,0,0
MSL400.BSE_IDX,01/07/2025,10:55:30,12293.6,0,0,0,0,0,0
MSL400.BSE_IDX,01/07/2025,10:55:38,12293.59,0,0,0,0,0,0
MSL400.BSE_IDX,01/07/2025,10:55:46,12292.79,0,0,0,0,0,0
MSL400.BSE_IDX,01/07/2025,10:55:54,12291.86,0,0,0,0,0,0
MSL400.BSE_IDX,01/07/2025,10:56:02,12291.02,0,0,0,0,0,0
MSL400.BSE_IDX,01/07/2025,10:56:10,12290.35,0,0,0,0,0,0
MSL400.BSE_IDX,01/07/2025,10:56:18,12290.22,0,0,0,0,0,0
MSL400.BSE_IDX,01/07/2025,10:56:26,12290.42,0,0,0,0,0,0
MSL400.BSE_IDX,01/07/2025,10:56:34,12289.96,0,0,0,0,0,0
MSL400.BSE_IDX,01/07/2025,10:56:42,12290.09,0,0,0,0,0,0
MSL400.BSE_IDX,01/07/2025,10:56:50,12289.58,0,0,0,0,0,0
MSL400.BSE_IDX,01/07/2025,10:56:58,12289.28,0,0,0,0,0,0
MSL400.BSE_IDX,01/07/2025,10:57:06,12288.4,0,0,0,0,0,0
MSL400.BSE_IDX,01/07/2025,10:57:14,12287.59,0,0,0,0,0,0
MSL400.BSE_IDX,01/07/2025,10:57:22,12286.82,0,0,0,0,0,0
MSL400.BSE_IDX,01/07/2025,10:57:30,12287.02,0,0,0,0,0,0
MSL400.BSE_IDX,01/07/2025,10:57:39,12287.4,0,0,0,0,0,0
MSL400.BSE_IDX,01/07/2025,10:57:46,12287.08,0,0,0,0,0,0
MSL400.BSE_IDX,01/07/2025,10:57:54,12286.86,0,0,0,0,0,0
MSL400.BSE_IDX,01/07/2025,10:58:02,12286.49,0,0,0,0,0,0
MSL400.BSE_IDX,01/07/2025,10:58:10,12286.87,0,0,0,0,0,0
MSL400.BSE_IDX,01/07/2025,10:58:18,12286.67,0,0,0,0,0,0
MSL400.BSE_IDX,01/07/2025,10:58:26,12286.8,0,0,0,0,0,0
MSL400.BSE_IDX,01/07/2025,10:58:34,12286.69,0,0,0,0,0,0
MSL400.BSE_IDX,01/07/2025,10:58:42,12287.16,0,0,0,0,0,0
MSL400.BSE_IDX,01/07/2025,10:58:50,12287.15,0,0,0,0,0,0
MSL400.BSE_IDX,01/07/2025,10:58:58,12286.92,0,0,0,0,0,0
MSL400.BSE_IDX,01/07/2025,10:59:06,12286.62,0,0,0,0,0,0
MSL400.BSE_IDX,01/07/2025,10:59:14,12286.6,0,0,0,0,0,0
MSL400.BSE_IDX,01/07/2025,10:59:22,12286.51,0,0,0,0,0,0
MSL400.BSE_IDX,01/07/2025,10:59:30,12285.74,0,0,0,0,0,0
MSL400.BSE_IDX,01/07/2025,10:59:38,12285.61,0,0,0,0,0,0
MSL400.BSE_IDX,01/07/2025,10:59:47,12284.56,0,0,0,0,0,0
MSL400.BSE_IDX,01/07/2025,10:59:55,12284.25,0,0,0,0,0,0
MSL400.BSE_IDX,01/07/2025,11:00:03,12284.1,0,0,0,0,0,0
MSL400.BSE_IDX,01/07/2025,11:00:11,12283.82,0,0,0,0,0,0
MSL400.BSE_IDX,01/07/2025,11:00:18,12284.14,0,0,0,0,0,0
MSL400.BSE_IDX,01/07/2025,11:00:26,12283.72,0,0,0,0,0,0
MSL400.BSE_IDX,01/07/2025,11:00:34,12283.51,0,0,0,0,0,0
MSL400.BSE_IDX,01/07/2025,11:00:42,12282.92,0,0,0,0,0,0
MSL400.BSE_IDX,01/07/2025,11:00:50,12282.51,0,0,0,0,0,0
MSL400.BSE_IDX,01/07/2025,11:00:58,12282.66,0,0,0,0,0,0
MSL400.BSE_IDX,01/07/2025,11:01:06,12283.09,0,0,0,0,0,0
MSL400.BSE_IDX,01/07/2025,11:01:15,12283.2,0,0,0,0,0,0
MSL400.BSE_IDX,01/07/2025,11:01:22,12283,0,0,0,0,0,0
MSL400.BSE_IDX,01/07/2025,11:01:30,12283.26,0,0,0,0,0,0
MSL400.BSE_IDX,01/07/2025,11:01:38,12283.97,0,0,0,0,0,0
MSL400.BSE_IDX,01/07/2025,11:01:46,12284.44,0,0,0,0,0,0
MSL400.BSE_IDX,01/07/2025,11:01:54,12284.64,0,0,0,0,0,0
MSL400.BSE_IDX,01/07/2025,11:02:02,12284.68,0,0,0,0,0,0
MSL400.BSE_IDX,01/07/2025,11:02:10,12284.22,0,0,0,0,0,0
MSL400.BSE_IDX,01/07/2025,11:02:18,12284.3,0,0,0,0,0,0
MSL400.BSE_IDX,01/07/2025,11:02:27,12283.61,0,0,0,0,0,0
MSL400.BSE_IDX,01/07/2025,11:02:34,12283.38,0,0,0,0,0,0
MSL400.BSE_IDX,01/07/2025,11:02:42,12283.19,0,0,0,0,0,0
MSL400.BSE_IDX,01/07/2025,11:02:51,12283.03,0,0,0,0,0,0
MSL400.BSE_IDX,01/07/2025,11:02:58,12281.82,0,0,0,0,0,0
MSL400.BSE_IDX,01/07/2025,11:03:06,12280.41,0,0,0,0,0,0
MSL400.BSE_IDX,01/07/2025,11:03:14,12279.71,0,0,0,0,0,0
MSL400.BSE_IDX,01/07/2025,11:03:22,12279.11,0,0,0,0,0,0
MSL400.BSE_IDX,01/07/2025,11:03:31,12279.27,0,0,0,0,0,0
MSL400.BSE_IDX,01/07/2025,11:03:38,12279,0,0,0,0,0,0
MSL400.BSE_IDX,01/07/2025,11:03:46,12279.13,0,0,0,0,0,0
MSL400.BSE_IDX,01/07/2025,11:03:54,12279.3,0,0,0,0,0,0
MSL400.BSE_IDX,01/07/2025,11:04:02,12279.1,0,0,0,0,0,0
MSL400.BSE_IDX,01/07/2025,11:04:10,12278.41,0,0,0,0,0,0
MSL400.BSE_IDX,01/07/2025,11:04:18,12277.89,0,0,0,0,0,0
MSL400.BSE_IDX,01/07/2025,11:04:27,12277.53,0,0,0,0,0,0
MSL400.BSE_IDX,01/07/2025,11:04:34,12277.37,0,0,0,0,0,0
MSL400.BSE_IDX,01/07/2025,11:04:42,12277.56,0,0,0,0,0,0
MSL400.BSE_IDX,01/07/2025,11:04:51,12277.41,0,0,0,0,0,0
MSL400.BSE_IDX,01/07/2025,11:04:58,12277.57,0,0,0,0,0,0
MSL400.BSE_IDX,01/07/2025,11:05:06,12278.01,0,0,0,0,0,0
MSL400.BSE_IDX,01/07/2025,11:05:14,12279.06,0,0,0,0,0,0
MSL400.BSE_IDX,01/07/2025,11:05:22,12279.43,0,0,0,0,0,0
MSL400.BSE_IDX,01/07/2025,11:05:30,12280.39,0,0,0,0,0,0
MSL400.BSE_IDX,01/07/2025,11:05:38,12280.97,0,0,0,0,0,0
MSL400.BSE_IDX,01/07/2025,11:05:46,12281.31,0,0,0,0,0,0
MSL400.BSE_IDX,01/07/2025,11:05:54,12281.95,0,0,0,0,0,0
MSL400.BSE_IDX,01/07/2025,11:06:02,12282.55,0,0,0,0,0,0
MSL400.BSE_IDX,01/07/2025,11:06:11,12283.09,0,0,0,0,0,0
MSL400.BSE_IDX,01/07/2025,11:06:19,12283.73,0,0,0,0,0,0
MSL400.BSE_IDX,01/07/2025,11:06:26,12283.91,0,0,0,0,0,0
MSL400.BSE_IDX,01/07/2025,11:06:34,12284.17,0,0,0,0,0,0
MSL400.BSE_IDX,01/07/2025,11:06:42,12283.99,0,0,0,0,0,0
MSL400.BSE_IDX,01/07/2025,11:06:50,12284.46,0,0,0,0,0,0
MSL400.BSE_IDX,01/07/2025,11:06:58,12284.9,0,0,0,0,0,0
MSL400.BSE_IDX,01/07/2025,11:07:06,12286.19,0,0,0,0,0,0
MSL400.BSE_IDX,01/07/2025,11:07:15,12287.41,0,0,0,0,0,0
MSL400.BSE_IDX,01/07/2025,11:07:22,12287.65,0,0,0,0,0,0
MSL400.BSE_IDX,01/07/2025,11:07:30,12288.01,0,0,0,0,0,0
MSL400.BSE_IDX,01/07/2025,11:07:38,12288.59,0,0,0,0,0,0
MSL400.BSE_IDX,01/07/2025,11:07:46,12289.11,0,0,0,0,0,0
MSL400.BSE_IDX,01/07/2025,11:07:54,12289.1,0,0,0,0,0,0
MSL400.BSE_IDX,01/07/2025,11:08:02,12289.52,0,0,0,0,0,0
MSL400.BSE_IDX,01/07/2025,11:08:11,12289.71,0,0,0,0,0,0
MSL400.BSE_IDX,01/07/2025,11:08:18,12289.95,0,0,0,0,0,0
MSL400.BSE_IDX,01/07/2025,11:08:27,12290.83,0,0,0,0,0,0
MSL400.BSE_IDX,01/07/2025,11:08:35,12291.09,0,0,0,0,0,0
MSL400.BSE_IDX,01/07/2025,11:08:43,12292.22,0,0,0,0,0,0
MSL400.BSE_IDX,01/07/2025,11:08:51,12292.37,0,0,0,0,0,0
MSL400.BSE_IDX,01/07/2025,11:08:58,12292.53,0,0,0,0,0,0
MSL400.BSE_IDX,01/07/2025,11:09:07,12292.85,0,0,0,0,0,0
MSL400.BSE_IDX,01/07/2025,11:09:15,12293.54,0,0,0,0,0,0
MSL400.BSE_IDX,01/07/2025,11:09:23,12293.19,0,0,0,0,0,0
MSL400.BSE_IDX,01/07/2025,11:09:31,12293.85,0,0,0,0,0,0
MSL400.BSE_IDX,01/07/2025,11:09:39,12293.62,0,0,0,0,0,0
MSL400.BSE_IDX,01/07/2025,11:09:46,12293.94,0,0,0,0,0,0
MSL400.BSE_IDX,01/07/2025,11:09:55,12294.31,0,0,0,0,0,0
MSL400.BSE_IDX,01/07/2025,11:10:03,12294.37,0,0,0,0,0,0
MSL400.BSE_IDX,01/07/2025,11:10:11,12293.97,0,0,0,0,0,0
MSL400.BSE_IDX,01/07/2025,11:10:19,12294.22,0,0,0,0,0,0
MSL400.BSE_IDX,01/07/2025,11:10:27,12294.49,0,0,0,0,0,0
MSL400.BSE_IDX,01/07/2025,11:10:35,12294.26,0,0,0,0,0,0
MSL400.BSE_IDX,01/07/2025,11:10:43,12295.2,0,0,0,0,0,0
MSL400.BSE_IDX,01/07/2025,11:10:51,12295.61,0,0,0,0,0,0
MSL400.BSE_IDX,01/07/2025,11:10:59,12295.56,0,0,0,0,0,0
MSL400.BSE_IDX,01/07/2025,11:11:07,12295.65,0,0,0,0,0,0
MSL400.BSE_IDX,01/07/2025,11:11:15,12295.57,0,0,0,0,0,0
MSL400.BSE_IDX,01/07/2025,11:11:23,12295.34,0,0,0,0,0,0
MSL400.BSE_IDX,01/07/2025,11:11:31,12295.18,0,0,0,0,0,0
MSL400.BSE_IDX,01/07/2025,11:11:39,12295.29,0,0,0,0,0,0
MSL400.BSE_IDX,01/07/2025,11:11:47,12294.48,0,0,0,0,0,0
MSL400.BSE_IDX,01/07/2025,11:11:55,12294.67,0,0,0,0,0,0
MSL400.BSE_IDX,01/07/2025,11:12:03,12295.9,0,0,0,0,0,0
MSL400.BSE_IDX,01/07/2025,11:12:11,12295.91,0,0,0,0,0,0
MSL400.BSE_IDX,01/07/2025,11:12:19,12295.84,0,0,0,0,0,0
MSL400.BSE_IDX,01/07/2025,11:12:27,12295.79,0,0,0,0,0,0
MSL400.BSE_IDX,01/07/2025,11:12:35,12296.28,0,0,0,0,0,0
MSL400.BSE_IDX,01/07/2025,11:12:43,12296.35,0,0,0,0,0,0
MSL400.BSE_IDX,01/07/2025,11:12:51,12296.42,0,0,0,0,0,0
MSL400.BSE_IDX,01/07/2025,11:12:59,12296.19,0,0,0,0,0,0
MSL400.BSE_IDX,01/07/2025,11:13:07,12295.93,0,0,0,0,0,0
MSL400.BSE_IDX,01/07/2025,11:13:16,12295.65,0,0,0,0,0,0
MSL400.BSE_IDX,01/07/2025,11:13:23,12295.33,0,0,0,0,0,0
MSL400.BSE_IDX,01/07/2025,11:13:31,12295.95,0,0,0,0,0,0
MSL400.BSE_IDX,01/07/2025,11:13:39,12295.94,0,0,0,0,0,0
MSL400.BSE_IDX,01/07/2025,11:13:47,12296.05,0,0,0,0,0,0
MSL400.BSE_IDX,01/07/2025,11:13:55,12295.93,0,0,0,0,0,0
MSL400.BSE_IDX,01/07/2025,11:14:03,12296.31,0,0,0,0,0,0
MSL400.BSE_IDX,01/07/2025,11:14:11,12296.06,0,0,0,0,0,0
MSL400.BSE_IDX,01/07/2025,11:14:19,12296.06,0,0,0,0,0,0
MSL400.BSE_IDX,01/07/2025,11:14:27,12295.93,0,0,0,0,0,0
MSL400.BSE_IDX,01/07/2025,11:14:35,12296.3,0,0,0,0,0,0
MSL400.BSE_IDX,01/07/2025,11:14:43,12296.2,0,0,0,0,0,0
MSL400.BSE_IDX,01/07/2025,11:14:51,12296.3,0,0,0,0,0,0
MSL400.BSE_IDX,01/07/2025,11:14:59,12296.65,0,0,0,0,0,0
MSL400.BSE_IDX,01/07/2025,11:15:07,12296.37,0,0,0,0,0,0
MSL400.BSE_IDX,01/07/2025,11:15:15,12296.47,0,0,0,0,0,0
MSL400.BSE_IDX,01/07/2025,11:15:23,12296.48,0,0,0,0,0,0
MSL400.BSE_IDX,01/07/2025,11:15:31,12296.01,0,0,0,0,0,0
MSL400.BSE_IDX,01/07/2025,11:15:39,12296.12,0,0,0,0,0,0
MSL400.BSE_IDX,01/07/2025,11:15:47,12296.06,0,0,0,0,0,0
MSL400.BSE_IDX,01/07/2025,11:15:56,12295.99,0,0,0,0,0,0
MSL400.BSE_IDX,01/07/2025,11:16:03,12295.79,0,0,0,0,0,0
MSL400.BSE_IDX,01/07/2025,11:16:11,12295.28,0,0,0,0,0,0
MSL400.BSE_IDX,01/07/2025,11:16:19,12295.06,0,0,0,0,0,0
MSL400.BSE_IDX,01/07/2025,11:16:27,12294.31,0,0,0,0,0,0
MSL400.BSE_IDX,01/07/2025,11:16:35,12293.65,0,0,0,0,0,0
MSL400.BSE_IDX,01/07/2025,11:16:43,12293.5,0,0,0,0,0,0
MSL400.BSE_IDX,01/07/2025,11:16:51,12293.36,0,0,0,0,0,0
MSL400.BSE_IDX,01/07/2025,11:16:59,12294.18,0,0,0,0,0,0
MSL400.BSE_IDX,01/07/2025,11:17:07,12294.1,0,0,0,0,0,0
MSL400.BSE_IDX,01/07/2025,11:17:15,12294.4,0,0,0,0,0,0
MSL400.BSE_IDX,01/07/2025,11:17:23,12294.2,0,0,0,0,0,0
MSL400.BSE_IDX,01/07/2025,11:17:31,12294.56,0,0,0,0,0,0
MSL400.BSE_IDX,01/07/2025,11:17:39,12294.86,0,0,0,0,0,0
MSL400.BSE_IDX,01/07/2025,11:17:47,12295.46,0,0,0,0,0,0
MSL400.BSE_IDX,01/07/2025,11:17:57,12296.67,0,0,0,0,0,0
MSL400.BSE_IDX,01/07/2025,11:18:03,12297.35,0,0,0,0,0,0
MSL400.BSE_IDX,01/07/2025,11:18:11,12297.24,0,0,0,0,0,0
MSL400.BSE_IDX,01/07/2025,11:18:19,12297.7,0,0,0,0,0,0
MSL400.BSE_IDX,01/07/2025,11:18:27,12297.94,0,0,0,0,0,0
MSL400.BSE_IDX,01/07/2025,11:18:35,12297.94,0,0,0,0,0,0
MSL400.BSE_IDX,01/07/2025,11:18:44,12298.45,0,0,0,0,0,0
MSL400.BSE_IDX,01/07/2025,11:18:51,12298.2,0,0,0,0,0,0
MSL400.BSE_IDX,01/07/2025,11:18:59,12297.64,0,0,0,0,0,0
MSL400.BSE_IDX,01/07/2025,11:19:08,12297.46,0,0,0,0,0,0
MSL400.BSE_IDX,01/07/2025,11:19:15,12296.4,0,0,0,0,0,0
MSL400.BSE_IDX,01/07/2025,11:19:23,12296.08,0,0,0,0,0,0
MSL400.BSE_IDX,01/07/2025,11:19:31,12295.07,0,0,0,0,0,0
MSL400.BSE_IDX,01/07/2025,11:19:39,12294.58,0,0,0,0,0,0
MSL400.BSE_IDX,01/07/2025,11:19:47,12293.78,0,0,0,0,0,0
MSL400.BSE_IDX,01/07/2025,11:19:55,12293.13,0,0,0,0,0,0
MSL400.BSE_IDX,01/07/2025,11:20:03,12293.45,0,0,0,0,0,0
MSL400.BSE_IDX,01/07/2025,11:20:11,12293.09,0,0,0,0,0,0
MSL400.BSE_IDX,01/07/2025,11:20:19,12292.8,0,0,0,0,0,0
MSL400.BSE_IDX,01/07/2025,11:20:27,12292.99,0,0,0,0,0,0
MSL400.BSE_IDX,01/07/2025,11:20:35,12293.37,0,0,0,0,0,0
MSL400.BSE_IDX,01/07/2025,11:20:43,12293.08,0,0,0,0,0,0
MSL400.BSE_IDX,01/07/2025,11:20:51,12292.76,0,0,0,0,0,0
MSL400.BSE_IDX,01/07/2025,11:20:59,12292.56,0,0,0,0,0,0
MSL400.BSE_IDX,01/07/2025,11:21:07,12293.12,0,0,0,0,0,0
MSL400.BSE_IDX,01/07/2025,11:21:15,12293.54,0,0,0,0,0,0
MSL400.BSE_IDX,01/07/2025,11:21:24,12293.87,0,0,0,0,0,0
MSL400.BSE_IDX,01/07/2025,11:21:31,12294.18,0,0,0,0,0,0
MSL400.BSE_IDX,01/07/2025,11:21:39,12294.3,0,0,0,0,0,0
MSL400.BSE_IDX,01/07/2025,11:21:47,12294.17,0,0,0,0,0,0
MSL400.BSE_IDX,01/07/2025,11:21:56,12294.09,0,0,0,0,0,0
MSL400.BSE_IDX,01/07/2025,11:22:03,12294.57,0,0,0,0,0,0
MSL400.BSE_IDX,01/07/2025,11:22:11,12294.59,0,0,0,0,0,0
MSL400.BSE_IDX,01/07/2025,11:22:19,12294.91,0,0,0,0,0,0
MSL400.BSE_IDX,01/07/2025,11:22:28,12294.81,0,0,0,0,0,0
MSL400.BSE_IDX,01/07/2025,11:22:35,12294.51,0,0,0,0,0,0
MSL400.BSE_IDX,01/07/2025,11:22:43,12294.38,0,0,0,0,0,0
MSL400.BSE_IDX,01/07/2025,11:22:51,12294.15,0,0,0,0,0,0
MSL400.BSE_IDX,01/07/2025,11:22:59,12294.2,0,0,0,0,0,0
MSL400.BSE_IDX,01/07/2025,11:23:07,12294.36,0,0,0,0,0,0
MSL400.BSE_IDX,01/07/2025,11:23:15,12293.99,0,0,0,0,0,0
MSL400.BSE_IDX,01/07/2025,11:23:23,12293.73,0,0,0,0,0,0
MSL400.BSE_IDX,01/07/2025,11:23:31,12293.43,0,0,0,0,0,0
MSL400.BSE_IDX,01/07/2025,11:23:39,12293.62,0,0,0,0,0,0
MSL400.BSE_IDX,01/07/2025,11:23:47,12293.44,0,0,0,0,0,0
MSL400.BSE_IDX,01/07/2025,11:23:55,12293.77,0,0,0,0,0,0
MSL400.BSE_IDX,01/07/2025,11:24:04,12293.93,0,0,0,0,0,0
MSL400.BSE_IDX,01/07/2025,11:24:11,12294.47,0,0,0,0,0,0
MSL400.BSE_IDX,01/07/2025,11:24:19,12294.62,0,0,0,0,0,0
MSL400.BSE_IDX,01/07/2025,11:24:27,12294.84,0,0,0,0,0,0
MSL400.BSE_IDX,01/07/2025,11:24:35,12294.65,0,0,0,0,0,0
MSL400.BSE_IDX,01/07/2025,11:24:43,12294.71,0,0,0,0,0,0
MSL400.BSE_IDX,01/07/2025,11:24:52,12294.31,0,0,0,0,0,0
MSL400.BSE_IDX,01/07/2025,11:25:00,12294.42,0,0,0,0,0,0
MSL400.BSE_IDX,01/07/2025,11:25:07,12294.87,0,0,0,0,0,0
MSL400.BSE_IDX,01/07/2025,11:25:15,12295,0,0,0,0,0,0
MSL400.BSE_IDX,01/07/2025,11:25:23,12295.01,0,0,0,0,0,0
MSL400.BSE_IDX,01/07/2025,11:25:31,12295.03,0,0,0,0,0,0
MSL400.BSE_IDX,01/07/2025,11:25:41,12295.26,0,0,0,0,0,0
MSL400.BSE_IDX,01/07/2025,11:25:47,12295.62,0,0,0,0,0,0
MSL400.BSE_IDX,01/07/2025,11:25:55,12295.48,0,0,0,0,0,0
MSL400.BSE_IDX,01/07/2025,11:26:03,12295.68,0,0,0,0,0,0
MSL400.BSE_IDX,01/07/2025,11:26:11,12295.95,0,0,0,0,0,0
MSL400.BSE_IDX,01/07/2025,11:26:19,12296.36,0,0,0,0,0,0
MSL400.BSE_IDX,01/07/2025,11:26:27,12296.31,0,0,0,0,0,0
MSL400.BSE_IDX,01/07/2025,11:26:35,12296.64,0,0,0,0,0,0
MSL400.BSE_IDX,01/07/2025,11:26:43,12296.65,0,0,0,0,0,0
MSL400.BSE_IDX,01/07/2025,11:26:51,12296.79,0,0,0,0,0,0
MSL400.BSE_IDX,01/07/2025,11:26:59,12297.37,0,0,0,0,0,0
MSL400.BSE_IDX,01/07/2025,11:27:07,12297.21,0,0,0,0,0,0
MSL400.BSE_IDX,01/07/2025,11:27:15,12297.04,0,0,0,0,0,0
MSL400.BSE_IDX,01/07/2025,11:27:23,12296.65,0,0,0,0,0,0
MSL400.BSE_IDX,01/07/2025,11:27:31,12296.62,0,0,0,0,0,0
MSL400.BSE_IDX,01/07/2025,11:27:39,12296.63,0,0,0,0,0,0
MSL400.BSE_IDX,01/07/2025,11:27:47,12296.41,0,0,0,0,0,0
MSL400.BSE_IDX,01/07/2025,11:27:55,12296.48,0,0,0,0,0,0
MSL400.BSE_IDX,01/07/2025,11:28:03,12296.69,0,0,0,0,0,0
MSL400.BSE_IDX,01/07/2025,11:28:11,12297.07,0,0,0,0,0,0
MSL400.BSE_IDX,01/07/2025,11:28:19,12297,0,0,0,0,0,0
MSL400.BSE_IDX,01/07/2025,11:28:27,12296.84,0,0,0,0,0,0
MSL400.BSE_IDX,01/07/2025,11:28:36,12297.24,0,0,0,0,0,0
MSL400.BSE_IDX,01/07/2025,11:28:43,12296.94,0,0,0,0,0,0
MSL400.BSE_IDX,01/07/2025,11:28:51,12297.33,0,0,0,0,0,0
MSL400.BSE_IDX,01/07/2025,11:28:59,12297.73,0,0,0,0,0,0
MSL400.BSE_IDX,01/07/2025,11:29:07,12297.9,0,0,0,0,0,0
MSL400.BSE_IDX,01/07/2025,11:29:16,12297.98,0,0,0,0,0,0
MSL400.BSE_IDX,01/07/2025,11:29:24,12298.4,0,0,0,0,0,0
MSL400.BSE_IDX,01/07/2025,11:29:31,12298.52,0,0,0,0,0,0
MSL400.BSE_IDX,01/07/2025,11:29:39,12299.07,0,0,0,0,0,0
MSL400.BSE_IDX,01/07/2025,11:29:47,12299.42,0,0,0,0,0,0
MSL400.BSE_IDX,01/07/2025,11:29:55,12299.76,0,0,0,0,0,0
MSL400.BSE_IDX,01/07/2025,11:30:03,12299.97,0,0,0,0,0,0
MSL400.BSE_IDX,01/07/2025,11:30:11,12300.05,0,0,0,0,0,0
MSL400.BSE_IDX,01/07/2025,11:30:19,12300.04,0,0,0,0,0,0
MSL400.BSE_IDX,01/07/2025,11:30:27,12300.17,0,0,0,0,0,0
MSL400.BSE_IDX,01/07/2025,11:30:35,12300.38,0,0,0,0,0,0
MSL400.BSE_IDX,01/07/2025,11:30:43,12300.64,0,0,0,0,0,0
MSL400.BSE_IDX,01/07/2025,11:30:51,12300.05,0,0,0,0,0,0
MSL400.BSE_IDX,01/07/2025,11:30:59,12299.85,0,0,0,0,0,0
MSL400.BSE_IDX,01/07/2025,11:31:07,12300.02,0,0,0,0,0,0
MSL400.BSE_IDX,01/07/2025,11:31:15,12300.24,0,0,0,0,0,0
MSL400.BSE_IDX,01/07/2025,11:31:23,12299.64,0,0,0,0,0,0
MSL400.BSE_IDX,01/07/2025,11:31:31,12299.79,0,0,0,0,0,0
MSL400.BSE_IDX,01/07/2025,11:31:39,12299.95,0,0,0,0,0,0
MSL400.BSE_IDX,01/07/2025,11:31:47,12300,0,0,0,0,0,0
MSL400.BSE_IDX,01/07/2025,11:31:55,12299.69,0,0,0,0,0,0
MSL400.BSE_IDX,01/07/2025,11:32:04,12299.54,0,0,0,0,0,0
MSL400.BSE_IDX,01/07/2025,11:32:11,12298.91,0,0,0,0,0,0
MSL400.BSE_IDX,01/07/2025,11:32:19,12298.42,0,0,0,0,0,0
MSL400.BSE_IDX,01/07/2025,11:32:27,12298.34,0,0,0,0,0,0
MSL400.BSE_IDX,01/07/2025,11:32:35,12298.01,0,0,0,0,0,0
MSL400.BSE_IDX,01/07/2025,11:32:43,12297.95,0,0,0,0,0,0
MSL400.BSE_IDX,01/07/2025,11:32:51,12297.88,0,0,0,0,0,0
MSL400.BSE_IDX,01/07/2025,11:32:59,12297.1,0,0,0,0,0,0
MSL400.BSE_IDX,01/07/2025,11:33:07,12296,0,0,0,0,0,0
MSL400.BSE_IDX,01/07/2025,11:33:15,12295.73,0,0,0,0,0,0
MSL400.BSE_IDX,01/07/2025,11:33:23,12295.3,0,0,0,0,0,0
MSL400.BSE_IDX,01/07/2025,11:33:31,12295.53,0,0,0,0,0,0
MSL400.BSE_IDX,01/07/2025,11:33:39,12295.17,0,0,0,0,0,0
MSL400.BSE_IDX,01/07/2025,11:33:47,12294.86,0,0,0,0,0,0
MSL400.BSE_IDX,01/07/2025,11:33:55,12294.84,0,0,0,0,0,0
MSL400.BSE_IDX,01/07/2025,11:34:03,12294.75,0,0,0,0,0,0
MSL400.BSE_IDX,01/07/2025,11:34:12,12295.01,0,0,0,0,0,0
MSL400.BSE_IDX,01/07/2025,11:34:19,12294.84,0,0,0,0,0,0
MSL400.BSE_IDX,01/07/2025,11:34:27,12294.86,0,0,0,0,0,0
MSL400.BSE_IDX,01/07/2025,11:34:35,12294.32,0,0,0,0,0,0
MSL400.BSE_IDX,01/07/2025,11:34:43,12294.23,0,0,0,0,0,0
MSL400.BSE_IDX,01/07/2025,11:34:51,12293.76,0,0,0,0,0,0
MSL400.BSE_IDX,01/07/2025,11:34:59,12293.28,0,0,0,0,0,0
MSL400.BSE_IDX,01/07/2025,11:35:07,12292.87,0,0,0,0,0,0
MSL400.BSE_IDX,01/07/2025,11:35:16,12292.38,0,0,0,0,0,0
MSL400.BSE_IDX,01/07/2025,11:35:23,12291.99,0,0,0,0,0,0
MSL400.BSE_IDX,01/07/2025,11:35:32,12291.79,0,0,0,0,0,0
MSL400.BSE_IDX,01/07/2025,11:35:39,12291.57,0,0,0,0,0,0
MSL400.BSE_IDX,01/07/2025,11:35:47,12291.51,0,0,0,0,0,0
MSL400.BSE_IDX,01/07/2025,11:35:55,12291.48,0,0,0,0,0,0
MSL400.BSE_IDX,01/07/2025,11:36:04,12291.55,0,0,0,0,0,0
MSL400.BSE_IDX,01/07/2025,11:36:11,12291.91,0,0,0,0,0,0
MSL400.BSE_IDX,01/07/2025,11:36:19,12291.58,0,0,0,0,0,0
MSL400.BSE_IDX,01/07/2025,11:36:28,12291.49,0,0,0,0,0,0
MSL400.BSE_IDX,01/07/2025,11:36:35,12291.35,0,0,0,0,0,0
MSL400.BSE_IDX,01/07/2025,11:36:43,12291.88,0,0,0,0,0,0
MSL400.BSE_IDX,01/07/2025,11:36:54,12291.74,0,0,0,0,0,0
MSL400.BSE_IDX,01/07/2025,11:36:59,12291.41,0,0,0,0,0,0
MSL400.BSE_IDX,01/07/2025,11:37:07,12291.45,0,0,0,0,0,0
MSL400.BSE_IDX,01/07/2025,11:37:15,12291.4,0,0,0,0,0,0
MSL400.BSE_IDX,01/07/2025,11:37:23,12291.4,0,0,0,0,0,0
MSL400.BSE_IDX,01/07/2025,11:37:31,12291.8,0,0,0,0,0,0
MSL400.BSE_IDX,01/07/2025,11:37:41,12291.75,0,0,0,0,0,0
MSL400.BSE_IDX,01/07/2025,11:37:47,12292.55,0,0,0,0,0,0
MSL400.BSE_IDX,01/07/2025,11:37:55,12292.47,0,0,0,0,0,0
MSL400.BSE_IDX,01/07/2025,11:38:03,12292.45,0,0,0,0,0,0
MSL400.BSE_IDX,01/07/2025,11:38:11,12292.18,0,0,0,0,0,0
MSL400.BSE_IDX,01/07/2025,11:38:20,12291.74,0,0,0,0,0,0
MSL400.BSE_IDX,01/07/2025,11:38:27,12291.59,0,0,0,0,0,0
MSL400.BSE_IDX,01/07/2025,11:38:35,12291.67,0,0,0,0,0,0
MSL400.BSE_IDX,01/07/2025,11:38:43,12291.64,0,0,0,0,0,0
MSL400.BSE_IDX,01/07/2025,11:38:51,12291.61,0,0,0,0,0,0
MSL400.BSE_IDX,01/07/2025,11:38:59,12291.51,0,0,0,0,0,0
MSL400.BSE_IDX,01/07/2025,11:39:07,12291.61,0,0,0,0,0,0
MSL400.BSE_IDX,01/07/2025,11:39:16,12292.09,0,0,0,0,0,0
MSL400.BSE_IDX,01/07/2025,11:39:23,12292.88,0,0,0,0,0,0
MSL400.BSE_IDX,01/07/2025,11:39:31,12292.97,0,0,0,0,0,0
MSL400.BSE_IDX,01/07/2025,11:39:39,12292.24,0,0,0,0,0,0
MSL400.BSE_IDX,01/07/2025,11:39:47,12292.4,0,0,0,0,0,0
MSL400.BSE_IDX,01/07/2025,11:39:55,12292.33,0,0,0,0,0,0
MSL400.BSE_IDX,01/07/2025,11:40:03,12292.35,0,0,0,0,0,0
MSL400.BSE_IDX,01/07/2025,11:40:11,12292.91,0,0,0,0,0,0
MSL400.BSE_IDX,01/07/2025,11:40:19,12293.39,0,0,0,0,0,0
MSL400.BSE_IDX,01/07/2025,11:40:27,12293.74,0,0,0,0,0,0
MSL400.BSE_IDX,01/07/2025,11:40:35,12293.85,0,0,0,0,0,0
MSL400.BSE_IDX,01/07/2025,11:40:43,12294.18,0,0,0,0,0,0
MSL400.BSE_IDX,01/07/2025,11:40:51,12294.24,0,0,0,0,0,0
MSL400.BSE_IDX,01/07/2025,11:41:00,12293.82,0,0,0,0,0,0
MSL400.BSE_IDX,01/07/2025,11:41:07,12293.9,0,0,0,0,0,0
MSL400.BSE_IDX,01/07/2025,11:41:15,12293.82,0,0,0,0,0,0
MSL400.BSE_IDX,01/07/2025,11:41:24,12294.22,0,0,0,0,0,0
MSL400.BSE_IDX,01/07/2025,11:41:32,12293.63,0,0,0,0,0,0
MSL400.BSE_IDX,01/07/2025,11:41:39,12294.34,0,0,0,0,0,0
MSL400.BSE_IDX,01/07/2025,11:41:48,12294.22,0,0,0,0,0,0
MSL400.BSE_IDX,01/07/2025,11:41:56,12293.78,0,0,0,0,0,0
MSL400.BSE_IDX,01/07/2025,11:42:04,12294.01,0,0,0,0,0,0
MSL400.BSE_IDX,01/07/2025,11:42:12,12294.18,0,0,0,0,0,0
MSL400.BSE_IDX,01/07/2025,11:42:20,12294.45,0,0,0,0,0,0
MSL400.BSE_IDX,01/07/2025,11:42:28,12295.18,0,0,0,0,0,0
MSL400.BSE_IDX,01/07/2025,11:42:36,12295.51,0,0,0,0,0,0
MSL400.BSE_IDX,01/07/2025,11:42:44,12295.78,0,0,0,0,0,0
MSL400.BSE_IDX,01/07/2025,11:42:52,12295.77,0,0,0,0,0,0
MSL400.BSE_IDX,01/07/2025,11:43:00,12295.97,0,0,0,0,0,0
MSL400.BSE_IDX,01/07/2025,11:43:08,12295.87,0,0,0,0,0,0
MSL400.BSE_IDX,01/07/2025,11:43:16,12295.59,0,0,0,0,0,0
MSL400.BSE_IDX,01/07/2025,11:43:24,12295.41,0,0,0,0,0,0
MSL400.BSE_IDX,01/07/2025,11:43:32,12295.46,0,0,0,0,0,0
MSL400.BSE_IDX,01/07/2025,11:43:40,12295.31,0,0,0,0,0,0
MSL400.BSE_IDX,01/07/2025,11:43:48,12295.25,0,0,0,0,0,0
MSL400.BSE_IDX,01/07/2025,11:43:56,12295.04,0,0,0,0,0,0
MSL400.BSE_IDX,01/07/2025,11:44:04,12295.4,0,0,0,0,0,0
MSL400.BSE_IDX,01/07/2025,11:44:12,12295.69,0,0,0,0,0,0
MSL400.BSE_IDX,01/07/2025,11:44:20,12296,0,0,0,0,0,0
MSL400.BSE_IDX,01/07/2025,11:44:28,12296.37,0,0,0,0,0,0
MSL400.BSE_IDX,01/07/2025,11:44:36,12296.06,0,0,0,0,0,0
MSL400.BSE_IDX,01/07/2025,11:44:44,12296.28,0,0,0,0,0,0
MSL400.BSE_IDX,01/07/2025,11:44:52,12295.79,0,0,0,0,0,0
MSL400.BSE_IDX,01/07/2025,11:45:00,12295.84,0,0,0,0,0,0
MSL400.BSE_IDX,01/07/2025,11:45:08,12295.68,0,0,0,0,0,0
MSL400.BSE_IDX,01/07/2025,11:45:16,12295.32,0,0,0,0,0,0
MSL400.BSE_IDX,01/07/2025,11:45:24,12294.6,0,0,0,0,0,0
MSL400.BSE_IDX,01/07/2025,11:45:32,12294.76,0,0,0,0,0,0
MSL400.BSE_IDX,01/07/2025,11:45:40,12294.41,0,0,0,0,0,0
MSL400.BSE_IDX,01/07/2025,11:45:48,12294.4,0,0,0,0,0,0
MSL400.BSE_IDX,01/07/2025,11:45:56,12294.76,0,0,0,0,0,0
MSL400.BSE_IDX,01/07/2025,11:46:04,12294.49,0,0,0,0,0,0
MSL400.BSE_IDX,01/07/2025,11:46:12,12294.45,0,0,0,0,0,0
MSL400.BSE_IDX,01/07/2025,11:46:20,12294.34,0,0,0,0,0,0
MSL400.BSE_IDX,01/07/2025,11:46:28,12294.41,0,0,0,0,0,0
MSL400.BSE_IDX,01/07/2025,11:46:36,12295.17,0,0,0,0,0,0
MSL400.BSE_IDX,01/07/2025,11:46:44,12295.17,0,0,0,0,0,0
MSL400.BSE_IDX,01/07/2025,11:46:52,12295.34,0,0,0,0,0,0
MSL400.BSE_IDX,01/07/2025,11:47:00,12295.74,0,0,0,0,0,0
MSL400.BSE_IDX,01/07/2025,11:47:08,12295.04,0,0,0,0,0,0
MSL400.BSE_IDX,01/07/2025,11:47:16,12294.88,0,0,0,0,0,0
MSL400.BSE_IDX,01/07/2025,11:47:24,12294.86,0,0,0,0,0,0
MSL400.BSE_IDX,01/07/2025,11:47:32,12295.01,0,0,0,0,0,0
MSL400.BSE_IDX,01/07/2025,11:47:40,12295,0,0,0,0,0,0
MSL400.BSE_IDX,01/07/2025,11:47:48,12294.74,0,0,0,0,0,0
MSL400.BSE_IDX,01/07/2025,11:47:56,12294.38,0,0,0,0,0,0
MSL400.BSE_IDX,01/07/2025,11:48:04,12294.2,0,0,0,0,0,0
MSL400.BSE_IDX,01/07/2025,11:48:12,12294.45,0,0,0,0,0,0
MSL400.BSE_IDX,01/07/2025,11:48:20,12294.81,0,0,0,0,0,0
MSL400.BSE_IDX,01/07/2025,11:48:28,12294.88,0,0,0,0,0,0
MSL400.BSE_IDX,01/07/2025,11:48:36,12294.94,0,0,0,0,0,0
MSL400.BSE_IDX,01/07/2025,11:48:44,12295.16,0,0,0,0,0,0
MSL400.BSE_IDX,01/07/2025,11:48:52,12295.28,0,0,0,0,0,0
MSL400.BSE_IDX,01/07/2025,11:49:01,12295.17,0,0,0,0,0,0
MSL400.BSE_IDX,01/07/2025,11:49:09,12295.52,0,0,0,0,0,0
MSL400.BSE_IDX,01/07/2025,11:49:16,12295.58,0,0,0,0,0,0
MSL400.BSE_IDX,01/07/2025,11:49:24,12295.23,0,0,0,0,0,0
MSL400.BSE_IDX,01/07/2025,11:49:32,12295.2,0,0,0,0,0,0
MSL400.BSE_IDX,01/07/2025,11:49:40,12294.86,0,0,0,0,0,0
MSL400.BSE_IDX,01/07/2025,11:49:49,12294.54,0,0,0,0,0,0
MSL400.BSE_IDX,01/07/2025,11:49:56,12294.65,0,0,0,0,0,0
MSL400.BSE_IDX,01/07/2025,11:50:04,12294.07,0,0,0,0,0,0
MSL400.BSE_IDX,01/07/2025,11:50:12,12293.66,0,0,0,0,0,0
MSL400.BSE_IDX,01/07/2025,11:50:20,12293.63,0,0,0,0,0,0
MSL400.BSE_IDX,01/07/2025,11:50:28,12293.43,0,0,0,0,0,0
MSL400.BSE_IDX,01/07/2025,11:50:36,12293.42,0,0,0,0,0,0
MSL400.BSE_IDX,01/07/2025,11:50:44,12293.21,0,0,0,0,0,0
MSL400.BSE_IDX,01/07/2025,11:50:52,12292.89,0,0,0,0,0,0
MSL400.BSE_IDX,01/07/2025,11:51:00,12292.39,0,0,0,0,0,0
MSL400.BSE_IDX,01/07/2025,11:51:08,12292.6,0,0,0,0,0,0
MSL400.BSE_IDX,01/07/2025,11:51:16,12292.4,0,0,0,0,0,0
MSL400.BSE_IDX,01/07/2025,11:51:24,12291.96,0,0,0,0,0,0
MSL400.BSE_IDX,01/07/2025,11:51:32,12292.34,0,0,0,0,0,0
MSL400.BSE_IDX,01/07/2025,11:51:40,12292.48,0,0,0,0,0,0
MSL400.BSE_IDX,01/07/2025,11:51:48,12292.45,0,0,0,0,0,0
MSL400.BSE_IDX,01/07/2025,11:51:56,12292.66,0,0,0,0,0,0
MSL400.BSE_IDX,01/07/2025,11:52:04,12292.87,0,0,0,0,0,0
MSL400.BSE_IDX,01/07/2025,11:52:12,12292.92,0,0,0,0,0,0
MSL400.BSE_IDX,01/07/2025,11:52:20,12292.97,0,0,0,0,0,0
MSL400.BSE_IDX,01/07/2025,11:52:28,12292.95,0,0,0,0,0,0
MSL400.BSE_IDX,01/07/2025,11:52:36,12293.23,0,0,0,0,0,0
MSL400.BSE_IDX,01/07/2025,11:52:44,12292.62,0,0,0,0,0,0
MSL400.BSE_IDX,01/07/2025,11:52:52,12292.2,0,0,0,0,0,0
MSL400.BSE_IDX,01/07/2025,11:53:00,12291.42,0,0,0,0,0,0
MSL400.BSE_IDX,01/07/2025,11:53:08,12290.55,0,0,0,0,0,0
MSL400.BSE_IDX,01/07/2025,11:53:16,12290.35,0,0,0,0,0,0
MSL400.BSE_IDX,01/07/2025,11:53:24,12290.4,0,0,0,0,0,0
MSL400.BSE_IDX,01/07/2025,11:53:32,12289.75,0,0,0,0,0,0
MSL400.BSE_IDX,01/07/2025,11:53:40,12289.5,0,0,0,0,0,0
MSL400.BSE_IDX,01/07/2025,11:53:48,12289.05,0,0,0,0,0,0
MSL400.BSE_IDX,01/07/2025,11:53:56,12288.73,0,0,0,0,0,0
MSL400.BSE_IDX,01/07/2025,11:54:04,12287.9,0,0,0,0,0,0
MSL400.BSE_IDX,01/07/2025,11:54:12,12286.47,0,0,0,0,0,0
MSL400.BSE_IDX,01/07/2025,11:54:20,12286.07,0,0,0,0,0,0
MSL400.BSE_IDX,01/07/2025,11:54:28,12285.6,0,0,0,0,0,0
MSL400.BSE_IDX,01/07/2025,11:54:36,12285.49,0,0,0,0,0,0
MSL400.BSE_IDX,01/07/2025,11:54:44,12285.09,0,0,0,0,0,0
MSL400.BSE_IDX,01/07/2025,11:54:52,12284.75,0,0,0,0,0,0
MSL400.BSE_IDX,01/07/2025,11:55:00,12285.06,0,0,0,0,0,0
MSL400.BSE_IDX,01/07/2025,11:55:08,12284.83,0,0,0,0,0,0
MSL400.BSE_IDX,01/07/2025,11:55:17,12284.46,0,0,0,0,0,0
MSL400.BSE_IDX,01/07/2025,11:55:24,12284.81,0,0,0,0,0,0
MSL400.BSE_IDX,01/07/2025,11:55:32,12284.9,0,0,0,0,0,0
MSL400.BSE_IDX,01/07/2025,11:55:40,12285.31,0,0,0,0,0,0
MSL400.BSE_IDX,01/07/2025,11:55:48,12285.27,0,0,0,0,0,0
MSL400.BSE_IDX,01/07/2025,11:55:56,12284.76,0,0,0,0,0,0
MSL400.BSE_IDX,01/07/2025,11:56:05,12284.7,0,0,0,0,0,0
MSL400.BSE_IDX,01/07/2025,11:56:12,12283.66,0,0,0,0,0,0
MSL400.BSE_IDX,01/07/2025,11:56:20,12282.13,0,0,0,0,0,0
MSL400.BSE_IDX,01/07/2025,11:56:28,12281.65,0,0,0,0,0,0
MSL400.BSE_IDX,01/07/2025,11:56:36,12281.56,0,0,0,0,0,0
MSL400.BSE_IDX,01/07/2025,11:56:44,12281.11,0,0,0,0,0,0
MSL400.BSE_IDX,01/07/2025,11:56:52,12281.27,0,0,0,0,0,0
MSL400.BSE_IDX,01/07/2025,11:57:00,12281.45,0,0,0,0,0,0
MSL400.BSE_IDX,01/07/2025,11:57:08,12280.84,0,0,0,0,0,0
MSL400.BSE_IDX,01/07/2025,11:57:16,12280.69,0,0,0,0,0,0
MSL400.BSE_IDX,01/07/2025,11:57:24,12280.89,0,0,0,0,0,0
MSL400.BSE_IDX,01/07/2025,11:57:32,12280.74,0,0,0,0,0,0
MSL400.BSE_IDX,01/07/2025,11:57:40,12280.49,0,0,0,0,0,0
MSL400.BSE_IDX,01/07/2025,11:57:48,12280.23,0,0,0,0,0,0
MSL400.BSE_IDX,01/07/2025,11:57:56,12279.8,0,0,0,0,0,0
MSL400.BSE_IDX,01/07/2025,11:58:04,12279.53,0,0,0,0,0,0
MSL400.BSE_IDX,01/07/2025,11:58:12,12278.88,0,0,0,0,0,0
MSL400.BSE_IDX,01/07/2025,11:58:20,12278.89,0,0,0,0,0,0
MSL400.BSE_IDX,01/07/2025,11:58:28,12279.06,0,0,0,0,0,0
MSL400.BSE_IDX,01/07/2025,11:58:36,12278.9,0,0,0,0,0,0
MSL400.BSE_IDX,01/07/2025,11:58:44,12278.89,0,0,0,0,0,0
MSL400.BSE_IDX,01/07/2025,11:58:52,12279.02,0,0,0,0,0,0
MSL400.BSE_IDX,01/07/2025,11:59:00,12279.12,0,0,0,0,0,0
MSL400.BSE_IDX,01/07/2025,11:59:08,12279.5,0,0,0,0,0,0
MSL400.BSE_IDX,01/07/2025,11:59:16,12279.54,0,0,0,0,0,0
MSL400.BSE_IDX,01/07/2025,11:59:24,12279.83,0,0,0,0,0,0
MSL400.BSE_IDX,01/07/2025,11:59:32,12280.71,0,0,0,0,0,0
MSL400.BSE_IDX,01/07/2025,11:59:40,12281.26,0,0,0,0,0,0
MSL400.BSE_IDX,01/07/2025,11:59:48,12281.81,0,0,0,0,0,0
MSL400.BSE_IDX,01/07/2025,11:59:56,12281.8,0,0,0,0,0,0
MSL400.BSE_IDX,01/07/2025,12:00:05,12282.34,0,0,0,0,0,0
MSL400.BSE_IDX,01/07/2025,12:00:12,12282.62,0,0,0,0,0,0
MSL400.BSE_IDX,01/07/2025,12:00:20,12282.51,0,0,0,0,0,0
MSL400.BSE_IDX,01/07/2025,12:00:28,12282.55,0,0,0,0,0,0
MSL400.BSE_IDX,01/07/2025,12:00:37,12282,0,0,0,0,0,0
MSL400.BSE_IDX,01/07/2025,12:00:44,12281.49,0,0,0,0,0,0
MSL400.BSE_IDX,01/07/2025,12:00:52,12282.16,0,0,0,0,0,0
MSL400.BSE_IDX,01/07/2025,12:01:00,12282.13,0,0,0,0,0,0
MSL400.BSE_IDX,01/07/2025,12:01:08,12281.86,0,0,0,0,0,0
MSL400.BSE_IDX,01/07/2025,12:01:16,12282.02,0,0,0,0,0,0
MSL400.BSE_IDX,01/07/2025,12:01:24,12282.5,0,0,0,0,0,0
MSL400.BSE_IDX,01/07/2025,12:01:32,12282.32,0,0,0,0,0,0
MSL400.BSE_IDX,01/07/2025,12:01:40,12282.13,0,0,0,0,0,0
MSL400.BSE_IDX,01/07/2025,12:01:48,12282.17,0,0,0,0,0,0
MSL400.BSE_IDX,01/07/2025,12:01:57,12282.06,0,0,0,0,0,0
MSL400.BSE_IDX,01/07/2025,12:02:04,12282.16,0,0,0,0,0,0
MSL400.BSE_IDX,01/07/2025,12:02:12,12282.16,0,0,0,0,0,0
MSL400.BSE_IDX,01/07/2025,12:02:20,12282.1,0,0,0,0,0,0
MSL400.BSE_IDX,01/07/2025,12:02:28,12282.12,0,0,0,0,0,0
MSL400.BSE_IDX,01/07/2025,12:02:36,12282.08,0,0,0,0,0,0
MSL400.BSE_IDX,01/07/2025,12:02:44,12282.07,0,0,0,0,0,0
MSL400.BSE_IDX,01/07/2025,12:02:52,12282.01,0,0,0,0,0,0
MSL400.BSE_IDX,01/07/2025,12:03:00,12281.98,0,0,0,0,0,0
MSL400.BSE_IDX,01/07/2025,12:03:08,12281.57,0,0,0,0,0,0
MSL400.BSE_IDX,01/07/2025,12:03:17,12281.59,0,0,0,0,0,0
MSL400.BSE_IDX,01/07/2025,12:03:24,12280.93,0,0,0,0,0,0
MSL400.BSE_IDX,01/07/2025,12:03:32,12280.87,0,0,0,0,0,0
MSL400.BSE_IDX,01/07/2025,12:03:40,12280.95,0,0,0,0,0,0
MSL400.BSE_IDX,01/07/2025,12:03:48,12281.13,0,0,0,0,0,0
MSL400.BSE_IDX,01/07/2025,12:03:56,12280.82,0,0,0,0,0,0
MSL400.BSE_IDX,01/07/2025,12:04:04,12281.13,0,0,0,0,0,0
MSL400.BSE_IDX,01/07/2025,12:04:12,12280.6,0,0,0,0,0,0
MSL400.BSE_IDX,01/07/2025,12:04:20,12280.48,0,0,0,0,0,0
MSL400.BSE_IDX,01/07/2025,12:04:28,12280.62,0,0,0,0,0,0
MSL400.BSE_IDX,01/07/2025,12:04:36,12280.52,0,0,0,0,0,0
MSL400.BSE_IDX,01/07/2025,12:04:44,12280.29,0,0,0,0,0,0
MSL400.BSE_IDX,01/07/2025,12:04:52,12279.93,0,0,0,0,0,0
MSL400.BSE_IDX,01/07/2025,12:05:01,12279.78,0,0,0,0,0,0
MSL400.BSE_IDX,01/07/2025,12:05:08,12279.58,0,0,0,0,0,0
MSL400.BSE_IDX,01/07/2025,12:05:16,12280.13,0,0,0,0,0,0
MSL400.BSE_IDX,01/07/2025,12:05:24,12280.11,0,0,0,0,0,0
MSL400.BSE_IDX,01/07/2025,12:05:32,12279.89,0,0,0,0,0,0
MSL400.BSE_IDX,01/07/2025,12:05:40,12279.7,0,0,0,0,0,0
MSL400.BSE_IDX,01/07/2025,12:05:48,12279.85,0,0,0,0,0,0
MSL400.BSE_IDX,01/07/2025,12:05:56,12279.89,0,0,0,0,0,0
MSL400.BSE_IDX,01/07/2025,12:06:04,12279.93,0,0,0,0,0,0
MSL400.BSE_IDX,01/07/2025,12:06:12,12280.56,0,0,0,0,0,0
MSL400.BSE_IDX,01/07/2025,12:06:20,12280.93,0,0,0,0,0,0
MSL400.BSE_IDX,01/07/2025,12:06:28,12280.85,0,0,0,0,0,0
MSL400.BSE_IDX,01/07/2025,12:06:36,12280.14,0,0,0,0,0,0
MSL400.BSE_IDX,01/07/2025,12:06:44,12280.12,0,0,0,0,0,0
MSL400.BSE_IDX,01/07/2025,12:06:53,12279.33,0,0,0,0,0,0
MSL400.BSE_IDX,01/07/2025,12:07:00,12278.86,0,0,0,0,0,0
MSL400.BSE_IDX,01/07/2025,12:07:08,12278.73,0,0,0,0,0,0
MSL400.BSE_IDX,01/07/2025,12:07:16,12278.62,0,0,0,0,0,0
MSL400.BSE_IDX,01/07/2025,12:07:24,12278.61,0,0,0,0,0,0
MSL400.BSE_IDX,01/07/2025,12:07:32,12279.16,0,0,0,0,0,0
MSL400.BSE_IDX,01/07/2025,12:07:40,12279.22,0,0,0,0,0,0
MSL400.BSE_IDX,01/07/2025,12:07:48,12279.33,0,0,0,0,0,0
MSL400.BSE_IDX,01/07/2025,12:07:56,12279.61,0,0,0,0,0,0
MSL400.BSE_IDX,01/07/2025,12:08:04,12279.99,0,0,0,0,0,0
MSL400.BSE_IDX,01/07/2025,12:08:12,12279.58,0,0,0,0,0,0
MSL400.BSE_IDX,01/07/2025,12:08:20,12278.85,0,0,0,0,0,0
MSL400.BSE_IDX,01/07/2025,12:08:28,12278.78,0,0,0,0,0,0
MSL400.BSE_IDX,01/07/2025,12:08:36,12279.05,0,0,0,0,0,0
MSL400.BSE_IDX,01/07/2025,12:08:44,12279.43,0,0,0,0,0,0
MSL400.BSE_IDX,01/07/2025,12:08:52,12279.79,0,0,0,0,0,0
MSL400.BSE_IDX,01/07/2025,12:09:00,12279.46,0,0,0,0,0,0
MSL400.BSE_IDX,01/07/2025,12:09:08,12280.22,0,0,0,0,0,0
MSL400.BSE_IDX,01/07/2025,12:09:16,12280.6,0,0,0,0,0,0
MSL400.BSE_IDX,01/07/2025,12:09:25,12280.16,0,0,0,0,0,0
MSL400.BSE_IDX,01/07/2025,12:09:32,12280.22,0,0,0,0,0,0
MSL400.BSE_IDX,01/07/2025,12:09:40,12280.53,0,0,0,0,0,0
MSL400.BSE_IDX,01/07/2025,12:09:48,12280.76,0,0,0,0,0,0
MSL400.BSE_IDX,01/07/2025,12:09:57,12281.06,0,0,0,0,0,0
MSL400.BSE_IDX,01/07/2025,12:10:05,12281.02,0,0,0,0,0,0
MSL400.BSE_IDX,01/07/2025,12:10:13,12280.99,0,0,0,0,0,0
MSL400.BSE_IDX,01/07/2025,12:10:22,12281.52,0,0,0,0,0,0
MSL400.BSE_IDX,01/07/2025,12:10:28,12281.47,0,0,0,0,0,0
MSL400.BSE_IDX,01/07/2025,12:10:36,12281.76,0,0,0,0,0,0
MSL400.BSE_IDX,01/07/2025,12:10:45,12281.63,0,0,0,0,0,0
MSL400.BSE_IDX,01/07/2025,12:10:52,12281.66,0,0,0,0,0,0
MSL400.BSE_IDX,01/07/2025,12:11:00,12281.51,0,0,0,0,0,0
MSL400.BSE_IDX,01/07/2025,12:11:08,12281.19,0,0,0,0,0,0
MSL400.BSE_IDX,01/07/2025,12:11:17,12280.96,0,0,0,0,0,0
MSL400.BSE_IDX,01/07/2025,12:11:24,12281,0,0,0,0,0,0
MSL400.BSE_IDX,01/07/2025,12:11:32,12281.12,0,0,0,0,0,0
MSL400.BSE_IDX,01/07/2025,12:11:40,12281.62,0,0,0,0,0,0
MSL400.BSE_IDX,01/07/2025,12:11:49,12282.19,0,0,0,0,0,0
MSL400.BSE_IDX,01/07/2025,12:11:57,12282.28,0,0,0,0,0,0
MSL400.BSE_IDX,01/07/2025,12:12:05,12282.77,0,0,0,0,0,0
MSL400.BSE_IDX,01/07/2025,12:12:13,12282.73,0,0,0,0,0,0
MSL400.BSE_IDX,01/07/2025,12:12:21,12283.96,0,0,0,0,0,0
MSL400.BSE_IDX,01/07/2025,12:12:29,12284.53,0,0,0,0,0,0
MSL400.BSE_IDX,01/07/2025,12:12:37,12285.15,0,0,0,0,0,0
MSL400.BSE_IDX,01/07/2025,12:12:45,12285.12,0,0,0,0,0,0
MSL400.BSE_IDX,01/07/2025,12:12:53,12285.42,0,0,0,0,0,0
MSL400.BSE_IDX,01/07/2025,12:13:01,12285.65,0,0,0,0,0,0
MSL400.BSE_IDX,01/07/2025,12:13:09,12285.52,0,0,0,0,0,0
MSL400.BSE_IDX,01/07/2025,12:13:17,12285.67,0,0,0,0,0,0
MSL400.BSE_IDX,01/07/2025,12:13:25,12286.24,0,0,0,0,0,0
MSL400.BSE_IDX,01/07/2025,12:13:33,12286.15,0,0,0,0,0,0
MSL400.BSE_IDX,01/07/2025,12:13:41,12286.56,0,0,0,0,0,0
MSL400.BSE_IDX,01/07/2025,12:13:49,12286.74,0,0,0,0,0,0
MSL400.BSE_IDX,01/07/2025,12:13:57,12287.03,0,0,0,0,0,0
MSL400.BSE_IDX,01/07/2025,12:14:05,12286.93,0,0,0,0,0,0
MSL400.BSE_IDX,01/07/2025,12:14:13,12286.65,0,0,0,0,0,0
MSL400.BSE_IDX,01/07/2025,12:14:21,12287.04,0,0,0,0,0,0
MSL400.BSE_IDX,01/07/2025,12:14:29,12287.02,0,0,0,0,0,0
MSL400.BSE_IDX,01/07/2025,12:14:37,12286.77,0,0,0,0,0,0
MSL400.BSE_IDX,01/07/2025,12:14:46,12287.13,0,0,0,0,0,0
MSL400.BSE_IDX,01/07/2025,12:14:54,12287.03,0,0,0,0,0,0
MSL400.BSE_IDX,01/07/2025,12:15:01,12287.48,0,0,0,0,0,0
MSL400.BSE_IDX,01/07/2025,12:15:09,12287.2,0,0,0,0,0,0
MSL400.BSE_IDX,01/07/2025,12:15:17,12287.5,0,0,0,0,0,0
MSL400.BSE_IDX,01/07/2025,12:15:25,12287.41,0,0,0,0,0,0
MSL400.BSE_IDX,01/07/2025,12:15:33,12287.19,0,0,0,0,0,0
MSL400.BSE_IDX,01/07/2025,12:15:41,12287.25,0,0,0,0,0,0
MSL400.BSE_IDX,01/07/2025,12:15:49,12287.85,0,0,0,0,0,0
MSL400.BSE_IDX,01/07/2025,12:15:57,12288.72,0,0,0,0,0,0
MSL400.BSE_IDX,01/07/2025,12:16:05,12288.82,0,0,0,0,0,0
MSL400.BSE_IDX,01/07/2025,12:16:13,12289.03,0,0,0,0,0,0
MSL400.BSE_IDX,01/07/2025,12:16:21,12288.92,0,0,0,0,0,0
MSL400.BSE_IDX,01/07/2025,12:16:29,12289.02,0,0,0,0,0,0
MSL400.BSE_IDX,01/07/2025,12:16:37,12288.62,0,0,0,0,0,0
MSL400.BSE_IDX,01/07/2025,12:16:45,12288.74,0,0,0,0,0,0
MSL400.BSE_IDX,01/07/2025,12:16:53,12289.18,0,0,0,0,0,0
MSL400.BSE_IDX,01/07/2025,12:17:01,12288.91,0,0,0,0,0,0
MSL400.BSE_IDX,01/07/2025,12:17:09,12289.05,0,0,0,0,0,0
MSL400.BSE_IDX,01/07/2025,12:17:17,12289.66,0,0,0,0,0,0
MSL400.BSE_IDX,01/07/2025,12:17:25,12289.68,0,0,0,0,0,0
MSL400.BSE_IDX,01/07/2025,12:17:33,12289.71,0,0,0,0,0,0
MSL400.BSE_IDX,01/07/2025,12:17:41,12289.96,0,0,0,0,0,0
MSL400.BSE_IDX,01/07/2025,12:17:49,12289.84,0,0,0,0,0,0
MSL400.BSE_IDX,01/07/2025,12:17:57,12290.01,0,0,0,0,0,0
MSL400.BSE_IDX,01/07/2025,12:18:05,12290.87,0,0,0,0,0,0
MSL400.BSE_IDX,01/07/2025,12:18:13,12291.22,0,0,0,0,0,0
MSL400.BSE_IDX,01/07/2025,12:18:21,12291.7,0,0,0,0,0,0
MSL400.BSE_IDX,01/07/2025,12:18:29,12291.9,0,0,0,0,0,0
MSL400.BSE_IDX,01/07/2025,12:18:37,12291.95,0,0,0,0,0,0
MSL400.BSE_IDX,01/07/2025,12:18:45,12292.21,0,0,0,0,0,0
MSL400.BSE_IDX,01/07/2025,12:18:53,12292.77,0,0,0,0,0,0
MSL400.BSE_IDX,01/07/2025,12:19:01,12293.22,0,0,0,0,0,0
MSL400.BSE_IDX,01/07/2025,12:19:09,12293.37,0,0,0,0,0,0
MSL400.BSE_IDX,01/07/2025,12:19:17,12293.58,0,0,0,0,0,0
MSL400.BSE_IDX,01/07/2025,12:19:25,12294.05,0,0,0,0,0,0
MSL400.BSE_IDX,01/07/2025,12:19:33,12294.7,0,0,0,0,0,0
MSL400.BSE_IDX,01/07/2025,12:19:41,12295.41,0,0,0,0,0,0
MSL400.BSE_IDX,01/07/2025,12:19:49,12296.27,0,0,0,0,0,0
MSL400.BSE_IDX,01/07/2025,12:19:57,12296.69,0,0,0,0,0,0
MSL400.BSE_IDX,01/07/2025,12:20:05,12297.22,0,0,0,0,0,0
MSL400.BSE_IDX,01/07/2025,12:20:13,12297.38,0,0,0,0,0,0
MSL400.BSE_IDX,01/07/2025,12:20:21,12298.08,0,0,0,0,0,0
MSL400.BSE_IDX,01/07/2025,12:20:29,12298.47,0,0,0,0,0,0
MSL400.BSE_IDX,01/07/2025,12:20:37,12298.76,0,0,0,0,0,0
MSL400.BSE_IDX,01/07/2025,12:20:45,12298.92,0,0,0,0,0,0
MSL400.BSE_IDX,01/07/2025,12:20:53,12298.9,0,0,0,0,0,0
MSL400.BSE_IDX,01/07/2025,12:21:01,12299.03,0,0,0,0,0,0
MSL400.BSE_IDX,01/07/2025,12:21:09,12298.57,0,0,0,0,0,0
MSL400.BSE_IDX,01/07/2025,12:21:17,12298.31,0,0,0,0,0,0
MSL400.BSE_IDX,01/07/2025,12:21:25,12298.42,0,0,0,0,0,0
MSL400.BSE_IDX,01/07/2025,12:21:33,12298.97,0,0,0,0,0,0
MSL400.BSE_IDX,01/07/2025,12:21:41,12300.05,0,0,0,0,0,0
MSL400.BSE_IDX,01/07/2025,12:21:49,12300.93,0,0,0,0,0,0
MSL400.BSE_IDX,01/07/2025,12:21:57,12301.32,0,0,0,0,0,0
MSL400.BSE_IDX,01/07/2025,12:22:05,12302.06,0,0,0,0,0,0
MSL400.BSE_IDX,01/07/2025,12:22:13,12302.39,0,0,0,0,0,0
MSL400.BSE_IDX,01/07/2025,12:22:21,12302.37,0,0,0,0,0,0
MSL400.BSE_IDX,01/07/2025,12:22:29,12302.61,0,0,0,0,0,0
MSL400.BSE_IDX,01/07/2025,12:22:37,12302.69,0,0,0,0,0,0
MSL400.BSE_IDX,01/07/2025,12:22:45,12303.31,0,0,0,0,0,0
MSL400.BSE_IDX,01/07/2025,12:22:53,12303.78,0,0,0,0,0,0
MSL400.BSE_IDX,01/07/2025,12:23:02,12304.15,0,0,0,0,0,0
MSL400.BSE_IDX,01/07/2025,12:23:09,12304.1,0,0,0,0,0,0
MSL400.BSE_IDX,01/07/2025,12:23:17,12303.92,0,0,0,0,0,0
MSL400.BSE_IDX,01/07/2025,12:23:25,12304.12,0,0,0,0,0,0
MSL400.BSE_IDX,01/07/2025,12:23:33,12304.09,0,0,0,0,0,0
MSL400.BSE_IDX,01/07/2025,12:23:41,12304.07,0,0,0,0,0,0
MSL400.BSE_IDX,01/07/2025,12:23:49,12304.22,0,0,0,0,0,0
MSL400.BSE_IDX,01/07/2025,12:23:57,12304.27,0,0,0,0,0,0
MSL400.BSE_IDX,01/07/2025,12:24:05,12304.39,0,0,0,0,0,0
MSL400.BSE_IDX,01/07/2025,12:24:13,12304.1,0,0,0,0,0,0
MSL400.BSE_IDX,01/07/2025,12:24:21,12304.34,0,0,0,0,0,0
MSL400.BSE_IDX,01/07/2025,12:24:29,12304.46,0,0,0,0,0,0
MSL400.BSE_IDX,01/07/2025,12:24:37,12304.4,0,0,0,0,0,0
MSL400.BSE_IDX,01/07/2025,12:24:45,12304.62,0,0,0,0,0,0
MSL400.BSE_IDX,01/07/2025,12:24:53,12304.82,0,0,0,0,0,0
MSL400.BSE_IDX,01/07/2025,12:25:01,12305.15,0,0,0,0,0,0
MSL400.BSE_IDX,01/07/2025,12:25:09,12305.17,0,0,0,0,0,0
MSL400.BSE_IDX,01/07/2025,12:25:17,12305.54,0,0,0,0,0,0
MSL400.BSE_IDX,01/07/2025,12:25:25,12305.79,0,0,0,0,0,0
MSL400.BSE_IDX,01/07/2025,12:25:33,12305.97,0,0,0,0,0,0
MSL400.BSE_IDX,01/07/2025,12:25:41,12305.71,0,0,0,0,0,0
MSL400.BSE_IDX,01/07/2025,12:25:49,12306.23,0,0,0,0,0,0
MSL400.BSE_IDX,01/07/2025,12:25:57,12306.36,0,0,0,0,0,0
MSL400.BSE_IDX,01/07/2025,12:26:05,12306.59,0,0,0,0,0,0
MSL400.BSE_IDX,01/07/2025,12:26:13,12306.7,0,0,0,0,0,0
MSL400.BSE_IDX,01/07/2025,12:26:21,12307.05,0,0,0,0,0,0
MSL400.BSE_IDX,01/07/2025,12:26:31,12306.93,0,0,0,0,0,0
MSL400.BSE_IDX,01/07/2025,12:26:37,12306.96,0,0,0,0,0,0
MSL400.BSE_IDX,01/07/2025,12:26:45,12306.47,0,0,0,0,0,0
MSL400.BSE_IDX,01/07/2025,12:26:53,12306.05,0,0,0,0,0,0
MSL400.BSE_IDX,01/07/2025,12:27:01,12305.7,0,0,0,0,0,0
MSL400.BSE_IDX,01/07/2025,12:27:09,12305.37,0,0,0,0,0,0
MSL400.BSE_IDX,01/07/2025,12:27:17,12305.15,0,0,0,0,0,0
MSL400.BSE_IDX,01/07/2025,12:27:25,12304.77,0,0,0,0,0,0
MSL400.BSE_IDX,01/07/2025,12:27:33,12304.58,0,0,0,0,0,0
MSL400.BSE_IDX,01/07/2025,12:27:41,12304.28,0,0,0,0,0,0
MSL400.BSE_IDX,01/07/2025,12:27:49,12304.35,0,0,0,0,0,0
MSL400.BSE_IDX,01/07/2025,12:27:57,12304.45,0,0,0,0,0,0
MSL400.BSE_IDX,01/07/2025,12:28:05,12304.56,0,0,0,0,0,0
MSL400.BSE_IDX,01/07/2025,12:28:13,12304.85,0,0,0,0,0,0
MSL400.BSE_IDX,01/07/2025,12:28:21,12304.8,0,0,0,0,0,0
MSL400.BSE_IDX,01/07/2025,12:28:29,12304.67,0,0,0,0,0,0
MSL400.BSE_IDX,01/07/2025,12:28:37,12304.32,0,0,0,0,0,0
MSL400.BSE_IDX,01/07/2025,12:28:45,12304.13,0,0,0,0,0,0
MSL400.BSE_IDX,01/07/2025,12:28:53,12303.7,0,0,0,0,0,0
MSL400.BSE_IDX,01/07/2025,12:29:01,12302.84,0,0,0,0,0,0
MSL400.BSE_IDX,01/07/2025,12:29:10,12302.59,0,0,0,0,0,0
MSL400.BSE_IDX,01/07/2025,12:29:18,12302.48,0,0,0,0,0,0
MSL400.BSE_IDX,01/07/2025,12:29:25,12302.87,0,0,0,0,0,0
MSL400.BSE_IDX,01/07/2025,12:29:33,12303.21,0,0,0,0,0,0
MSL400.BSE_IDX,01/07/2025,12:29:41,12303.28,0,0,0,0,0,0
MSL400.BSE_IDX,01/07/2025,12:29:49,12303.07,0,0,0,0,0,0
MSL400.BSE_IDX,01/07/2025,12:29:57,12302.59,0,0,0,0,0,0
MSL400.BSE_IDX,01/07/2025,12:30:05,12303.28,0,0,0,0,0,0
MSL400.BSE_IDX,01/07/2025,12:30:13,12304.12,0,0,0,0,0,0
MSL400.BSE_IDX,01/07/2025,12:30:22,12303.89,0,0,0,0,0,0
MSL400.BSE_IDX,01/07/2025,12:30:29,12304.51,0,0,0,0,0,0
MSL400.BSE_IDX,01/07/2025,12:30:37,12305.01,0,0,0,0,0,0
MSL400.BSE_IDX,01/07/2025,12:30:45,12304.59,0,0,0,0,0,0
MSL400.BSE_IDX,01/07/2025,12:30:53,12304.75,0,0,0,0,0,0
MSL400.BSE_IDX,01/07/2025,12:31:01,12304.33,0,0,0,0,0,0
MSL400.BSE_IDX,01/07/2025,12:31:09,12303.85,0,0,0,0,0,0
MSL400.BSE_IDX,01/07/2025,12:31:17,12303.95,0,0,0,0,0,0
MSL400.BSE_IDX,01/07/2025,12:31:25,12304.1,0,0,0,0,0,0
MSL400.BSE_IDX,01/07/2025,12:31:34,12303.86,0,0,0,0,0,0
MSL400.BSE_IDX,01/07/2025,12:31:41,12303.6,0,0,0,0,0,0
MSL400.BSE_IDX,01/07/2025,12:31:49,12303.25,0,0,0,0,0,0
MSL400.BSE_IDX,01/07/2025,12:31:57,12302.49,0,0,0,0,0,0
MSL400.BSE_IDX,01/07/2025,12:32:05,12302.24,0,0,0,0,0,0
MSL400.BSE_IDX,01/07/2025,12:32:13,12302.17,0,0,0,0,0,0
MSL400.BSE_IDX,01/07/2025,12:32:21,12302.07,0,0,0,0,0,0
MSL400.BSE_IDX,01/07/2025,12:32:29,12302.44,0,0,0,0,0,0
MSL400.BSE_IDX,01/07/2025,12:32:37,12302.24,0,0,0,0,0,0
MSL400.BSE_IDX,01/07/2025,12:32:45,12302.57,0,0,0,0,0,0
MSL400.BSE_IDX,01/07/2025,12:32:53,12302.06,0,0,0,0,0,0
MSL400.BSE_IDX,01/07/2025,12:33:01,12302.1,0,0,0,0,0,0
MSL400.BSE_IDX,01/07/2025,12:33:09,12301.54,0,0,0,0,0,0
MSL400.BSE_IDX,01/07/2025,12:33:17,12301.65,0,0,0,0,0,0
MSL400.BSE_IDX,01/07/2025,12:33:26,12301.8,0,0,0,0,0,0
MSL400.BSE_IDX,01/07/2025,12:33:33,12301.82,0,0,0,0,0,0
MSL400.BSE_IDX,01/07/2025,12:33:41,12301.69,0,0,0,0,0,0
MSL400.BSE_IDX,01/07/2025,12:33:49,12301.37,0,0,0,0,0,0
MSL400.BSE_IDX,01/07/2025,12:33:57,12301.42,0,0,0,0,0,0
MSL400.BSE_IDX,01/07/2025,12:34:05,12301.03,0,0,0,0,0,0
MSL400.BSE_IDX,01/07/2025,12:34:13,12301.31,0,0,0,0,0,0
MSL400.BSE_IDX,01/07/2025,12:34:21,12301.42,0,0,0,0,0,0
MSL400.BSE_IDX,01/07/2025,12:34:29,12301.56,0,0,0,0,0,0
MSL400.BSE_IDX,01/07/2025,12:34:37,12301.5,0,0,0,0,0,0
MSL400.BSE_IDX,01/07/2025,12:34:45,12301.42,0,0,0,0,0,0
MSL400.BSE_IDX,01/07/2025,12:34:53,12301.69,0,0,0,0,0,0
MSL400.BSE_IDX,01/07/2025,12:35:01,12301.8,0,0,0,0,0,0
MSL400.BSE_IDX,01/07/2025,12:35:09,12302.46,0,0,0,0,0,0
MSL400.BSE_IDX,01/07/2025,12:35:17,12302.84,0,0,0,0,0,0
MSL400.BSE_IDX,01/07/2025,12:35:25,12302.89,0,0,0,0,0,0
MSL400.BSE_IDX,01/07/2025,12:35:33,12302.71,0,0,0,0,0,0
MSL400.BSE_IDX,01/07/2025,12:35:41,12302.61,0,0,0,0,0,0
MSL400.BSE_IDX,01/07/2025,12:35:49,12303.39,0,0,0,0,0,0
MSL400.BSE_IDX,01/07/2025,12:35:57,12303.38,0,0,0,0,0,0
MSL400.BSE_IDX,01/07/2025,12:36:05,12303.66,0,0,0,0,0,0
MSL400.BSE_IDX,01/07/2025,12:36:13,12303.66,0,0,0,0,0,0
MSL400.BSE_IDX,01/07/2025,12:36:21,12303.93,0,0,0,0,0,0
MSL400.BSE_IDX,01/07/2025,12:36:29,12304.11,0,0,0,0,0,0
MSL400.BSE_IDX,01/07/2025,12:36:37,12304.35,0,0,0,0,0,0
MSL400.BSE_IDX,01/07/2025,12:36:45,12304.34,0,0,0,0,0,0
MSL400.BSE_IDX,01/07/2025,12:36:53,12304.48,0,0,0,0,0,0
MSL400.BSE_IDX,01/07/2025,12:37:01,12304.57,0,0,0,0,0,0
MSL400.BSE_IDX,01/07/2025,12:37:09,12305.06,0,0,0,0,0,0
MSL400.BSE_IDX,01/07/2025,12:37:17,12305.13,0,0,0,0,0,0
MSL400.BSE_IDX,01/07/2025,12:37:25,12304.97,0,0,0,0,0,0
MSL400.BSE_IDX,01/07/2025,12:37:33,12304.39,0,0,0,0,0,0
MSL400.BSE_IDX,01/07/2025,12:37:41,12303.95,0,0,0,0,0,0
MSL400.BSE_IDX,01/07/2025,12:37:49,12303.29,0,0,0,0,0,0
MSL400.BSE_IDX,01/07/2025,12:37:57,12303.2,0,0,0,0,0,0
MSL400.BSE_IDX,01/07/2025,12:38:05,12303,0,0,0,0,0,0
MSL400.BSE_IDX,01/07/2025,12:38:13,12302.82,0,0,0,0,0,0
MSL400.BSE_IDX,01/07/2025,12:38:22,12302.88,0,0,0,0,0,0
MSL400.BSE_IDX,01/07/2025,12:38:29,12302.86,0,0,0,0,0,0
MSL400.BSE_IDX,01/07/2025,12:38:39,12303.28,0,0,0,0,0,0
MSL400.BSE_IDX,01/07/2025,12:38:45,12303.58,0,0,0,0,0,0
MSL400.BSE_IDX,01/07/2025,12:38:53,12304.11,0,0,0,0,0,0
MSL400.BSE_IDX,01/07/2025,12:39:01,12303.94,0,0,0,0,0,0
MSL400.BSE_IDX,01/07/2025,12:39:10,12303.86,0,0,0,0,0,0
MSL400.BSE_IDX,01/07/2025,12:39:17,12304.18,0,0,0,0,0,0
MSL400.BSE_IDX,01/07/2025,12:39:25,12304.34,0,0,0,0,0,0
MSL400.BSE_IDX,01/07/2025,12:39:34,12304.71,0,0,0,0,0,0
MSL400.BSE_IDX,01/07/2025,12:39:42,12305.16,0,0,0,0,0,0
MSL400.BSE_IDX,01/07/2025,12:39:49,12305.81,0,0,0,0,0,0
MSL400.BSE_IDX,01/07/2025,12:39:57,12305.64,0,0,0,0,0,0
MSL400.BSE_IDX,01/07/2025,12:40:05,12305.95,0,0,0,0,0,0
MSL400.BSE_IDX,01/07/2025,12:40:14,12306.09,0,0,0,0,0,0
MSL400.BSE_IDX,01/07/2025,12:40:21,12306.3,0,0,0,0,0,0
MSL400.BSE_IDX,01/07/2025,12:40:29,12306.3,0,0,0,0,0,0
MSL400.BSE_IDX,01/07/2025,12:40:37,12306.08,0,0,0,0,0,0
MSL400.BSE_IDX,01/07/2025,12:40:45,12306.3,0,0,0,0,0,0
MSL400.BSE_IDX,01/07/2025,12:40:54,12306.17,0,0,0,0,0,0
MSL400.BSE_IDX,01/07/2025,12:41:01,12306.11,0,0,0,0,0,0
MSL400.BSE_IDX,01/07/2025,12:41:09,12305.8,0,0,0,0,0,0
MSL400.BSE_IDX,01/07/2025,12:41:17,12305.49,0,0,0,0,0,0
MSL400.BSE_IDX,01/07/2025,12:41:25,12305.51,0,0,0,0,0,0
MSL400.BSE_IDX,01/07/2025,12:41:33,12305.63,0,0,0,0,0,0
MSL400.BSE_IDX,01/07/2025,12:41:41,12306.2,0,0,0,0,0,0
MSL400.BSE_IDX,01/07/2025,12:41:49,12306.29,0,0,0,0,0,0
MSL400.BSE_IDX,01/07/2025,12:41:57,12306.81,0,0,0,0,0,0
MSL400.BSE_IDX,01/07/2025,12:42:05,12306.79,0,0,0,0,0,0
MSL400.BSE_IDX,01/07/2025,12:42:13,12306.57,0,0,0,0,0,0
MSL400.BSE_IDX,01/07/2025,12:42:21,12306.67,0,0,0,0,0,0
MSL400.BSE_IDX,01/07/2025,12:42:29,12306.7,0,0,0,0,0,0
MSL400.BSE_IDX,01/07/2025,12:42:37,12306.97,0,0,0,0,0,0
MSL400.BSE_IDX,01/07/2025,12:42:45,12307.14,0,0,0,0,0,0
MSL400.BSE_IDX,01/07/2025,12:42:53,12307.32,0,0,0,0,0,0
MSL400.BSE_IDX,01/07/2025,12:43:01,12307.7,0,0,0,0,0,0
MSL400.BSE_IDX,01/07/2025,12:43:10,12307.45,0,0,0,0,0,0
MSL400.BSE_IDX,01/07/2025,12:43:17,12307.08,0,0,0,0,0,0
MSL400.BSE_IDX,01/07/2025,12:43:26,12307.04,0,0,0,0,0,0
MSL400.BSE_IDX,01/07/2025,12:43:33,12307.17,0,0,0,0,0,0
MSL400.BSE_IDX,01/07/2025,12:43:41,12307.38,0,0,0,0,0,0
MSL400.BSE_IDX,01/07/2025,12:43:49,12307.25,0,0,0,0,0,0
MSL400.BSE_IDX,01/07/2025,12:43:58,12307.01,0,0,0,0,0,0
MSL400.BSE_IDX,01/07/2025,12:44:05,12306.18,0,0,0,0,0,0
MSL400.BSE_IDX,01/07/2025,12:44:14,12305.14,0,0,0,0,0,0
MSL400.BSE_IDX,01/07/2025,12:44:21,12304.3,0,0,0,0,0,0
MSL400.BSE_IDX,01/07/2025,12:44:29,12303.44,0,0,0,0,0,0
MSL400.BSE_IDX,01/07/2025,12:44:38,12303.68,0,0,0,0,0,0
MSL400.BSE_IDX,01/07/2025,12:44:45,12303.72,0,0,0,0,0,0
MSL400.BSE_IDX,01/07/2025,12:44:53,12303.53,0,0,0,0,0,0
MSL400.BSE_IDX,01/07/2025,12:45:01,12303.29,0,0,0,0,0,0
MSL400.BSE_IDX,01/07/2025,12:45:11,12302.57,0,0,0,0,0,0
MSL400.BSE_IDX,01/07/2025,12:45:17,12302.44,0,0,0,0,0,0
MSL400.BSE_IDX,01/07/2025,12:45:25,12302.53,0,0,0,0,0,0
MSL400.BSE_IDX,01/07/2025,12:45:34,12302.57,0,0,0,0,0,0
MSL400.BSE_IDX,01/07/2025,12:45:42,12302.09,0,0,0,0,0,0
MSL400.BSE_IDX,01/07/2025,12:45:50,12301.6,0,0,0,0,0,0
MSL400.BSE_IDX,01/07/2025,12:45:58,12301.32,0,0,0,0,0,0
MSL400.BSE_IDX,01/07/2025,12:46:06,12301.34,0,0,0,0,0,0
MSL400.BSE_IDX,01/07/2025,12:46:14,12301.19,0,0,0,0,0,0
MSL400.BSE_IDX,01/07/2025,12:46:22,12300.55,0,0,0,0,0,0
MSL400.BSE_IDX,01/07/2025,12:46:30,12299.78,0,0,0,0,0,0
MSL400.BSE_IDX,01/07/2025,12:46:38,12299.23,0,0,0,0,0,0
MSL400.BSE_IDX,01/07/2025,12:46:46,12298.61,0,0,0,0,0,0
MSL400.BSE_IDX,01/07/2025,12:46:54,12298.13,0,0,0,0,0,0
MSL400.BSE_IDX,01/07/2025,12:47:02,12298.27,0,0,0,0,0,0
MSL400.BSE_IDX,01/07/2025,12:47:10,12298.15,0,0,0,0,0,0
MSL400.BSE_IDX,01/07/2025,12:47:18,12298.09,0,0,0,0,0,0
MSL400.BSE_IDX,01/07/2025,12:47:26,12298.1,0,0,0,0,0,0
MSL400.BSE_IDX,01/07/2025,12:47:34,12297.98,0,0,0,0,0,0
MSL400.BSE_IDX,01/07/2025,12:47:42,12297.65,0,0,0,0,0,0
MSL400.BSE_IDX,01/07/2025,12:47:50,12297.55,0,0,0,0,0,0
MSL400.BSE_IDX,01/07/2025,12:47:58,12297.27,0,0,0,0,0,0
MSL400.BSE_IDX,01/07/2025,12:48:06,12296.96,0,0,0,0,0,0
MSL400.BSE_IDX,01/07/2025,12:48:14,12297.41,0,0,0,0,0,0
MSL400.BSE_IDX,01/07/2025,12:48:22,12297.34,0,0,0,0,0,0
MSL400.BSE_IDX,01/07/2025,12:48:30,12297.72,0,0,0,0,0,0
MSL400.BSE_IDX,01/07/2025,12:48:38,12297.86,0,0,0,0,0,0
MSL400.BSE_IDX,01/07/2025,12:48:46,12297.67,0,0,0,0,0,0
MSL400.BSE_IDX,01/07/2025,12:48:54,12297,0,0,0,0,0,0
MSL400.BSE_IDX,01/07/2025,12:49:02,12297.08,0,0,0,0,0,0
MSL400.BSE_IDX,01/07/2025,12:49:10,12296.84,0,0,0,0,0,0
MSL400.BSE_IDX,01/07/2025,12:49:18,12296.56,0,0,0,0,0,0
MSL400.BSE_IDX,01/07/2025,12:49:26,12296.47,0,0,0,0,0,0
MSL400.BSE_IDX,01/07/2025,12:49:34,12296.24,0,0,0,0,0,0
MSL400.BSE_IDX,01/07/2025,12:49:42,12296.49,0,0,0,0,0,0
MSL400.BSE_IDX,01/07/2025,12:49:50,12297.07,0,0,0,0,0,0
MSL400.BSE_IDX,01/07/2025,12:49:58,12297.14,0,0,0,0,0,0
MSL400.BSE_IDX,01/07/2025,12:50:06,12297.25,0,0,0,0,0,0
MSL400.BSE_IDX,01/07/2025,12:50:14,12297.26,0,0,0,0,0,0
MSL400.BSE_IDX,01/07/2025,12:50:22,12296.97,0,0,0,0,0,0
MSL400.BSE_IDX,01/07/2025,12:50:30,12297.47,0,0,0,0,0,0
MSL400.BSE_IDX,01/07/2025,12:50:38,12297.6,0,0,0,0,0,0
MSL400.BSE_IDX,01/07/2025,12:50:47,12297.74,0,0,0,0,0,0
MSL400.BSE_IDX,01/07/2025,12:50:54,12298.24,0,0,0,0,0,0
MSL400.BSE_IDX,01/07/2025,12:51:02,12297.94,0,0,0,0,0,0
MSL400.BSE_IDX,01/07/2025,12:51:10,12298.29,0,0,0,0,0,0
MSL400.BSE_IDX,01/07/2025,12:51:19,12298.19,0,0,0,0,0,0
MSL400.BSE_IDX,01/07/2025,12:51:26,12298.74,0,0,0,0,0,0
MSL400.BSE_IDX,01/07/2025,12:51:34,12298.77,0,0,0,0,0,0
MSL400.BSE_IDX,01/07/2025,12:51:42,12298.77,0,0,0,0,0,0
MSL400.BSE_IDX,01/07/2025,12:51:50,12298.91,0,0,0,0,0,0
MSL400.BSE_IDX,01/07/2025,12:51:58,12298.45,0,0,0,0,0,0
MSL400.BSE_IDX,01/07/2025,12:52:06,12298.2,0,0,0,0,0,0
MSL400.BSE_IDX,01/07/2025,12:52:14,12298.51,0,0,0,0,0,0
MSL400.BSE_IDX,01/07/2025,12:52:22,12298.44,0,0,0,0,0,0
MSL400.BSE_IDX,01/07/2025,12:52:30,12298.3,0,0,0,0,0,0
MSL400.BSE_IDX,01/07/2025,12:52:38,12298.04,0,0,0,0,0,0
MSL400.BSE_IDX,01/07/2025,12:52:46,12298.25,0,0,0,0,0,0
MSL400.BSE_IDX,01/07/2025,12:52:54,12298.66,0,0,0,0,0,0
MSL400.BSE_IDX,01/07/2025,12:53:02,12298.82,0,0,0,0,0,0
MSL400.BSE_IDX,01/07/2025,12:53:10,12299.21,0,0,0,0,0,0
MSL400.BSE_IDX,01/07/2025,12:53:18,12299.53,0,0,0,0,0,0
MSL400.BSE_IDX,01/07/2025,12:53:26,12299.32,0,0,0,0,0,0
MSL400.BSE_IDX,01/07/2025,12:53:34,12299.38,0,0,0,0,0,0
MSL400.BSE_IDX,01/07/2025,12:53:42,12299.42,0,0,0,0,0,0
MSL400.BSE_IDX,01/07/2025,12:53:50,12299.21,0,0,0,0,0,0
MSL400.BSE_IDX,01/07/2025,12:53:58,12299.2,0,0,0,0,0,0
MSL400.BSE_IDX,01/07/2025,12:54:06,12299.19,0,0,0,0,0,0
MSL400.BSE_IDX,01/07/2025,12:54:14,12299.33,0,0,0,0,0,0
MSL400.BSE_IDX,01/07/2025,12:54:22,12299,0,0,0,0,0,0
