Ticker,Date,Time,LTP,BuyPrice,BuyQty,SellPrice,SellQty,LTQ,OpenInterest
OILGAS.BSE_IDX,01/07/2025,09:00:07,27881.26,0,0,0,0,0,0
OILGAS.BSE_IDX,01/07/2025,09:00:15,27790.41,0,0,0,0,0,0
OILGAS.BSE_IDX,01/07/2025,09:00:23,27856.21,0,0,0,0,0,0
OILGAS.BSE_IDX,01/07/2025,09:00:31,27864.43,0,0,0,0,0,0
OILGAS.BSE_IDX,01/07/2025,09:00:39,27873.21,0,0,0,0,0,0
OILGAS.BSE_IDX,01/07/2025,09:00:47,27821.88,0,0,0,0,0,0
OILGAS.BSE_IDX,01/07/2025,09:00:55,27917.19,0,0,0,0,0,0
OILGAS.BSE_IDX,01/07/2025,09:01:03,27925.57,0,0,0,0,0,0
OILGAS.BSE_IDX,01/07/2025,09:01:11,27925.57,0,0,0,0,0,0
OILGAS.BSE_IDX,01/07/2025,09:01:19,27900.5,0,0,0,0,0,0
OILGAS.BSE_IDX,01/07/2025,09:01:27,27896.04,0,0,0,0,0,0
OILGAS.BSE_IDX,01/07/2025,09:01:35,27896.04,0,0,0,0,0,0
OILGAS.BSE_IDX,01/07/2025,09:01:43,27896.04,0,0,0,0,0,0
OILGAS.BSE_IDX,01/07/2025,09:01:51,27896.04,0,0,0,0,0,0
OILGAS.BSE_IDX,01/07/2025,09:01:59,27896.04,0,0,0,0,0,0
OILGAS.BSE_IDX,01/07/2025,09:02:07,27896.04,0,0,0,0,0,0
OILGAS.BSE_IDX,01/07/2025,09:02:15,27896.04,0,0,0,0,0,0
OILGAS.BSE_IDX,01/07/2025,09:02:23,27888.35,0,0,0,0,0,0
OILGAS.BSE_IDX,01/07/2025,09:02:31,27888.35,0,0,0,0,0,0
OILGAS.BSE_IDX,01/07/2025,09:02:39,27896.73,0,0,0,0,0,0
OILGAS.BSE_IDX,01/07/2025,09:02:47,27898.64,0,0,0,0,0,0
OILGAS.BSE_IDX,01/07/2025,09:02:55,27898.64,0,0,0,0,0,0
OILGAS.BSE_IDX,01/07/2025,09:03:03,27925.88,0,0,0,0,0,0
OILGAS.BSE_IDX,01/07/2025,09:03:11,27898.1,0,0,0,0,0,0
OILGAS.BSE_IDX,01/07/2025,09:03:19,27905.91,0,0,0,0,0,0
OILGAS.BSE_IDX,01/07/2025,09:03:27,27906.69,0,0,0,0,0,0
OILGAS.BSE_IDX,01/07/2025,09:03:35,27904.26,0,0,0,0,0,0
OILGAS.BSE_IDX,01/07/2025,09:03:43,27910.54,0,0,0,0,0,0
OILGAS.BSE_IDX,01/07/2025,09:03:51,27910.54,0,0,0,0,0,0
OILGAS.BSE_IDX,01/07/2025,09:03:59,27908.31,0,0,0,0,0,0
OILGAS.BSE_IDX,01/07/2025,09:04:07,27883.17,0,0,0,0,0,0
OILGAS.BSE_IDX,01/07/2025,09:04:15,27883.17,0,0,0,0,0,0
OILGAS.BSE_IDX,01/07/2025,09:04:23,27878.46,0,0,0,0,0,0
OILGAS.BSE_IDX,01/07/2025,09:04:31,27895.64,0,0,0,0,0,0
OILGAS.BSE_IDX,01/07/2025,09:04:39,27903.6,0,0,0,0,0,0
OILGAS.BSE_IDX,01/07/2025,09:04:47,27903.6,0,0,0,0,0,0
OILGAS.BSE_IDX,01/07/2025,09:04:55,27903.6,0,0,0,0,0,0
OILGAS.BSE_IDX,01/07/2025,09:05:03,27906.6,0,0,0,0,0,0
OILGAS.BSE_IDX,01/07/2025,09:05:11,27904.37,0,0,0,0,0,0
OILGAS.BSE_IDX,01/07/2025,09:05:19,27908.61,0,0,0,0,0,0
OILGAS.BSE_IDX,01/07/2025,09:05:27,27908.65,0,0,0,0,0,0
OILGAS.BSE_IDX,01/07/2025,09:05:35,27884.63,0,0,0,0,0,0
OILGAS.BSE_IDX,01/07/2025,09:05:43,27906.36,0,0,0,0,0,0
OILGAS.BSE_IDX,01/07/2025,09:05:51,27885.4,0,0,0,0,0,0
OILGAS.BSE_IDX,01/07/2025,09:05:59,27902.86,0,0,0,0,0,0
OILGAS.BSE_IDX,01/07/2025,09:06:07,27910,0,0,0,0,0,0
OILGAS.BSE_IDX,01/07/2025,09:06:15,27907.38,0,0,0,0,0,0
OILGAS.BSE_IDX,01/07/2025,09:06:23,27912.33,0,0,0,0,0,0
OILGAS.BSE_IDX,01/07/2025,09:06:31,27927.77,0,0,0,0,0,0
OILGAS.BSE_IDX,01/07/2025,09:06:39,27926.43,0,0,0,0,0,0
OILGAS.BSE_IDX,01/07/2025,09:06:47,27932.58,0,0,0,0,0,0
OILGAS.BSE_IDX,01/07/2025,09:06:55,27949.47,0,0,0,0,0,0
OILGAS.BSE_IDX,01/07/2025,09:07:04,27950.36,0,0,0,0,0,0
OILGAS.BSE_IDX,01/07/2025,09:07:11,27950.36,0,0,0,0,0,0
OILGAS.BSE_IDX,01/07/2025,09:07:19,27950.36,0,0,0,0,0,0
OILGAS.BSE_IDX,01/07/2025,09:07:27,27950.36,0,0,0,0,0,0
OILGAS.BSE_IDX,01/07/2025,09:07:35,27950.36,0,0,0,0,0,0
OILGAS.BSE_IDX,01/07/2025,09:07:43,27950.36,0,0,0,0,0,0
OILGAS.BSE_IDX,01/07/2025,09:07:51,27950.36,0,0,0,0,0,0
OILGAS.BSE_IDX,01/07/2025,09:07:59,27950.36,0,0,0,0,0,0
OILGAS.BSE_IDX,01/07/2025,09:08:07,27950.36,0,0,0,0,0,0
OILGAS.BSE_IDX,01/07/2025,09:08:15,27950.36,0,0,0,0,0,0
OILGAS.BSE_IDX,01/07/2025,09:08:23,27950.36,0,0,0,0,0,0
OILGAS.BSE_IDX,01/07/2025,09:08:31,27950.36,0,0,0,0,0,0
OILGAS.BSE_IDX,01/07/2025,09:08:39,27950.36,0,0,0,0,0,0
OILGAS.BSE_IDX,01/07/2025,09:08:47,27950.36,0,0,0,0,0,0
OILGAS.BSE_IDX,01/07/2025,09:08:55,27950.36,0,0,0,0,0,0
OILGAS.BSE_IDX,01/07/2025,09:09:03,27948.82,0,0,0,0,0,0
OILGAS.BSE_IDX,01/07/2025,09:09:11,27948.82,0,0,0,0,0,0
OILGAS.BSE_IDX,01/07/2025,09:09:19,27948.82,0,0,0,0,0,0
OILGAS.BSE_IDX,01/07/2025,09:09:27,27948.82,0,0,0,0,0,0
OILGAS.BSE_IDX,01/07/2025,09:09:35,27948.82,0,0,0,0,0,0
OILGAS.BSE_IDX,01/07/2025,09:09:43,27948.82,0,0,0,0,0,0
OILGAS.BSE_IDX,01/07/2025,09:09:51,27948.82,0,0,0,0,0,0
OILGAS.BSE_IDX,01/07/2025,09:09:59,27948.82,0,0,0,0,0,0
OILGAS.BSE_IDX,01/07/2025,09:10:07,27948.82,0,0,0,0,0,0
OILGAS.BSE_IDX,01/07/2025,09:10:15,27948.82,0,0,0,0,0,0
OILGAS.BSE_IDX,01/07/2025,09:10:23,27948.82,0,0,0,0,0,0
OILGAS.BSE_IDX,01/07/2025,09:10:31,27948.82,0,0,0,0,0,0
OILGAS.BSE_IDX,01/07/2025,09:10:39,27948.82,0,0,0,0,0,0
OILGAS.BSE_IDX,01/07/2025,09:10:47,27948.82,0,0,0,0,0,0
OILGAS.BSE_IDX,01/07/2025,09:10:55,27948.82,0,0,0,0,0,0
OILGAS.BSE_IDX,01/07/2025,09:11:03,27948.82,0,0,0,0,0,0
OILGAS.BSE_IDX,01/07/2025,09:11:11,27948.82,0,0,0,0,0,0
OILGAS.BSE_IDX,01/07/2025,09:11:19,27948.82,0,0,0,0,0,0
OILGAS.BSE_IDX,01/07/2025,09:11:27,27948.82,0,0,0,0,0,0
OILGAS.BSE_IDX,01/07/2025,09:11:35,27948.82,0,0,0,0,0,0
OILGAS.BSE_IDX,01/07/2025,09:11:43,27948.82,0,0,0,0,0,0
OILGAS.BSE_IDX,01/07/2025,09:11:51,27948.82,0,0,0,0,0,0
OILGAS.BSE_IDX,01/07/2025,09:11:59,27948.82,0,0,0,0,0,0
OILGAS.BSE_IDX,01/07/2025,09:12:07,27948.82,0,0,0,0,0,0
OILGAS.BSE_IDX,01/07/2025,09:12:16,27948.82,0,0,0,0,0,0
OILGAS.BSE_IDX,01/07/2025,09:12:23,27948.82,0,0,0,0,0,0
OILGAS.BSE_IDX,01/07/2025,09:12:31,27948.82,0,0,0,0,0,0
OILGAS.BSE_IDX,01/07/2025,09:12:39,27948.82,0,0,0,0,0,0
OILGAS.BSE_IDX,01/07/2025,09:12:47,27948.82,0,0,0,0,0,0
OILGAS.BSE_IDX,01/07/2025,09:12:55,27948.82,0,0,0,0,0,0
OILGAS.BSE_IDX,01/07/2025,09:13:03,27948.82,0,0,0,0,0,0
OILGAS.BSE_IDX,01/07/2025,09:13:11,27948.82,0,0,0,0,0,0
OILGAS.BSE_IDX,01/07/2025,09:13:19,27948.82,0,0,0,0,0,0
OILGAS.BSE_IDX,01/07/2025,09:13:27,27948.82,0,0,0,0,0,0
OILGAS.BSE_IDX,01/07/2025,09:13:35,27948.82,0,0,0,0,0,0
OILGAS.BSE_IDX,01/07/2025,09:13:43,27948.82,0,0,0,0,0,0
OILGAS.BSE_IDX,01/07/2025,09:13:51,27948.82,0,0,0,0,0,0
OILGAS.BSE_IDX,01/07/2025,09:13:59,27948.82,0,0,0,0,0,0
OILGAS.BSE_IDX,01/07/2025,09:14:07,27948.82,0,0,0,0,0,0
OILGAS.BSE_IDX,01/07/2025,09:14:15,27948.82,0,0,0,0,0,0
OILGAS.BSE_IDX,01/07/2025,09:14:23,27948.82,0,0,0,0,0,0
OILGAS.BSE_IDX,01/07/2025,09:14:31,27948.82,0,0,0,0,0,0
OILGAS.BSE_IDX,01/07/2025,09:14:39,27948.82,0,0,0,0,0,0
OILGAS.BSE_IDX,01/07/2025,09:14:47,27948.82,0,0,0,0,0,0
OILGAS.BSE_IDX,01/07/2025,09:14:55,27948.82,0,0,0,0,0,0
OILGAS.BSE_IDX,01/07/2025,09:15:04,27916.32,0,0,0,0,0,0
OILGAS.BSE_IDX,01/07/2025,09:15:11,27923.68,0,0,0,0,0,0
OILGAS.BSE_IDX,01/07/2025,09:15:19,27888.43,0,0,0,0,0,0
OILGAS.BSE_IDX,01/07/2025,09:15:27,27874.63,0,0,0,0,0,0
OILGAS.BSE_IDX,01/07/2025,09:15:35,27858.83,0,0,0,0,0,0
OILGAS.BSE_IDX,01/07/2025,09:15:43,27854.79,0,0,0,0,0,0
OILGAS.BSE_IDX,01/07/2025,09:15:51,27848.85,0,0,0,0,0,0
OILGAS.BSE_IDX,01/07/2025,09:15:59,27846.78,0,0,0,0,0,0
OILGAS.BSE_IDX,01/07/2025,09:16:07,27827.72,0,0,0,0,0,0
OILGAS.BSE_IDX,01/07/2025,09:16:15,27840.17,0,0,0,0,0,0
OILGAS.BSE_IDX,01/07/2025,09:16:24,27853.05,0,0,0,0,0,0
OILGAS.BSE_IDX,01/07/2025,09:16:31,27847.87,0,0,0,0,0,0
OILGAS.BSE_IDX,01/07/2025,09:16:39,27846.89,0,0,0,0,0,0
OILGAS.BSE_IDX,01/07/2025,09:16:48,27842.98,0,0,0,0,0,0
OILGAS.BSE_IDX,01/07/2025,09:16:55,27850.09,0,0,0,0,0,0
OILGAS.BSE_IDX,01/07/2025,09:17:03,27858.64,0,0,0,0,0,0
OILGAS.BSE_IDX,01/07/2025,09:17:12,27875.07,0,0,0,0,0,0
OILGAS.BSE_IDX,01/07/2025,09:17:19,27877.35,0,0,0,0,0,0
OILGAS.BSE_IDX,01/07/2025,09:17:27,27894.78,0,0,0,0,0,0
OILGAS.BSE_IDX,01/07/2025,09:17:35,27891.92,0,0,0,0,0,0
OILGAS.BSE_IDX,01/07/2025,09:17:44,27897.34,0,0,0,0,0,0
OILGAS.BSE_IDX,01/07/2025,09:17:51,27896.08,0,0,0,0,0,0
OILGAS.BSE_IDX,01/07/2025,09:17:59,27899.12,0,0,0,0,0,0
OILGAS.BSE_IDX,01/07/2025,09:18:07,27902.9,0,0,0,0,0,0
OILGAS.BSE_IDX,01/07/2025,09:18:15,27913.8,0,0,0,0,0,0
OILGAS.BSE_IDX,01/07/2025,09:18:23,27912.65,0,0,0,0,0,0
OILGAS.BSE_IDX,01/07/2025,09:18:31,27911.64,0,0,0,0,0,0
OILGAS.BSE_IDX,01/07/2025,09:18:39,27914.36,0,0,0,0,0,0
OILGAS.BSE_IDX,01/07/2025,09:18:47,27915.92,0,0,0,0,0,0
OILGAS.BSE_IDX,01/07/2025,09:18:56,27917.98,0,0,0,0,0,0
OILGAS.BSE_IDX,01/07/2025,09:19:03,27919.49,0,0,0,0,0,0
OILGAS.BSE_IDX,01/07/2025,09:19:11,27914.35,0,0,0,0,0,0
OILGAS.BSE_IDX,01/07/2025,09:19:19,27927.42,0,0,0,0,0,0
OILGAS.BSE_IDX,01/07/2025,09:19:28,27925.96,0,0,0,0,0,0
OILGAS.BSE_IDX,01/07/2025,09:19:35,27933.76,0,0,0,0,0,0
OILGAS.BSE_IDX,01/07/2025,09:19:43,27922.14,0,0,0,0,0,0
OILGAS.BSE_IDX,01/07/2025,09:19:52,27933.83,0,0,0,0,0,0
OILGAS.BSE_IDX,01/07/2025,09:19:59,27926.28,0,0,0,0,0,0
OILGAS.BSE_IDX,01/07/2025,09:20:07,27927.4,0,0,0,0,0,0
OILGAS.BSE_IDX,01/07/2025,09:20:15,27930.24,0,0,0,0,0,0
OILGAS.BSE_IDX,01/07/2025,09:20:24,27927.05,0,0,0,0,0,0
OILGAS.BSE_IDX,01/07/2025,09:20:31,27924.1,0,0,0,0,0,0
OILGAS.BSE_IDX,01/07/2025,09:20:39,27929.81,0,0,0,0,0,0
OILGAS.BSE_IDX,01/07/2025,09:20:47,27924.11,0,0,0,0,0,0
OILGAS.BSE_IDX,01/07/2025,09:20:55,27925.53,0,0,0,0,0,0
OILGAS.BSE_IDX,01/07/2025,09:21:03,27919.91,0,0,0,0,0,0
OILGAS.BSE_IDX,01/07/2025,09:21:11,27919.54,0,0,0,0,0,0
OILGAS.BSE_IDX,01/07/2025,09:21:19,27922.95,0,0,0,0,0,0
OILGAS.BSE_IDX,01/07/2025,09:21:27,27923.39,0,0,0,0,0,0
OILGAS.BSE_IDX,01/07/2025,09:21:36,27919.47,0,0,0,0,0,0
OILGAS.BSE_IDX,01/07/2025,09:21:43,27922.92,0,0,0,0,0,0
OILGAS.BSE_IDX,01/07/2025,09:21:51,27923.3,0,0,0,0,0,0
OILGAS.BSE_IDX,01/07/2025,09:21:59,27925.63,0,0,0,0,0,0
OILGAS.BSE_IDX,01/07/2025,09:22:07,27921.16,0,0,0,0,0,0
OILGAS.BSE_IDX,01/07/2025,09:22:15,27925.72,0,0,0,0,0,0
OILGAS.BSE_IDX,01/07/2025,09:22:23,27934.71,0,0,0,0,0,0
OILGAS.BSE_IDX,01/07/2025,09:22:31,27939.99,0,0,0,0,0,0
OILGAS.BSE_IDX,01/07/2025,09:22:39,27946.94,0,0,0,0,0,0
OILGAS.BSE_IDX,01/07/2025,09:22:47,27939.04,0,0,0,0,0,0
OILGAS.BSE_IDX,01/07/2025,09:22:55,27944.02,0,0,0,0,0,0
OILGAS.BSE_IDX,01/07/2025,09:23:03,27943.32,0,0,0,0,0,0
OILGAS.BSE_IDX,01/07/2025,09:23:11,27938.51,0,0,0,0,0,0
OILGAS.BSE_IDX,01/07/2025,09:23:19,27936.84,0,0,0,0,0,0
OILGAS.BSE_IDX,01/07/2025,09:23:27,27939.52,0,0,0,0,0,0
OILGAS.BSE_IDX,01/07/2025,09:23:35,27943.39,0,0,0,0,0,0
OILGAS.BSE_IDX,01/07/2025,09:23:44,27948.36,0,0,0,0,0,0
OILGAS.BSE_IDX,01/07/2025,09:23:51,27943.67,0,0,0,0,0,0
OILGAS.BSE_IDX,01/07/2025,09:23:59,27941.56,0,0,0,0,0,0
OILGAS.BSE_IDX,01/07/2025,09:24:08,27948.98,0,0,0,0,0,0
OILGAS.BSE_IDX,01/07/2025,09:24:15,27957.86,0,0,0,0,0,0
OILGAS.BSE_IDX,01/07/2025,09:24:23,27954.32,0,0,0,0,0,0
OILGAS.BSE_IDX,01/07/2025,09:24:32,27959.01,0,0,0,0,0,0
OILGAS.BSE_IDX,01/07/2025,09:24:39,27961.66,0,0,0,0,0,0
OILGAS.BSE_IDX,01/07/2025,09:24:48,27969.47,0,0,0,0,0,0
OILGAS.BSE_IDX,01/07/2025,09:24:57,27971.81,0,0,0,0,0,0
OILGAS.BSE_IDX,01/07/2025,09:25:03,27967.38,0,0,0,0,0,0
OILGAS.BSE_IDX,01/07/2025,09:25:12,27968.43,0,0,0,0,0,0
OILGAS.BSE_IDX,01/07/2025,09:25:19,27975.36,0,0,0,0,0,0
OILGAS.BSE_IDX,01/07/2025,09:25:29,27987.63,0,0,0,0,0,0
OILGAS.BSE_IDX,01/07/2025,09:25:35,27996.41,0,0,0,0,0,0
OILGAS.BSE_IDX,01/07/2025,09:25:43,27993.29,0,0,0,0,0,0
OILGAS.BSE_IDX,01/07/2025,09:25:51,27991.78,0,0,0,0,0,0
OILGAS.BSE_IDX,01/07/2025,09:25:59,27998.53,0,0,0,0,0,0
OILGAS.BSE_IDX,01/07/2025,09:26:08,28000.7,0,0,0,0,0,0
OILGAS.BSE_IDX,01/07/2025,09:26:15,27996.27,0,0,0,0,0,0
OILGAS.BSE_IDX,01/07/2025,09:26:23,28000.99,0,0,0,0,0,0
OILGAS.BSE_IDX,01/07/2025,09:26:31,27998.24,0,0,0,0,0,0
OILGAS.BSE_IDX,01/07/2025,09:26:39,27991.08,0,0,0,0,0,0
OILGAS.BSE_IDX,01/07/2025,09:26:48,27989.53,0,0,0,0,0,0
OILGAS.BSE_IDX,01/07/2025,09:26:55,28000.97,0,0,0,0,0,0
OILGAS.BSE_IDX,01/07/2025,09:27:04,28009.7,0,0,0,0,0,0
OILGAS.BSE_IDX,01/07/2025,09:27:12,28002.32,0,0,0,0,0,0
OILGAS.BSE_IDX,01/07/2025,09:27:19,28002.07,0,0,0,0,0,0
OILGAS.BSE_IDX,01/07/2025,09:27:28,28004.17,0,0,0,0,0,0
OILGAS.BSE_IDX,01/07/2025,09:27:36,28007.23,0,0,0,0,0,0
OILGAS.BSE_IDX,01/07/2025,09:27:44,28001.53,0,0,0,0,0,0
OILGAS.BSE_IDX,01/07/2025,09:27:51,28003.53,0,0,0,0,0,0
OILGAS.BSE_IDX,01/07/2025,09:28:00,28004.75,0,0,0,0,0,0
OILGAS.BSE_IDX,01/07/2025,09:28:08,27994.83,0,0,0,0,0,0
OILGAS.BSE_IDX,01/07/2025,09:28:16,27998.69,0,0,0,0,0,0
OILGAS.BSE_IDX,01/07/2025,09:28:24,27996.94,0,0,0,0,0,0
OILGAS.BSE_IDX,01/07/2025,09:28:32,27998.77,0,0,0,0,0,0
OILGAS.BSE_IDX,01/07/2025,09:28:40,27995.44,0,0,0,0,0,0
OILGAS.BSE_IDX,01/07/2025,09:28:48,27998,0,0,0,0,0,0
OILGAS.BSE_IDX,01/07/2025,09:28:56,27996.25,0,0,0,0,0,0
OILGAS.BSE_IDX,01/07/2025,09:29:04,28000.48,0,0,0,0,0,0
OILGAS.BSE_IDX,01/07/2025,09:29:12,28001.64,0,0,0,0,0,0
OILGAS.BSE_IDX,01/07/2025,09:29:20,27996.61,0,0,0,0,0,0
OILGAS.BSE_IDX,01/07/2025,09:29:28,28002.13,0,0,0,0,0,0
OILGAS.BSE_IDX,01/07/2025,09:29:36,28001.35,0,0,0,0,0,0
OILGAS.BSE_IDX,01/07/2025,09:29:44,27995.46,0,0,0,0,0,0
OILGAS.BSE_IDX,01/07/2025,09:29:52,27996.93,0,0,0,0,0,0
OILGAS.BSE_IDX,01/07/2025,09:30:00,27995.15,0,0,0,0,0,0
OILGAS.BSE_IDX,01/07/2025,09:30:08,27997.36,0,0,0,0,0,0
OILGAS.BSE_IDX,01/07/2025,09:30:16,28013.08,0,0,0,0,0,0
OILGAS.BSE_IDX,01/07/2025,09:30:24,28020.01,0,0,0,0,0,0
OILGAS.BSE_IDX,01/07/2025,09:30:32,28024.64,0,0,0,0,0,0
OILGAS.BSE_IDX,01/07/2025,09:30:40,28028.84,0,0,0,0,0,0
OILGAS.BSE_IDX,01/07/2025,09:30:48,28029.92,0,0,0,0,0,0
OILGAS.BSE_IDX,01/07/2025,09:30:56,28027.56,0,0,0,0,0,0
OILGAS.BSE_IDX,01/07/2025,09:31:04,28022.03,0,0,0,0,0,0
OILGAS.BSE_IDX,01/07/2025,09:31:12,28008.78,0,0,0,0,0,0
OILGAS.BSE_IDX,01/07/2025,09:31:20,28003.04,0,0,0,0,0,0
OILGAS.BSE_IDX,01/07/2025,09:31:28,27999.49,0,0,0,0,0,0
OILGAS.BSE_IDX,01/07/2025,09:31:36,27989.99,0,0,0,0,0,0
OILGAS.BSE_IDX,01/07/2025,09:31:44,27982.09,0,0,0,0,0,0
OILGAS.BSE_IDX,01/07/2025,09:31:52,27980.92,0,0,0,0,0,0
OILGAS.BSE_IDX,01/07/2025,09:32:00,27986.56,0,0,0,0,0,0
OILGAS.BSE_IDX,01/07/2025,09:32:08,27984.06,0,0,0,0,0,0
OILGAS.BSE_IDX,01/07/2025,09:32:16,27980.61,0,0,0,0,0,0
OILGAS.BSE_IDX,01/07/2025,09:32:24,27973.32,0,0,0,0,0,0
OILGAS.BSE_IDX,01/07/2025,09:32:32,27974.26,0,0,0,0,0,0
OILGAS.BSE_IDX,01/07/2025,09:32:40,27977.15,0,0,0,0,0,0
OILGAS.BSE_IDX,01/07/2025,09:32:48,27978.74,0,0,0,0,0,0
OILGAS.BSE_IDX,01/07/2025,09:32:56,27981.24,0,0,0,0,0,0
OILGAS.BSE_IDX,01/07/2025,09:33:04,27980.85,0,0,0,0,0,0
OILGAS.BSE_IDX,01/07/2025,09:33:12,27974.04,0,0,0,0,0,0
OILGAS.BSE_IDX,01/07/2025,09:33:20,27972.74,0,0,0,0,0,0
OILGAS.BSE_IDX,01/07/2025,09:33:28,27979.35,0,0,0,0,0,0
OILGAS.BSE_IDX,01/07/2025,09:33:36,27980.09,0,0,0,0,0,0
OILGAS.BSE_IDX,01/07/2025,09:33:44,27977.95,0,0,0,0,0,0
OILGAS.BSE_IDX,01/07/2025,09:33:52,27974.33,0,0,0,0,0,0
OILGAS.BSE_IDX,01/07/2025,09:34:00,27968.28,0,0,0,0,0,0
OILGAS.BSE_IDX,01/07/2025,09:34:08,27970.67,0,0,0,0,0,0
OILGAS.BSE_IDX,01/07/2025,09:34:16,27971.74,0,0,0,0,0,0
OILGAS.BSE_IDX,01/07/2025,09:34:24,27975.18,0,0,0,0,0,0
OILGAS.BSE_IDX,01/07/2025,09:34:32,27975.56,0,0,0,0,0,0
OILGAS.BSE_IDX,01/07/2025,09:34:40,27977.63,0,0,0,0,0,0
OILGAS.BSE_IDX,01/07/2025,09:34:48,27984.11,0,0,0,0,0,0
OILGAS.BSE_IDX,01/07/2025,09:34:56,27986.84,0,0,0,0,0,0
OILGAS.BSE_IDX,01/07/2025,09:35:05,27981.72,0,0,0,0,0,0
OILGAS.BSE_IDX,01/07/2025,09:35:12,27978.96,0,0,0,0,0,0
OILGAS.BSE_IDX,01/07/2025,09:35:20,27972.73,0,0,0,0,0,0
OILGAS.BSE_IDX,01/07/2025,09:35:28,27971.69,0,0,0,0,0,0
OILGAS.BSE_IDX,01/07/2025,09:35:36,27973.94,0,0,0,0,0,0
OILGAS.BSE_IDX,01/07/2025,09:35:44,27973.67,0,0,0,0,0,0
OILGAS.BSE_IDX,01/07/2025,09:35:52,27969.05,0,0,0,0,0,0
OILGAS.BSE_IDX,01/07/2025,09:36:00,27968.21,0,0,0,0,0,0
OILGAS.BSE_IDX,01/07/2025,09:36:08,27965.74,0,0,0,0,0,0
OILGAS.BSE_IDX,01/07/2025,09:36:16,27964.27,0,0,0,0,0,0
OILGAS.BSE_IDX,01/07/2025,09:36:24,27958.14,0,0,0,0,0,0
OILGAS.BSE_IDX,01/07/2025,09:36:33,27955.35,0,0,0,0,0,0
OILGAS.BSE_IDX,01/07/2025,09:36:40,27953.49,0,0,0,0,0,0
OILGAS.BSE_IDX,01/07/2025,09:36:48,27963.03,0,0,0,0,0,0
OILGAS.BSE_IDX,01/07/2025,09:36:56,27959.04,0,0,0,0,0,0
OILGAS.BSE_IDX,01/07/2025,09:37:04,27966.56,0,0,0,0,0,0
OILGAS.BSE_IDX,01/07/2025,09:37:12,27961.42,0,0,0,0,0,0
OILGAS.BSE_IDX,01/07/2025,09:37:20,27968.86,0,0,0,0,0,0
OILGAS.BSE_IDX,01/07/2025,09:37:28,27970.98,0,0,0,0,0,0
OILGAS.BSE_IDX,01/07/2025,09:37:36,27963.25,0,0,0,0,0,0
OILGAS.BSE_IDX,01/07/2025,09:37:44,27969.84,0,0,0,0,0,0
OILGAS.BSE_IDX,01/07/2025,09:37:52,27963.17,0,0,0,0,0,0
OILGAS.BSE_IDX,01/07/2025,09:38:00,27966.06,0,0,0,0,0,0
OILGAS.BSE_IDX,01/07/2025,09:38:08,27954.94,0,0,0,0,0,0
OILGAS.BSE_IDX,01/07/2025,09:38:16,27950.97,0,0,0,0,0,0
OILGAS.BSE_IDX,01/07/2025,09:38:24,27959.15,0,0,0,0,0,0
OILGAS.BSE_IDX,01/07/2025,09:38:32,27953.24,0,0,0,0,0,0
OILGAS.BSE_IDX,01/07/2025,09:38:40,27950.89,0,0,0,0,0,0
OILGAS.BSE_IDX,01/07/2025,09:38:48,27948.38,0,0,0,0,0,0
OILGAS.BSE_IDX,01/07/2025,09:38:56,27945.39,0,0,0,0,0,0
OILGAS.BSE_IDX,01/07/2025,09:39:04,27940.43,0,0,0,0,0,0
OILGAS.BSE_IDX,01/07/2025,09:39:12,27940.38,0,0,0,0,0,0
OILGAS.BSE_IDX,01/07/2025,09:39:20,27939.46,0,0,0,0,0,0
OILGAS.BSE_IDX,01/07/2025,09:39:28,27937.26,0,0,0,0,0,0
OILGAS.BSE_IDX,01/07/2025,09:39:36,27936.05,0,0,0,0,0,0
OILGAS.BSE_IDX,01/07/2025,09:39:44,27940.04,0,0,0,0,0,0
OILGAS.BSE_IDX,01/07/2025,09:39:52,27945.36,0,0,0,0,0,0
OILGAS.BSE_IDX,01/07/2025,09:40:00,27949.05,0,0,0,0,0,0
OILGAS.BSE_IDX,01/07/2025,09:40:08,27950.74,0,0,0,0,0,0
OILGAS.BSE_IDX,01/07/2025,09:40:16,27949.2,0,0,0,0,0,0
OILGAS.BSE_IDX,01/07/2025,09:40:24,27958.28,0,0,0,0,0,0
OILGAS.BSE_IDX,01/07/2025,09:40:32,27952.72,0,0,0,0,0,0
OILGAS.BSE_IDX,01/07/2025,09:40:40,27952.47,0,0,0,0,0,0
OILGAS.BSE_IDX,01/07/2025,09:40:48,27951.27,0,0,0,0,0,0
OILGAS.BSE_IDX,01/07/2025,09:40:56,27953.19,0,0,0,0,0,0
OILGAS.BSE_IDX,01/07/2025,09:41:04,27948.72,0,0,0,0,0,0
OILGAS.BSE_IDX,01/07/2025,09:41:12,27948.49,0,0,0,0,0,0
OILGAS.BSE_IDX,01/07/2025,09:41:20,27946.86,0,0,0,0,0,0
OILGAS.BSE_IDX,01/07/2025,09:41:28,27946.49,0,0,0,0,0,0
OILGAS.BSE_IDX,01/07/2025,09:41:36,27949.44,0,0,0,0,0,0
OILGAS.BSE_IDX,01/07/2025,09:41:44,27946.29,0,0,0,0,0,0
OILGAS.BSE_IDX,01/07/2025,09:41:52,27941.8,0,0,0,0,0,0
OILGAS.BSE_IDX,01/07/2025,09:42:00,27938.03,0,0,0,0,0,0
OILGAS.BSE_IDX,01/07/2025,09:42:08,27937.68,0,0,0,0,0,0
OILGAS.BSE_IDX,01/07/2025,09:42:16,27924.84,0,0,0,0,0,0
OILGAS.BSE_IDX,01/07/2025,09:42:24,27919.48,0,0,0,0,0,0
OILGAS.BSE_IDX,01/07/2025,09:42:32,27915.66,0,0,0,0,0,0
OILGAS.BSE_IDX,01/07/2025,09:42:40,27916.83,0,0,0,0,0,0
OILGAS.BSE_IDX,01/07/2025,09:42:48,27922.32,0,0,0,0,0,0
OILGAS.BSE_IDX,01/07/2025,09:42:56,27928.46,0,0,0,0,0,0
OILGAS.BSE_IDX,01/07/2025,09:43:04,27925.11,0,0,0,0,0,0
OILGAS.BSE_IDX,01/07/2025,09:43:12,27928.11,0,0,0,0,0,0
OILGAS.BSE_IDX,01/07/2025,09:43:20,27929.52,0,0,0,0,0,0
OILGAS.BSE_IDX,01/07/2025,09:43:28,27930.65,0,0,0,0,0,0
OILGAS.BSE_IDX,01/07/2025,09:43:36,27930.72,0,0,0,0,0,0
OILGAS.BSE_IDX,01/07/2025,09:43:44,27932.45,0,0,0,0,0,0
OILGAS.BSE_IDX,01/07/2025,09:43:53,27932.36,0,0,0,0,0,0
OILGAS.BSE_IDX,01/07/2025,09:44:00,27932.66,0,0,0,0,0,0
OILGAS.BSE_IDX,01/07/2025,09:44:08,27930.69,0,0,0,0,0,0
OILGAS.BSE_IDX,01/07/2025,09:44:16,27929.57,0,0,0,0,0,0
OILGAS.BSE_IDX,01/07/2025,09:44:24,27937.46,0,0,0,0,0,0
OILGAS.BSE_IDX,01/07/2025,09:44:32,27936.23,0,0,0,0,0,0
OILGAS.BSE_IDX,01/07/2025,09:44:40,27935.6,0,0,0,0,0,0
OILGAS.BSE_IDX,01/07/2025,09:44:48,27937.47,0,0,0,0,0,0
OILGAS.BSE_IDX,01/07/2025,09:44:56,27933.39,0,0,0,0,0,0
OILGAS.BSE_IDX,01/07/2025,09:45:05,27928.09,0,0,0,0,0,0
OILGAS.BSE_IDX,01/07/2025,09:45:12,27927.08,0,0,0,0,0,0
OILGAS.BSE_IDX,01/07/2025,09:45:20,27922.91,0,0,0,0,0,0
OILGAS.BSE_IDX,01/07/2025,09:45:28,27928.03,0,0,0,0,0,0
OILGAS.BSE_IDX,01/07/2025,09:45:36,27932.37,0,0,0,0,0,0
OILGAS.BSE_IDX,01/07/2025,09:45:44,27930.87,0,0,0,0,0,0
OILGAS.BSE_IDX,01/07/2025,09:45:52,27930.02,0,0,0,0,0,0
OILGAS.BSE_IDX,01/07/2025,09:46:01,27931.52,0,0,0,0,0,0
OILGAS.BSE_IDX,01/07/2025,09:46:08,27932.01,0,0,0,0,0,0
OILGAS.BSE_IDX,01/07/2025,09:46:16,27938.9,0,0,0,0,0,0
OILGAS.BSE_IDX,01/07/2025,09:46:24,27936.15,0,0,0,0,0,0
OILGAS.BSE_IDX,01/07/2025,09:46:32,27932.6,0,0,0,0,0,0
OILGAS.BSE_IDX,01/07/2025,09:46:40,27937.58,0,0,0,0,0,0
OILGAS.BSE_IDX,01/07/2025,09:46:48,27936.81,0,0,0,0,0,0
OILGAS.BSE_IDX,01/07/2025,09:46:56,27934.91,0,0,0,0,0,0
OILGAS.BSE_IDX,01/07/2025,09:47:04,27930.5,0,0,0,0,0,0
OILGAS.BSE_IDX,01/07/2025,09:47:12,27932.61,0,0,0,0,0,0
OILGAS.BSE_IDX,01/07/2025,09:47:20,27930,0,0,0,0,0,0
OILGAS.BSE_IDX,01/07/2025,09:47:28,27932.48,0,0,0,0,0,0
OILGAS.BSE_IDX,01/07/2025,09:47:36,27930.4,0,0,0,0,0,0
OILGAS.BSE_IDX,01/07/2025,09:47:44,27936,0,0,0,0,0,0
OILGAS.BSE_IDX,01/07/2025,09:47:52,27933.05,0,0,0,0,0,0
OILGAS.BSE_IDX,01/07/2025,09:48:00,27941.81,0,0,0,0,0,0
OILGAS.BSE_IDX,01/07/2025,09:48:08,27948.96,0,0,0,0,0,0
OILGAS.BSE_IDX,01/07/2025,09:48:16,27953.5,0,0,0,0,0,0
OILGAS.BSE_IDX,01/07/2025,09:48:24,27951.88,0,0,0,0,0,0
OILGAS.BSE_IDX,01/07/2025,09:48:32,27955.18,0,0,0,0,0,0
OILGAS.BSE_IDX,01/07/2025,09:48:40,27956.57,0,0,0,0,0,0
OILGAS.BSE_IDX,01/07/2025,09:48:48,27952.17,0,0,0,0,0,0
OILGAS.BSE_IDX,01/07/2025,09:48:56,27953.58,0,0,0,0,0,0
OILGAS.BSE_IDX,01/07/2025,09:49:04,27949.38,0,0,0,0,0,0
OILGAS.BSE_IDX,01/07/2025,09:49:12,27954.14,0,0,0,0,0,0
OILGAS.BSE_IDX,01/07/2025,09:49:20,27956.46,0,0,0,0,0,0
OILGAS.BSE_IDX,01/07/2025,09:49:28,27968.27,0,0,0,0,0,0
OILGAS.BSE_IDX,01/07/2025,09:49:36,27968.27,0,0,0,0,0,0
OILGAS.BSE_IDX,01/07/2025,09:49:44,27973.31,0,0,0,0,0,0
OILGAS.BSE_IDX,01/07/2025,09:49:52,27973.04,0,0,0,0,0,0
OILGAS.BSE_IDX,01/07/2025,09:50:00,27974.6,0,0,0,0,0,0
OILGAS.BSE_IDX,01/07/2025,09:50:08,27975.96,0,0,0,0,0,0
OILGAS.BSE_IDX,01/07/2025,09:50:16,27976.37,0,0,0,0,0,0
OILGAS.BSE_IDX,01/07/2025,09:50:24,27978.95,0,0,0,0,0,0
OILGAS.BSE_IDX,01/07/2025,09:50:32,27975.81,0,0,0,0,0,0
OILGAS.BSE_IDX,01/07/2025,09:50:40,27971.39,0,0,0,0,0,0
OILGAS.BSE_IDX,01/07/2025,09:50:48,27972.09,0,0,0,0,0,0
OILGAS.BSE_IDX,01/07/2025,09:50:57,27951.39,0,0,0,0,0,0
OILGAS.BSE_IDX,01/07/2025,09:51:04,27955.13,0,0,0,0,0,0
OILGAS.BSE_IDX,01/07/2025,09:51:12,27964.82,0,0,0,0,0,0
OILGAS.BSE_IDX,01/07/2025,09:51:20,27963.45,0,0,0,0,0,0
OILGAS.BSE_IDX,01/07/2025,09:51:28,27966.3,0,0,0,0,0,0
OILGAS.BSE_IDX,01/07/2025,09:51:37,27959.04,0,0,0,0,0,0
OILGAS.BSE_IDX,01/07/2025,09:51:44,27955.2,0,0,0,0,0,0
OILGAS.BSE_IDX,01/07/2025,09:51:52,27956.93,0,0,0,0,0,0
OILGAS.BSE_IDX,01/07/2025,09:52:01,27953.72,0,0,0,0,0,0
OILGAS.BSE_IDX,01/07/2025,09:52:08,27950.04,0,0,0,0,0,0
OILGAS.BSE_IDX,01/07/2025,09:52:17,27949.92,0,0,0,0,0,0
OILGAS.BSE_IDX,01/07/2025,09:52:24,27944.26,0,0,0,0,0,0
OILGAS.BSE_IDX,01/07/2025,09:52:32,27950.41,0,0,0,0,0,0
OILGAS.BSE_IDX,01/07/2025,09:52:40,27959.45,0,0,0,0,0,0
OILGAS.BSE_IDX,01/07/2025,09:52:48,27955.59,0,0,0,0,0,0
OILGAS.BSE_IDX,01/07/2025,09:52:57,27954.92,0,0,0,0,0,0
OILGAS.BSE_IDX,01/07/2025,09:53:04,27954.05,0,0,0,0,0,0
OILGAS.BSE_IDX,01/07/2025,09:53:13,27951.86,0,0,0,0,0,0
OILGAS.BSE_IDX,01/07/2025,09:53:20,27950.07,0,0,0,0,0,0
OILGAS.BSE_IDX,01/07/2025,09:53:28,27947.97,0,0,0,0,0,0
OILGAS.BSE_IDX,01/07/2025,09:53:36,27950.39,0,0,0,0,0,0
OILGAS.BSE_IDX,01/07/2025,09:53:44,27941.48,0,0,0,0,0,0
OILGAS.BSE_IDX,01/07/2025,09:53:52,27940.91,0,0,0,0,0,0
OILGAS.BSE_IDX,01/07/2025,09:54:00,27938.06,0,0,0,0,0,0
OILGAS.BSE_IDX,01/07/2025,09:54:08,27937.75,0,0,0,0,0,0
OILGAS.BSE_IDX,01/07/2025,09:54:16,27942.64,0,0,0,0,0,0
OILGAS.BSE_IDX,01/07/2025,09:54:24,27942.87,0,0,0,0,0,0
OILGAS.BSE_IDX,01/07/2025,09:54:32,27944.6,0,0,0,0,0,0
OILGAS.BSE_IDX,01/07/2025,09:54:40,27943.68,0,0,0,0,0,0
OILGAS.BSE_IDX,01/07/2025,09:54:48,27943.68,0,0,0,0,0,0
OILGAS.BSE_IDX,01/07/2025,09:54:56,27940.54,0,0,0,0,0,0
OILGAS.BSE_IDX,01/07/2025,09:55:04,27937.15,0,0,0,0,0,0
OILGAS.BSE_IDX,01/07/2025,09:55:12,27933.64,0,0,0,0,0,0
OILGAS.BSE_IDX,01/07/2025,09:55:20,27933.88,0,0,0,0,0,0
OILGAS.BSE_IDX,01/07/2025,09:55:28,27933.88,0,0,0,0,0,0
OILGAS.BSE_IDX,01/07/2025,09:55:36,27936,0,0,0,0,0,0
OILGAS.BSE_IDX,01/07/2025,09:55:44,27935.18,0,0,0,0,0,0
OILGAS.BSE_IDX,01/07/2025,09:55:52,27933.04,0,0,0,0,0,0
OILGAS.BSE_IDX,01/07/2025,09:56:00,27941.28,0,0,0,0,0,0
OILGAS.BSE_IDX,01/07/2025,09:56:08,27942.94,0,0,0,0,0,0
OILGAS.BSE_IDX,01/07/2025,09:56:16,27940.54,0,0,0,0,0,0
OILGAS.BSE_IDX,01/07/2025,09:56:25,27945.7,0,0,0,0,0,0
OILGAS.BSE_IDX,01/07/2025,09:56:32,27941.8,0,0,0,0,0,0
OILGAS.BSE_IDX,01/07/2025,09:56:41,27940.98,0,0,0,0,0,0
OILGAS.BSE_IDX,01/07/2025,09:56:48,27945.37,0,0,0,0,0,0
OILGAS.BSE_IDX,01/07/2025,09:56:57,27940.47,0,0,0,0,0,0
OILGAS.BSE_IDX,01/07/2025,09:57:04,27941.85,0,0,0,0,0,0
OILGAS.BSE_IDX,01/07/2025,09:57:12,27945.31,0,0,0,0,0,0
OILGAS.BSE_IDX,01/07/2025,09:57:20,27946.18,0,0,0,0,0,0
OILGAS.BSE_IDX,01/07/2025,09:57:28,27943.3,0,0,0,0,0,0
OILGAS.BSE_IDX,01/07/2025,09:57:36,27943.49,0,0,0,0,0,0
OILGAS.BSE_IDX,01/07/2025,09:57:44,27943.82,0,0,0,0,0,0
OILGAS.BSE_IDX,01/07/2025,09:57:52,27943.23,0,0,0,0,0,0
OILGAS.BSE_IDX,01/07/2025,09:58:00,27941.58,0,0,0,0,0,0
OILGAS.BSE_IDX,01/07/2025,09:58:08,27939.87,0,0,0,0,0,0
OILGAS.BSE_IDX,01/07/2025,09:58:16,27938.91,0,0,0,0,0,0
OILGAS.BSE_IDX,01/07/2025,09:58:24,27941.2,0,0,0,0,0,0
OILGAS.BSE_IDX,01/07/2025,09:58:32,27942.11,0,0,0,0,0,0
OILGAS.BSE_IDX,01/07/2025,09:58:40,27944.61,0,0,0,0,0,0
OILGAS.BSE_IDX,01/07/2025,09:58:48,27951.15,0,0,0,0,0,0
OILGAS.BSE_IDX,01/07/2025,09:58:56,27950.61,0,0,0,0,0,0
OILGAS.BSE_IDX,01/07/2025,09:59:05,27944.96,0,0,0,0,0,0
OILGAS.BSE_IDX,01/07/2025,09:59:12,27947.99,0,0,0,0,0,0
OILGAS.BSE_IDX,01/07/2025,09:59:20,27946.72,0,0,0,0,0,0
OILGAS.BSE_IDX,01/07/2025,09:59:28,27952.95,0,0,0,0,0,0
OILGAS.BSE_IDX,01/07/2025,09:59:36,27951.04,0,0,0,0,0,0
OILGAS.BSE_IDX,01/07/2025,09:59:45,27952.7,0,0,0,0,0,0
OILGAS.BSE_IDX,01/07/2025,09:59:52,27954.62,0,0,0,0,0,0
OILGAS.BSE_IDX,01/07/2025,10:00:00,27948.08,0,0,0,0,0,0
OILGAS.BSE_IDX,01/07/2025,10:00:08,27950.13,0,0,0,0,0,0
OILGAS.BSE_IDX,01/07/2025,10:00:16,27952.52,0,0,0,0,0,0
OILGAS.BSE_IDX,01/07/2025,10:00:24,27953.91,0,0,0,0,0,0
OILGAS.BSE_IDX,01/07/2025,10:00:32,27948.17,0,0,0,0,0,0
OILGAS.BSE_IDX,01/07/2025,10:00:40,27949.14,0,0,0,0,0,0
OILGAS.BSE_IDX,01/07/2025,10:00:48,27948.98,0,0,0,0,0,0
OILGAS.BSE_IDX,01/07/2025,10:00:56,27951.67,0,0,0,0,0,0
OILGAS.BSE_IDX,01/07/2025,10:01:04,27949.37,0,0,0,0,0,0
OILGAS.BSE_IDX,01/07/2025,10:01:12,27943.49,0,0,0,0,0,0
OILGAS.BSE_IDX,01/07/2025,10:01:21,27944.21,0,0,0,0,0,0
OILGAS.BSE_IDX,01/07/2025,10:01:28,27940.69,0,0,0,0,0,0
OILGAS.BSE_IDX,01/07/2025,10:01:36,27940.22,0,0,0,0,0,0
OILGAS.BSE_IDX,01/07/2025,10:01:44,27943.37,0,0,0,0,0,0
OILGAS.BSE_IDX,01/07/2025,10:01:52,27942.46,0,0,0,0,0,0
OILGAS.BSE_IDX,01/07/2025,10:02:00,27940.73,0,0,0,0,0,0
OILGAS.BSE_IDX,01/07/2025,10:02:08,27941.11,0,0,0,0,0,0
OILGAS.BSE_IDX,01/07/2025,10:02:16,27938.8,0,0,0,0,0,0
OILGAS.BSE_IDX,01/07/2025,10:02:24,27931.01,0,0,0,0,0,0
OILGAS.BSE_IDX,01/07/2025,10:02:32,27924.35,0,0,0,0,0,0
OILGAS.BSE_IDX,01/07/2025,10:02:41,27924.36,0,0,0,0,0,0
OILGAS.BSE_IDX,01/07/2025,10:02:49,27932.49,0,0,0,0,0,0
OILGAS.BSE_IDX,01/07/2025,10:02:56,27926.06,0,0,0,0,0,0
OILGAS.BSE_IDX,01/07/2025,10:03:04,27927.19,0,0,0,0,0,0
OILGAS.BSE_IDX,01/07/2025,10:03:13,27931.32,0,0,0,0,0,0
OILGAS.BSE_IDX,01/07/2025,10:03:20,27925.07,0,0,0,0,0,0
OILGAS.BSE_IDX,01/07/2025,10:03:29,27924.5,0,0,0,0,0,0
OILGAS.BSE_IDX,01/07/2025,10:03:37,27922.35,0,0,0,0,0,0
OILGAS.BSE_IDX,01/07/2025,10:03:45,27925.09,0,0,0,0,0,0
OILGAS.BSE_IDX,01/07/2025,10:03:53,27923.98,0,0,0,0,0,0
OILGAS.BSE_IDX,01/07/2025,10:04:01,27921.03,0,0,0,0,0,0
OILGAS.BSE_IDX,01/07/2025,10:04:09,27921.49,0,0,0,0,0,0
OILGAS.BSE_IDX,01/07/2025,10:04:17,27915.85,0,0,0,0,0,0
OILGAS.BSE_IDX,01/07/2025,10:04:25,27917.84,0,0,0,0,0,0
OILGAS.BSE_IDX,01/07/2025,10:04:33,27924.29,0,0,0,0,0,0
OILGAS.BSE_IDX,01/07/2025,10:04:41,27927.09,0,0,0,0,0,0
OILGAS.BSE_IDX,01/07/2025,10:04:50,27924.39,0,0,0,0,0,0
OILGAS.BSE_IDX,01/07/2025,10:04:57,27924.03,0,0,0,0,0,0
OILGAS.BSE_IDX,01/07/2025,10:05:05,27924.06,0,0,0,0,0,0
OILGAS.BSE_IDX,01/07/2025,10:05:14,27918.53,0,0,0,0,0,0
OILGAS.BSE_IDX,01/07/2025,10:05:21,27917.95,0,0,0,0,0,0
OILGAS.BSE_IDX,01/07/2025,10:05:29,27912.99,0,0,0,0,0,0
OILGAS.BSE_IDX,01/07/2025,10:05:37,27907.57,0,0,0,0,0,0
OILGAS.BSE_IDX,01/07/2025,10:05:45,27912.8,0,0,0,0,0,0
OILGAS.BSE_IDX,01/07/2025,10:05:53,27918.47,0,0,0,0,0,0
OILGAS.BSE_IDX,01/07/2025,10:06:01,27916.28,0,0,0,0,0,0
OILGAS.BSE_IDX,01/07/2025,10:06:09,27919.52,0,0,0,0,0,0
OILGAS.BSE_IDX,01/07/2025,10:06:17,27920.53,0,0,0,0,0,0
OILGAS.BSE_IDX,01/07/2025,10:06:25,27923.86,0,0,0,0,0,0
OILGAS.BSE_IDX,01/07/2025,10:06:33,27926.61,0,0,0,0,0,0
OILGAS.BSE_IDX,01/07/2025,10:06:41,27927.84,0,0,0,0,0,0
OILGAS.BSE_IDX,01/07/2025,10:06:49,27925.87,0,0,0,0,0,0
OILGAS.BSE_IDX,01/07/2025,10:06:57,27926.44,0,0,0,0,0,0
OILGAS.BSE_IDX,01/07/2025,10:07:05,27928.81,0,0,0,0,0,0
OILGAS.BSE_IDX,01/07/2025,10:07:13,27930.56,0,0,0,0,0,0
OILGAS.BSE_IDX,01/07/2025,10:07:21,27931.18,0,0,0,0,0,0
OILGAS.BSE_IDX,01/07/2025,10:07:29,27927.27,0,0,0,0,0,0
OILGAS.BSE_IDX,01/07/2025,10:07:37,27937.89,0,0,0,0,0,0
OILGAS.BSE_IDX,01/07/2025,10:07:45,27938.63,0,0,0,0,0,0
OILGAS.BSE_IDX,01/07/2025,10:07:53,27939.73,0,0,0,0,0,0
OILGAS.BSE_IDX,01/07/2025,10:08:01,27946.45,0,0,0,0,0,0
OILGAS.BSE_IDX,01/07/2025,10:08:09,27944.04,0,0,0,0,0,0
OILGAS.BSE_IDX,01/07/2025,10:08:17,27951.06,0,0,0,0,0,0
OILGAS.BSE_IDX,01/07/2025,10:08:25,27948.67,0,0,0,0,0,0
OILGAS.BSE_IDX,01/07/2025,10:08:33,27950.01,0,0,0,0,0,0
OILGAS.BSE_IDX,01/07/2025,10:08:41,27946.55,0,0,0,0,0,0
OILGAS.BSE_IDX,01/07/2025,10:08:49,27951.82,0,0,0,0,0,0
OILGAS.BSE_IDX,01/07/2025,10:08:57,27943.19,0,0,0,0,0,0
OILGAS.BSE_IDX,01/07/2025,10:09:05,27941.58,0,0,0,0,0,0
OILGAS.BSE_IDX,01/07/2025,10:09:13,27938.82,0,0,0,0,0,0
OILGAS.BSE_IDX,01/07/2025,10:09:21,27945.43,0,0,0,0,0,0
OILGAS.BSE_IDX,01/07/2025,10:09:29,27942.28,0,0,0,0,0,0
OILGAS.BSE_IDX,01/07/2025,10:09:37,27942.86,0,0,0,0,0,0
OILGAS.BSE_IDX,01/07/2025,10:09:45,27943.15,0,0,0,0,0,0
OILGAS.BSE_IDX,01/07/2025,10:09:53,27944.7,0,0,0,0,0,0
OILGAS.BSE_IDX,01/07/2025,10:10:01,27948.37,0,0,0,0,0,0
OILGAS.BSE_IDX,01/07/2025,10:10:09,27945.82,0,0,0,0,0,0
OILGAS.BSE_IDX,01/07/2025,10:10:17,27948.82,0,0,0,0,0,0
OILGAS.BSE_IDX,01/07/2025,10:10:25,27949.96,0,0,0,0,0,0
OILGAS.BSE_IDX,01/07/2025,10:10:33,27953.35,0,0,0,0,0,0
OILGAS.BSE_IDX,01/07/2025,10:10:41,27951.93,0,0,0,0,0,0
OILGAS.BSE_IDX,01/07/2025,10:10:49,27950.89,0,0,0,0,0,0
OILGAS.BSE_IDX,01/07/2025,10:10:57,27951.61,0,0,0,0,0,0
OILGAS.BSE_IDX,01/07/2025,10:11:05,27955.73,0,0,0,0,0,0
OILGAS.BSE_IDX,01/07/2025,10:11:13,27949.85,0,0,0,0,0,0
OILGAS.BSE_IDX,01/07/2025,10:11:22,27943.39,0,0,0,0,0,0
OILGAS.BSE_IDX,01/07/2025,10:11:29,27940.18,0,0,0,0,0,0
OILGAS.BSE_IDX,01/07/2025,10:11:37,27939.14,0,0,0,0,0,0
OILGAS.BSE_IDX,01/07/2025,10:11:45,27935.35,0,0,0,0,0,0
OILGAS.BSE_IDX,01/07/2025,10:11:53,27939.83,0,0,0,0,0,0
OILGAS.BSE_IDX,01/07/2025,10:12:01,27936.72,0,0,0,0,0,0
OILGAS.BSE_IDX,01/07/2025,10:12:09,27935.33,0,0,0,0,0,0
OILGAS.BSE_IDX,01/07/2025,10:12:17,27931.27,0,0,0,0,0,0
OILGAS.BSE_IDX,01/07/2025,10:12:25,27928.33,0,0,0,0,0,0
OILGAS.BSE_IDX,01/07/2025,10:12:33,27932.41,0,0,0,0,0,0
OILGAS.BSE_IDX,01/07/2025,10:12:41,27932.25,0,0,0,0,0,0
OILGAS.BSE_IDX,01/07/2025,10:12:49,27927.69,0,0,0,0,0,0
OILGAS.BSE_IDX,01/07/2025,10:12:57,27927.5,0,0,0,0,0,0
OILGAS.BSE_IDX,01/07/2025,10:13:05,27927.12,0,0,0,0,0,0
OILGAS.BSE_IDX,01/07/2025,10:13:13,27925.71,0,0,0,0,0,0
OILGAS.BSE_IDX,01/07/2025,10:13:21,27933.46,0,0,0,0,0,0
OILGAS.BSE_IDX,01/07/2025,10:13:29,27933.14,0,0,0,0,0,0
OILGAS.BSE_IDX,01/07/2025,10:13:37,27937.71,0,0,0,0,0,0
OILGAS.BSE_IDX,01/07/2025,10:13:45,27936.81,0,0,0,0,0,0
OILGAS.BSE_IDX,01/07/2025,10:13:53,27937.2,0,0,0,0,0,0
OILGAS.BSE_IDX,01/07/2025,10:14:01,27933.29,0,0,0,0,0,0
OILGAS.BSE_IDX,01/07/2025,10:14:09,27921.15,0,0,0,0,0,0
OILGAS.BSE_IDX,01/07/2025,10:14:17,27922.18,0,0,0,0,0,0
OILGAS.BSE_IDX,01/07/2025,10:14:25,27921.69,0,0,0,0,0,0
OILGAS.BSE_IDX,01/07/2025,10:14:33,27923.17,0,0,0,0,0,0
OILGAS.BSE_IDX,01/07/2025,10:14:41,27915.28,0,0,0,0,0,0
OILGAS.BSE_IDX,01/07/2025,10:14:49,27915.48,0,0,0,0,0,0
OILGAS.BSE_IDX,01/07/2025,10:14:57,27917.12,0,0,0,0,0,0
OILGAS.BSE_IDX,01/07/2025,10:15:05,27915.14,0,0,0,0,0,0
OILGAS.BSE_IDX,01/07/2025,10:15:13,27908.76,0,0,0,0,0,0
OILGAS.BSE_IDX,01/07/2025,10:15:21,27912.53,0,0,0,0,0,0
OILGAS.BSE_IDX,01/07/2025,10:15:29,27899.79,0,0,0,0,0,0
OILGAS.BSE_IDX,01/07/2025,10:15:37,27901.45,0,0,0,0,0,0
OILGAS.BSE_IDX,01/07/2025,10:15:45,27898.11,0,0,0,0,0,0
OILGAS.BSE_IDX,01/07/2025,10:15:53,27894.17,0,0,0,0,0,0
OILGAS.BSE_IDX,01/07/2025,10:16:01,27894.31,0,0,0,0,0,0
OILGAS.BSE_IDX,01/07/2025,10:16:09,27893.92,0,0,0,0,0,0
OILGAS.BSE_IDX,01/07/2025,10:16:17,27894.53,0,0,0,0,0,0
OILGAS.BSE_IDX,01/07/2025,10:16:25,27895.02,0,0,0,0,0,0
OILGAS.BSE_IDX,01/07/2025,10:16:33,27895.24,0,0,0,0,0,0
OILGAS.BSE_IDX,01/07/2025,10:16:41,27895.88,0,0,0,0,0,0
OILGAS.BSE_IDX,01/07/2025,10:16:49,27895.11,0,0,0,0,0,0
OILGAS.BSE_IDX,01/07/2025,10:16:57,27895,0,0,0,0,0,0
OILGAS.BSE_IDX,01/07/2025,10:17:05,27891.9,0,0,0,0,0,0
OILGAS.BSE_IDX,01/07/2025,10:17:13,27892.18,0,0,0,0,0,0
OILGAS.BSE_IDX,01/07/2025,10:17:21,27895.51,0,0,0,0,0,0
OILGAS.BSE_IDX,01/07/2025,10:17:29,27894.99,0,0,0,0,0,0
OILGAS.BSE_IDX,01/07/2025,10:17:37,27893.03,0,0,0,0,0,0
OILGAS.BSE_IDX,01/07/2025,10:17:45,27896.49,0,0,0,0,0,0
OILGAS.BSE_IDX,01/07/2025,10:17:53,27899.07,0,0,0,0,0,0
OILGAS.BSE_IDX,01/07/2025,10:18:01,27901.17,0,0,0,0,0,0
OILGAS.BSE_IDX,01/07/2025,10:18:09,27901.3,0,0,0,0,0,0
OILGAS.BSE_IDX,01/07/2025,10:18:17,27910.54,0,0,0,0,0,0
OILGAS.BSE_IDX,01/07/2025,10:18:25,27913.92,0,0,0,0,0,0
OILGAS.BSE_IDX,01/07/2025,10:18:33,27910.55,0,0,0,0,0,0
OILGAS.BSE_IDX,01/07/2025,10:18:41,27908.76,0,0,0,0,0,0
OILGAS.BSE_IDX,01/07/2025,10:18:49,27905.8,0,0,0,0,0,0
OILGAS.BSE_IDX,01/07/2025,10:18:57,27905.96,0,0,0,0,0,0
OILGAS.BSE_IDX,01/07/2025,10:19:05,27903.58,0,0,0,0,0,0
OILGAS.BSE_IDX,01/07/2025,10:19:13,27905.84,0,0,0,0,0,0
OILGAS.BSE_IDX,01/07/2025,10:19:21,27906.89,0,0,0,0,0,0
OILGAS.BSE_IDX,01/07/2025,10:19:29,27905.35,0,0,0,0,0,0
OILGAS.BSE_IDX,01/07/2025,10:19:37,27905.51,0,0,0,0,0,0
OILGAS.BSE_IDX,01/07/2025,10:19:45,27906.75,0,0,0,0,0,0
OILGAS.BSE_IDX,01/07/2025,10:19:53,27902.54,0,0,0,0,0,0
OILGAS.BSE_IDX,01/07/2025,10:20:01,27909.66,0,0,0,0,0,0
OILGAS.BSE_IDX,01/07/2025,10:20:09,27913.13,0,0,0,0,0,0
OILGAS.BSE_IDX,01/07/2025,10:20:17,27910.63,0,0,0,0,0,0
OILGAS.BSE_IDX,01/07/2025,10:20:25,27916.99,0,0,0,0,0,0
OILGAS.BSE_IDX,01/07/2025,10:20:33,27917.55,0,0,0,0,0,0
OILGAS.BSE_IDX,01/07/2025,10:20:41,27915.47,0,0,0,0,0,0
OILGAS.BSE_IDX,01/07/2025,10:20:49,27913.26,0,0,0,0,0,0
OILGAS.BSE_IDX,01/07/2025,10:20:57,27904.9,0,0,0,0,0,0
OILGAS.BSE_IDX,01/07/2025,10:21:05,27905.67,0,0,0,0,0,0
OILGAS.BSE_IDX,01/07/2025,10:21:13,27907.53,0,0,0,0,0,0
OILGAS.BSE_IDX,01/07/2025,10:21:21,27910.04,0,0,0,0,0,0
OILGAS.BSE_IDX,01/07/2025,10:21:29,27913.12,0,0,0,0,0,0
OILGAS.BSE_IDX,01/07/2025,10:21:37,27910.6,0,0,0,0,0,0
OILGAS.BSE_IDX,01/07/2025,10:21:45,27904.34,0,0,0,0,0,0
OILGAS.BSE_IDX,01/07/2025,10:21:53,27904.7,0,0,0,0,0,0
OILGAS.BSE_IDX,01/07/2025,10:22:01,27904.7,0,0,0,0,0,0
OILGAS.BSE_IDX,01/07/2025,10:22:09,27909.65,0,0,0,0,0,0
OILGAS.BSE_IDX,01/07/2025,10:22:17,27902.08,0,0,0,0,0,0
OILGAS.BSE_IDX,01/07/2025,10:22:25,27901.8,0,0,0,0,0,0
OILGAS.BSE_IDX,01/07/2025,10:22:33,27897.92,0,0,0,0,0,0
OILGAS.BSE_IDX,01/07/2025,10:22:41,27897.71,0,0,0,0,0,0
OILGAS.BSE_IDX,01/07/2025,10:22:49,27899.98,0,0,0,0,0,0
OILGAS.BSE_IDX,01/07/2025,10:22:57,27902.87,0,0,0,0,0,0
OILGAS.BSE_IDX,01/07/2025,10:23:05,27902.81,0,0,0,0,0,0
OILGAS.BSE_IDX,01/07/2025,10:23:13,27893.1,0,0,0,0,0,0
OILGAS.BSE_IDX,01/07/2025,10:23:21,27891.04,0,0,0,0,0,0
OILGAS.BSE_IDX,01/07/2025,10:23:29,27893.54,0,0,0,0,0,0
OILGAS.BSE_IDX,01/07/2025,10:23:37,27897.27,0,0,0,0,0,0
OILGAS.BSE_IDX,01/07/2025,10:23:45,27895.16,0,0,0,0,0,0
OILGAS.BSE_IDX,01/07/2025,10:23:53,27894.5,0,0,0,0,0,0
OILGAS.BSE_IDX,01/07/2025,10:24:01,27896.1,0,0,0,0,0,0
OILGAS.BSE_IDX,01/07/2025,10:24:09,27891.01,0,0,0,0,0,0
OILGAS.BSE_IDX,01/07/2025,10:24:17,27882.68,0,0,0,0,0,0
OILGAS.BSE_IDX,01/07/2025,10:24:25,27888.8,0,0,0,0,0,0
OILGAS.BSE_IDX,01/07/2025,10:24:33,27888.18,0,0,0,0,0,0
OILGAS.BSE_IDX,01/07/2025,10:24:41,27887.15,0,0,0,0,0,0
OILGAS.BSE_IDX,01/07/2025,10:24:49,27883.43,0,0,0,0,0,0
OILGAS.BSE_IDX,01/07/2025,10:24:57,27882.46,0,0,0,0,0,0
OILGAS.BSE_IDX,01/07/2025,10:25:05,27879.39,0,0,0,0,0,0
OILGAS.BSE_IDX,01/07/2025,10:25:13,27883.52,0,0,0,0,0,0
OILGAS.BSE_IDX,01/07/2025,10:25:21,27884.94,0,0,0,0,0,0
OILGAS.BSE_IDX,01/07/2025,10:25:29,27880.84,0,0,0,0,0,0
OILGAS.BSE_IDX,01/07/2025,10:25:37,27882.22,0,0,0,0,0,0
OILGAS.BSE_IDX,01/07/2025,10:25:45,27883.58,0,0,0,0,0,0
OILGAS.BSE_IDX,01/07/2025,10:25:53,27888.14,0,0,0,0,0,0
OILGAS.BSE_IDX,01/07/2025,10:26:01,27888.22,0,0,0,0,0,0
OILGAS.BSE_IDX,01/07/2025,10:26:09,27887.3,0,0,0,0,0,0
OILGAS.BSE_IDX,01/07/2025,10:26:17,27888.46,0,0,0,0,0,0
OILGAS.BSE_IDX,01/07/2025,10:26:25,27891.96,0,0,0,0,0,0
OILGAS.BSE_IDX,01/07/2025,10:26:33,27890.38,0,0,0,0,0,0
OILGAS.BSE_IDX,01/07/2025,10:26:41,27896.99,0,0,0,0,0,0
OILGAS.BSE_IDX,01/07/2025,10:26:49,27895.87,0,0,0,0,0,0
OILGAS.BSE_IDX,01/07/2025,10:26:57,27903.31,0,0,0,0,0,0
OILGAS.BSE_IDX,01/07/2025,10:27:05,27903.85,0,0,0,0,0,0
OILGAS.BSE_IDX,01/07/2025,10:27:13,27910,0,0,0,0,0,0
OILGAS.BSE_IDX,01/07/2025,10:27:21,27913.64,0,0,0,0,0,0
OILGAS.BSE_IDX,01/07/2025,10:27:29,27917.69,0,0,0,0,0,0
OILGAS.BSE_IDX,01/07/2025,10:27:37,27913.15,0,0,0,0,0,0
OILGAS.BSE_IDX,01/07/2025,10:27:45,27918.4,0,0,0,0,0,0
OILGAS.BSE_IDX,01/07/2025,10:27:53,27923.91,0,0,0,0,0,0
OILGAS.BSE_IDX,01/07/2025,10:28:01,27931.94,0,0,0,0,0,0
OILGAS.BSE_IDX,01/07/2025,10:28:09,27938.03,0,0,0,0,0,0
OILGAS.BSE_IDX,01/07/2025,10:28:17,27929.02,0,0,0,0,0,0
OILGAS.BSE_IDX,01/07/2025,10:28:25,27930.75,0,0,0,0,0,0
OILGAS.BSE_IDX,01/07/2025,10:28:33,27932.37,0,0,0,0,0,0
OILGAS.BSE_IDX,01/07/2025,10:28:41,27931.68,0,0,0,0,0,0
OILGAS.BSE_IDX,01/07/2025,10:28:49,27933.26,0,0,0,0,0,0
OILGAS.BSE_IDX,01/07/2025,10:28:57,27925.32,0,0,0,0,0,0
OILGAS.BSE_IDX,01/07/2025,10:29:05,27933.75,0,0,0,0,0,0
OILGAS.BSE_IDX,01/07/2025,10:29:13,27930.36,0,0,0,0,0,0
OILGAS.BSE_IDX,01/07/2025,10:29:21,27933.06,0,0,0,0,0,0
OILGAS.BSE_IDX,01/07/2025,10:29:29,27933.39,0,0,0,0,0,0
OILGAS.BSE_IDX,01/07/2025,10:29:37,27934.74,0,0,0,0,0,0
OILGAS.BSE_IDX,01/07/2025,10:29:46,27933.28,0,0,0,0,0,0
OILGAS.BSE_IDX,01/07/2025,10:29:54,27933.9,0,0,0,0,0,0
OILGAS.BSE_IDX,01/07/2025,10:30:01,27928.79,0,0,0,0,0,0
OILGAS.BSE_IDX,01/07/2025,10:30:09,27926.46,0,0,0,0,0,0
OILGAS.BSE_IDX,01/07/2025,10:30:17,27928.46,0,0,0,0,0,0
OILGAS.BSE_IDX,01/07/2025,10:30:25,27933.97,0,0,0,0,0,0
OILGAS.BSE_IDX,01/07/2025,10:30:33,27929.26,0,0,0,0,0,0
OILGAS.BSE_IDX,01/07/2025,10:30:41,27929.79,0,0,0,0,0,0
OILGAS.BSE_IDX,01/07/2025,10:30:49,27925.03,0,0,0,0,0,0
OILGAS.BSE_IDX,01/07/2025,10:30:57,27923.83,0,0,0,0,0,0
OILGAS.BSE_IDX,01/07/2025,10:31:05,27920.13,0,0,0,0,0,0
OILGAS.BSE_IDX,01/07/2025,10:31:13,27915.72,0,0,0,0,0,0
OILGAS.BSE_IDX,01/07/2025,10:31:21,27917.7,0,0,0,0,0,0
OILGAS.BSE_IDX,01/07/2025,10:31:29,27919.95,0,0,0,0,0,0
OILGAS.BSE_IDX,01/07/2025,10:31:37,27923.37,0,0,0,0,0,0
OILGAS.BSE_IDX,01/07/2025,10:31:45,27919.41,0,0,0,0,0,0
OILGAS.BSE_IDX,01/07/2025,10:31:53,27920.65,0,0,0,0,0,0
OILGAS.BSE_IDX,01/07/2025,10:32:01,27922.57,0,0,0,0,0,0
OILGAS.BSE_IDX,01/07/2025,10:32:09,27921.57,0,0,0,0,0,0
OILGAS.BSE_IDX,01/07/2025,10:32:17,27920.6,0,0,0,0,0,0
OILGAS.BSE_IDX,01/07/2025,10:32:25,27921.47,0,0,0,0,0,0
OILGAS.BSE_IDX,01/07/2025,10:32:33,27928.42,0,0,0,0,0,0
OILGAS.BSE_IDX,01/07/2025,10:32:41,27930.92,0,0,0,0,0,0
OILGAS.BSE_IDX,01/07/2025,10:32:49,27929.25,0,0,0,0,0,0
OILGAS.BSE_IDX,01/07/2025,10:32:57,27934.37,0,0,0,0,0,0
OILGAS.BSE_IDX,01/07/2025,10:33:05,27927.44,0,0,0,0,0,0
OILGAS.BSE_IDX,01/07/2025,10:33:13,27926.97,0,0,0,0,0,0
OILGAS.BSE_IDX,01/07/2025,10:33:21,27925.81,0,0,0,0,0,0
OILGAS.BSE_IDX,01/07/2025,10:33:29,27928.37,0,0,0,0,0,0
OILGAS.BSE_IDX,01/07/2025,10:33:37,27936.02,0,0,0,0,0,0
OILGAS.BSE_IDX,01/07/2025,10:33:45,27936.34,0,0,0,0,0,0
OILGAS.BSE_IDX,01/07/2025,10:33:53,27935.65,0,0,0,0,0,0
OILGAS.BSE_IDX,01/07/2025,10:34:01,27931.23,0,0,0,0,0,0
OILGAS.BSE_IDX,01/07/2025,10:34:09,27932.53,0,0,0,0,0,0
OILGAS.BSE_IDX,01/07/2025,10:34:17,27930.06,0,0,0,0,0,0
OILGAS.BSE_IDX,01/07/2025,10:34:25,27932.87,0,0,0,0,0,0
OILGAS.BSE_IDX,01/07/2025,10:34:33,27937.43,0,0,0,0,0,0
OILGAS.BSE_IDX,01/07/2025,10:34:41,27933.89,0,0,0,0,0,0
OILGAS.BSE_IDX,01/07/2025,10:34:49,27936.28,0,0,0,0,0,0
OILGAS.BSE_IDX,01/07/2025,10:34:58,27934.24,0,0,0,0,0,0
OILGAS.BSE_IDX,01/07/2025,10:35:06,27935.16,0,0,0,0,0,0
OILGAS.BSE_IDX,01/07/2025,10:35:14,27931.54,0,0,0,0,0,0
OILGAS.BSE_IDX,01/07/2025,10:35:21,27928.06,0,0,0,0,0,0
OILGAS.BSE_IDX,01/07/2025,10:35:29,27923.79,0,0,0,0,0,0
OILGAS.BSE_IDX,01/07/2025,10:35:37,27917.7,0,0,0,0,0,0
OILGAS.BSE_IDX,01/07/2025,10:35:45,27906.48,0,0,0,0,0,0
OILGAS.BSE_IDX,01/07/2025,10:35:54,27908.28,0,0,0,0,0,0
OILGAS.BSE_IDX,01/07/2025,10:36:02,27906.16,0,0,0,0,0,0
OILGAS.BSE_IDX,01/07/2025,10:36:10,27906.43,0,0,0,0,0,0
OILGAS.BSE_IDX,01/07/2025,10:36:17,27905.93,0,0,0,0,0,0
OILGAS.BSE_IDX,01/07/2025,10:36:25,27904.29,0,0,0,0,0,0
OILGAS.BSE_IDX,01/07/2025,10:36:34,27905.97,0,0,0,0,0,0
OILGAS.BSE_IDX,01/07/2025,10:36:42,27912.31,0,0,0,0,0,0
OILGAS.BSE_IDX,01/07/2025,10:36:49,27907.59,0,0,0,0,0,0
OILGAS.BSE_IDX,01/07/2025,10:36:58,27906.74,0,0,0,0,0,0
OILGAS.BSE_IDX,01/07/2025,10:37:05,27905.2,0,0,0,0,0,0
OILGAS.BSE_IDX,01/07/2025,10:37:14,27901.48,0,0,0,0,0,0
OILGAS.BSE_IDX,01/07/2025,10:37:21,27903.28,0,0,0,0,0,0
OILGAS.BSE_IDX,01/07/2025,10:37:30,27902.13,0,0,0,0,0,0
OILGAS.BSE_IDX,01/07/2025,10:37:38,27903.03,0,0,0,0,0,0
OILGAS.BSE_IDX,01/07/2025,10:37:46,27897.67,0,0,0,0,0,0
OILGAS.BSE_IDX,01/07/2025,10:37:54,27891.98,0,0,0,0,0,0
OILGAS.BSE_IDX,01/07/2025,10:38:02,27893.21,0,0,0,0,0,0
OILGAS.BSE_IDX,01/07/2025,10:38:10,27896.44,0,0,0,0,0,0
OILGAS.BSE_IDX,01/07/2025,10:38:18,27898.88,0,0,0,0,0,0
OILGAS.BSE_IDX,01/07/2025,10:38:26,27902.6,0,0,0,0,0,0
OILGAS.BSE_IDX,01/07/2025,10:38:34,27901.41,0,0,0,0,0,0
OILGAS.BSE_IDX,01/07/2025,10:38:42,27903.91,0,0,0,0,0,0
OILGAS.BSE_IDX,01/07/2025,10:38:50,27906.01,0,0,0,0,0,0
OILGAS.BSE_IDX,01/07/2025,10:38:58,27915.36,0,0,0,0,0,0
OILGAS.BSE_IDX,01/07/2025,10:39:06,27914.05,0,0,0,0,0,0
OILGAS.BSE_IDX,01/07/2025,10:39:14,27915.37,0,0,0,0,0,0
OILGAS.BSE_IDX,01/07/2025,10:39:22,27914.22,0,0,0,0,0,0
OILGAS.BSE_IDX,01/07/2025,10:39:30,27914.22,0,0,0,0,0,0
OILGAS.BSE_IDX,01/07/2025,10:39:38,27912.81,0,0,0,0,0,0
OILGAS.BSE_IDX,01/07/2025,10:39:46,27915.5,0,0,0,0,0,0
OILGAS.BSE_IDX,01/07/2025,10:39:54,27922.18,0,0,0,0,0,0
OILGAS.BSE_IDX,01/07/2025,10:40:02,27926.1,0,0,0,0,0,0
OILGAS.BSE_IDX,01/07/2025,10:40:10,27923.9,0,0,0,0,0,0
OILGAS.BSE_IDX,01/07/2025,10:40:18,27924.06,0,0,0,0,0,0
OILGAS.BSE_IDX,01/07/2025,10:40:26,27912.68,0,0,0,0,0,0
OILGAS.BSE_IDX,01/07/2025,10:40:34,27916.3,0,0,0,0,0,0
OILGAS.BSE_IDX,01/07/2025,10:40:42,27913.72,0,0,0,0,0,0
OILGAS.BSE_IDX,01/07/2025,10:40:50,27913.85,0,0,0,0,0,0
OILGAS.BSE_IDX,01/07/2025,10:40:58,27910,0,0,0,0,0,0
OILGAS.BSE_IDX,01/07/2025,10:41:06,27910.03,0,0,0,0,0,0
OILGAS.BSE_IDX,01/07/2025,10:41:14,27910.46,0,0,0,0,0,0
OILGAS.BSE_IDX,01/07/2025,10:41:22,27912.55,0,0,0,0,0,0
OILGAS.BSE_IDX,01/07/2025,10:41:30,27914.52,0,0,0,0,0,0
OILGAS.BSE_IDX,01/07/2025,10:41:38,27910.64,0,0,0,0,0,0
OILGAS.BSE_IDX,01/07/2025,10:41:46,27913.51,0,0,0,0,0,0
OILGAS.BSE_IDX,01/07/2025,10:41:54,27911.66,0,0,0,0,0,0
OILGAS.BSE_IDX,01/07/2025,10:42:02,27907.25,0,0,0,0,0,0
OILGAS.BSE_IDX,01/07/2025,10:42:10,27911.54,0,0,0,0,0,0
OILGAS.BSE_IDX,01/07/2025,10:42:18,27911.14,0,0,0,0,0,0
OILGAS.BSE_IDX,01/07/2025,10:42:26,27913.65,0,0,0,0,0,0
OILGAS.BSE_IDX,01/07/2025,10:42:34,27913.4,0,0,0,0,0,0
OILGAS.BSE_IDX,01/07/2025,10:42:42,27910.8,0,0,0,0,0,0
OILGAS.BSE_IDX,01/07/2025,10:42:50,27910.8,0,0,0,0,0,0
OILGAS.BSE_IDX,01/07/2025,10:42:58,27903.22,0,0,0,0,0,0
OILGAS.BSE_IDX,01/07/2025,10:43:06,27903.76,0,0,0,0,0,0
OILGAS.BSE_IDX,01/07/2025,10:43:14,27906.45,0,0,0,0,0,0
OILGAS.BSE_IDX,01/07/2025,10:43:22,27907.32,0,0,0,0,0,0
OILGAS.BSE_IDX,01/07/2025,10:43:30,27906.6,0,0,0,0,0,0
OILGAS.BSE_IDX,01/07/2025,10:43:38,27909.97,0,0,0,0,0,0
OILGAS.BSE_IDX,01/07/2025,10:43:46,27902.15,0,0,0,0,0,0
OILGAS.BSE_IDX,01/07/2025,10:43:54,27902.64,0,0,0,0,0,0
OILGAS.BSE_IDX,01/07/2025,10:44:02,27901.68,0,0,0,0,0,0
OILGAS.BSE_IDX,01/07/2025,10:44:10,27898.6,0,0,0,0,0,0
OILGAS.BSE_IDX,01/07/2025,10:44:18,27897.7,0,0,0,0,0,0
OILGAS.BSE_IDX,01/07/2025,10:44:26,27888.49,0,0,0,0,0,0
OILGAS.BSE_IDX,01/07/2025,10:44:34,27887.26,0,0,0,0,0,0
OILGAS.BSE_IDX,01/07/2025,10:44:42,27890.05,0,0,0,0,0,0
OILGAS.BSE_IDX,01/07/2025,10:44:50,27887.01,0,0,0,0,0,0
OILGAS.BSE_IDX,01/07/2025,10:44:58,27874.18,0,0,0,0,0,0
OILGAS.BSE_IDX,01/07/2025,10:45:07,27872.44,0,0,0,0,0,0
OILGAS.BSE_IDX,01/07/2025,10:45:14,27872.1,0,0,0,0,0,0
OILGAS.BSE_IDX,01/07/2025,10:45:22,27867.33,0,0,0,0,0,0
OILGAS.BSE_IDX,01/07/2025,10:45:30,27873.03,0,0,0,0,0,0
OILGAS.BSE_IDX,01/07/2025,10:45:38,27871.37,0,0,0,0,0,0
OILGAS.BSE_IDX,01/07/2025,10:45:46,27868.88,0,0,0,0,0,0
OILGAS.BSE_IDX,01/07/2025,10:45:54,27868.43,0,0,0,0,0,0
OILGAS.BSE_IDX,01/07/2025,10:46:02,27870.86,0,0,0,0,0,0
OILGAS.BSE_IDX,01/07/2025,10:46:10,27870.02,0,0,0,0,0,0
OILGAS.BSE_IDX,01/07/2025,10:46:18,27871.41,0,0,0,0,0,0
OILGAS.BSE_IDX,01/07/2025,10:46:26,27876.22,0,0,0,0,0,0
OILGAS.BSE_IDX,01/07/2025,10:46:34,27876.22,0,0,0,0,0,0
OILGAS.BSE_IDX,01/07/2025,10:46:42,27874.76,0,0,0,0,0,0
OILGAS.BSE_IDX,01/07/2025,10:46:50,27874.26,0,0,0,0,0,0
OILGAS.BSE_IDX,01/07/2025,10:46:58,27876.02,0,0,0,0,0,0
OILGAS.BSE_IDX,01/07/2025,10:47:06,27878.4,0,0,0,0,0,0
OILGAS.BSE_IDX,01/07/2025,10:47:14,27873.13,0,0,0,0,0,0
OILGAS.BSE_IDX,01/07/2025,10:47:22,27874.97,0,0,0,0,0,0
OILGAS.BSE_IDX,01/07/2025,10:47:30,27875.63,0,0,0,0,0,0
OILGAS.BSE_IDX,01/07/2025,10:47:38,27872.87,0,0,0,0,0,0
OILGAS.BSE_IDX,01/07/2025,10:47:46,27879.8,0,0,0,0,0,0
OILGAS.BSE_IDX,01/07/2025,10:47:54,27881.91,0,0,0,0,0,0
OILGAS.BSE_IDX,01/07/2025,10:48:02,27882.07,0,0,0,0,0,0
OILGAS.BSE_IDX,01/07/2025,10:48:10,27883.03,0,0,0,0,0,0
OILGAS.BSE_IDX,01/07/2025,10:48:18,27876.95,0,0,0,0,0,0
OILGAS.BSE_IDX,01/07/2025,10:48:26,27879.26,0,0,0,0,0,0
OILGAS.BSE_IDX,01/07/2025,10:48:34,27879.65,0,0,0,0,0,0
OILGAS.BSE_IDX,01/07/2025,10:48:42,27874.56,0,0,0,0,0,0
OILGAS.BSE_IDX,01/07/2025,10:48:50,27872.16,0,0,0,0,0,0
OILGAS.BSE_IDX,01/07/2025,10:48:58,27866.57,0,0,0,0,0,0
OILGAS.BSE_IDX,01/07/2025,10:49:06,27870,0,0,0,0,0,0
OILGAS.BSE_IDX,01/07/2025,10:49:14,27866,0,0,0,0,0,0
OILGAS.BSE_IDX,01/07/2025,10:49:22,27861.49,0,0,0,0,0,0
OILGAS.BSE_IDX,01/07/2025,10:49:30,27862.96,0,0,0,0,0,0
OILGAS.BSE_IDX,01/07/2025,10:49:38,27856.86,0,0,0,0,0,0
OILGAS.BSE_IDX,01/07/2025,10:49:46,27864.74,0,0,0,0,0,0
OILGAS.BSE_IDX,01/07/2025,10:49:54,27862.42,0,0,0,0,0,0
OILGAS.BSE_IDX,01/07/2025,10:50:02,27856.3,0,0,0,0,0,0
OILGAS.BSE_IDX,01/07/2025,10:50:10,27850.28,0,0,0,0,0,0
OILGAS.BSE_IDX,01/07/2025,10:50:18,27857.38,0,0,0,0,0,0
OILGAS.BSE_IDX,01/07/2025,10:50:26,27856.48,0,0,0,0,0,0
OILGAS.BSE_IDX,01/07/2025,10:50:34,27858.9,0,0,0,0,0,0
OILGAS.BSE_IDX,01/07/2025,10:50:42,27860.06,0,0,0,0,0,0
OILGAS.BSE_IDX,01/07/2025,10:50:50,27860.06,0,0,0,0,0,0
OILGAS.BSE_IDX,01/07/2025,10:50:58,27862.17,0,0,0,0,0,0
OILGAS.BSE_IDX,01/07/2025,10:51:06,27860.25,0,0,0,0,0,0
OILGAS.BSE_IDX,01/07/2025,10:51:14,27861.29,0,0,0,0,0,0
OILGAS.BSE_IDX,01/07/2025,10:51:22,27858.3,0,0,0,0,0,0
OILGAS.BSE_IDX,01/07/2025,10:51:30,27854.04,0,0,0,0,0,0
OILGAS.BSE_IDX,01/07/2025,10:51:38,27852.37,0,0,0,0,0,0
OILGAS.BSE_IDX,01/07/2025,10:51:46,27850.3,0,0,0,0,0,0
OILGAS.BSE_IDX,01/07/2025,10:51:54,27845.14,0,0,0,0,0,0
OILGAS.BSE_IDX,01/07/2025,10:52:02,27840.21,0,0,0,0,0,0
OILGAS.BSE_IDX,01/07/2025,10:52:10,27844.49,0,0,0,0,0,0
OILGAS.BSE_IDX,01/07/2025,10:52:18,27846.62,0,0,0,0,0,0
OILGAS.BSE_IDX,01/07/2025,10:52:26,27847.44,0,0,0,0,0,0
OILGAS.BSE_IDX,01/07/2025,10:52:34,27846.55,0,0,0,0,0,0
OILGAS.BSE_IDX,01/07/2025,10:52:43,27835.61,0,0,0,0,0,0
OILGAS.BSE_IDX,01/07/2025,10:52:50,27835.61,0,0,0,0,0,0
OILGAS.BSE_IDX,01/07/2025,10:52:58,27834.91,0,0,0,0,0,0
OILGAS.BSE_IDX,01/07/2025,10:53:06,27829.43,0,0,0,0,0,0
OILGAS.BSE_IDX,01/07/2025,10:53:14,27834.06,0,0,0,0,0,0
OILGAS.BSE_IDX,01/07/2025,10:53:22,27831.22,0,0,0,0,0,0
OILGAS.BSE_IDX,01/07/2025,10:53:30,27827.69,0,0,0,0,0,0
OILGAS.BSE_IDX,01/07/2025,10:53:38,27826.6,0,0,0,0,0,0
OILGAS.BSE_IDX,01/07/2025,10:53:46,27824.76,0,0,0,0,0,0
OILGAS.BSE_IDX,01/07/2025,10:53:54,27820,0,0,0,0,0,0
OILGAS.BSE_IDX,01/07/2025,10:54:02,27825.3,0,0,0,0,0,0
OILGAS.BSE_IDX,01/07/2025,10:54:10,27831.29,0,0,0,0,0,0
OILGAS.BSE_IDX,01/07/2025,10:54:18,27830.14,0,0,0,0,0,0
OILGAS.BSE_IDX,01/07/2025,10:54:26,27829.53,0,0,0,0,0,0
OILGAS.BSE_IDX,01/07/2025,10:54:34,27830.41,0,0,0,0,0,0
OILGAS.BSE_IDX,01/07/2025,10:54:42,27831.47,0,0,0,0,0,0
OILGAS.BSE_IDX,01/07/2025,10:54:51,27832.53,0,0,0,0,0,0
OILGAS.BSE_IDX,01/07/2025,10:54:58,27828.26,0,0,0,0,0,0
OILGAS.BSE_IDX,01/07/2025,10:55:06,27831.53,0,0,0,0,0,0
OILGAS.BSE_IDX,01/07/2025,10:55:14,27828.65,0,0,0,0,0,0
OILGAS.BSE_IDX,01/07/2025,10:55:22,27828.8,0,0,0,0,0,0
OILGAS.BSE_IDX,01/07/2025,10:55:30,27834.19,0,0,0,0,0,0
OILGAS.BSE_IDX,01/07/2025,10:55:38,27834.96,0,0,0,0,0,0
OILGAS.BSE_IDX,01/07/2025,10:55:46,27836.72,0,0,0,0,0,0
OILGAS.BSE_IDX,01/07/2025,10:55:54,27835.91,0,0,0,0,0,0
OILGAS.BSE_IDX,01/07/2025,10:56:02,27834.07,0,0,0,0,0,0
OILGAS.BSE_IDX,01/07/2025,10:56:10,27834.16,0,0,0,0,0,0
OILGAS.BSE_IDX,01/07/2025,10:56:18,27836.02,0,0,0,0,0,0
OILGAS.BSE_IDX,01/07/2025,10:56:26,27833.77,0,0,0,0,0,0
OILGAS.BSE_IDX,01/07/2025,10:56:34,27831.74,0,0,0,0,0,0
OILGAS.BSE_IDX,01/07/2025,10:56:42,27828.32,0,0,0,0,0,0
OILGAS.BSE_IDX,01/07/2025,10:56:50,27829.8,0,0,0,0,0,0
OILGAS.BSE_IDX,01/07/2025,10:56:58,27828.89,0,0,0,0,0,0
OILGAS.BSE_IDX,01/07/2025,10:57:06,27825.95,0,0,0,0,0,0
OILGAS.BSE_IDX,01/07/2025,10:57:14,27824.19,0,0,0,0,0,0
OILGAS.BSE_IDX,01/07/2025,10:57:22,27824.45,0,0,0,0,0,0
OILGAS.BSE_IDX,01/07/2025,10:57:30,27821.42,0,0,0,0,0,0
OILGAS.BSE_IDX,01/07/2025,10:57:39,27818.46,0,0,0,0,0,0
OILGAS.BSE_IDX,01/07/2025,10:57:46,27822.48,0,0,0,0,0,0
OILGAS.BSE_IDX,01/07/2025,10:57:54,27819.59,0,0,0,0,0,0
OILGAS.BSE_IDX,01/07/2025,10:58:02,27824.05,0,0,0,0,0,0
OILGAS.BSE_IDX,01/07/2025,10:58:10,27823.28,0,0,0,0,0,0
OILGAS.BSE_IDX,01/07/2025,10:58:18,27821.2,0,0,0,0,0,0
OILGAS.BSE_IDX,01/07/2025,10:58:26,27821.44,0,0,0,0,0,0
OILGAS.BSE_IDX,01/07/2025,10:58:34,27819.21,0,0,0,0,0,0
OILGAS.BSE_IDX,01/07/2025,10:58:42,27820.96,0,0,0,0,0,0
OILGAS.BSE_IDX,01/07/2025,10:58:50,27821.27,0,0,0,0,0,0
OILGAS.BSE_IDX,01/07/2025,10:58:58,27823.93,0,0,0,0,0,0
OILGAS.BSE_IDX,01/07/2025,10:59:06,27827.67,0,0,0,0,0,0
OILGAS.BSE_IDX,01/07/2025,10:59:14,27830.17,0,0,0,0,0,0
OILGAS.BSE_IDX,01/07/2025,10:59:22,27825,0,0,0,0,0,0
OILGAS.BSE_IDX,01/07/2025,10:59:30,27828.57,0,0,0,0,0,0
OILGAS.BSE_IDX,01/07/2025,10:59:38,27825.91,0,0,0,0,0,0
OILGAS.BSE_IDX,01/07/2025,10:59:47,27825.91,0,0,0,0,0,0
OILGAS.BSE_IDX,01/07/2025,10:59:55,27822.06,0,0,0,0,0,0
OILGAS.BSE_IDX,01/07/2025,11:00:03,27821.97,0,0,0,0,0,0
OILGAS.BSE_IDX,01/07/2025,11:00:11,27814.8,0,0,0,0,0,0
OILGAS.BSE_IDX,01/07/2025,11:00:18,27819.11,0,0,0,0,0,0
OILGAS.BSE_IDX,01/07/2025,11:00:26,27817.57,0,0,0,0,0,0
OILGAS.BSE_IDX,01/07/2025,11:00:34,27818.28,0,0,0,0,0,0
OILGAS.BSE_IDX,01/07/2025,11:00:42,27816.32,0,0,0,0,0,0
OILGAS.BSE_IDX,01/07/2025,11:00:50,27815.36,0,0,0,0,0,0
OILGAS.BSE_IDX,01/07/2025,11:00:58,27818.21,0,0,0,0,0,0
OILGAS.BSE_IDX,01/07/2025,11:01:06,27819.43,0,0,0,0,0,0
OILGAS.BSE_IDX,01/07/2025,11:01:15,27822.31,0,0,0,0,0,0
OILGAS.BSE_IDX,01/07/2025,11:01:22,27820.79,0,0,0,0,0,0
OILGAS.BSE_IDX,01/07/2025,11:01:30,27820.79,0,0,0,0,0,0
OILGAS.BSE_IDX,01/07/2025,11:01:38,27815.57,0,0,0,0,0,0
OILGAS.BSE_IDX,01/07/2025,11:01:46,27807.82,0,0,0,0,0,0
OILGAS.BSE_IDX,01/07/2025,11:01:54,27805.66,0,0,0,0,0,0
OILGAS.BSE_IDX,01/07/2025,11:02:02,27814.76,0,0,0,0,0,0
OILGAS.BSE_IDX,01/07/2025,11:02:10,27812.24,0,0,0,0,0,0
OILGAS.BSE_IDX,01/07/2025,11:02:18,27812.1,0,0,0,0,0,0
OILGAS.BSE_IDX,01/07/2025,11:02:27,27812.98,0,0,0,0,0,0
OILGAS.BSE_IDX,01/07/2025,11:02:34,27811.99,0,0,0,0,0,0
OILGAS.BSE_IDX,01/07/2025,11:02:42,27809.97,0,0,0,0,0,0
OILGAS.BSE_IDX,01/07/2025,11:02:51,27810.59,0,0,0,0,0,0
OILGAS.BSE_IDX,01/07/2025,11:02:58,27808.9,0,0,0,0,0,0
OILGAS.BSE_IDX,01/07/2025,11:03:06,27809.95,0,0,0,0,0,0
OILGAS.BSE_IDX,01/07/2025,11:03:14,27810.72,0,0,0,0,0,0
OILGAS.BSE_IDX,01/07/2025,11:03:22,27810.72,0,0,0,0,0,0
OILGAS.BSE_IDX,01/07/2025,11:03:31,27807.86,0,0,0,0,0,0
OILGAS.BSE_IDX,01/07/2025,11:03:38,27806.6,0,0,0,0,0,0
OILGAS.BSE_IDX,01/07/2025,11:03:46,27806.27,0,0,0,0,0,0
OILGAS.BSE_IDX,01/07/2025,11:03:54,27805.37,0,0,0,0,0,0
OILGAS.BSE_IDX,01/07/2025,11:04:02,27807.76,0,0,0,0,0,0
OILGAS.BSE_IDX,01/07/2025,11:04:10,27806.48,0,0,0,0,0,0
OILGAS.BSE_IDX,01/07/2025,11:04:18,27809.57,0,0,0,0,0,0
OILGAS.BSE_IDX,01/07/2025,11:04:27,27808.5,0,0,0,0,0,0
OILGAS.BSE_IDX,01/07/2025,11:04:34,27810.61,0,0,0,0,0,0
OILGAS.BSE_IDX,01/07/2025,11:04:42,27813.23,0,0,0,0,0,0
OILGAS.BSE_IDX,01/07/2025,11:04:51,27816.37,0,0,0,0,0,0
OILGAS.BSE_IDX,01/07/2025,11:04:58,27816.01,0,0,0,0,0,0
OILGAS.BSE_IDX,01/07/2025,11:05:06,27815.1,0,0,0,0,0,0
OILGAS.BSE_IDX,01/07/2025,11:05:14,27816.74,0,0,0,0,0,0
OILGAS.BSE_IDX,01/07/2025,11:05:22,27816.74,0,0,0,0,0,0
OILGAS.BSE_IDX,01/07/2025,11:05:30,27820.65,0,0,0,0,0,0
OILGAS.BSE_IDX,01/07/2025,11:05:38,27819.88,0,0,0,0,0,0
OILGAS.BSE_IDX,01/07/2025,11:05:46,27819.88,0,0,0,0,0,0
OILGAS.BSE_IDX,01/07/2025,11:05:54,27817.85,0,0,0,0,0,0
OILGAS.BSE_IDX,01/07/2025,11:06:02,27822.67,0,0,0,0,0,0
OILGAS.BSE_IDX,01/07/2025,11:06:11,27830.97,0,0,0,0,0,0
OILGAS.BSE_IDX,01/07/2025,11:06:19,27835.4,0,0,0,0,0,0
OILGAS.BSE_IDX,01/07/2025,11:06:26,27834.78,0,0,0,0,0,0
OILGAS.BSE_IDX,01/07/2025,11:06:34,27832.7,0,0,0,0,0,0
OILGAS.BSE_IDX,01/07/2025,11:06:42,27834.85,0,0,0,0,0,0
OILGAS.BSE_IDX,01/07/2025,11:06:50,27837.4,0,0,0,0,0,0
OILGAS.BSE_IDX,01/07/2025,11:06:58,27834.07,0,0,0,0,0,0
OILGAS.BSE_IDX,01/07/2025,11:07:06,27832.27,0,0,0,0,0,0
OILGAS.BSE_IDX,01/07/2025,11:07:15,27837.55,0,0,0,0,0,0
OILGAS.BSE_IDX,01/07/2025,11:07:22,27837.71,0,0,0,0,0,0
OILGAS.BSE_IDX,01/07/2025,11:07:30,27837.71,0,0,0,0,0,0
OILGAS.BSE_IDX,01/07/2025,11:07:38,27842.75,0,0,0,0,0,0
OILGAS.BSE_IDX,01/07/2025,11:07:46,27840.05,0,0,0,0,0,0
OILGAS.BSE_IDX,01/07/2025,11:07:54,27843.26,0,0,0,0,0,0
OILGAS.BSE_IDX,01/07/2025,11:08:02,27846.26,0,0,0,0,0,0
OILGAS.BSE_IDX,01/07/2025,11:08:11,27844.53,0,0,0,0,0,0
OILGAS.BSE_IDX,01/07/2025,11:08:18,27848.29,0,0,0,0,0,0
OILGAS.BSE_IDX,01/07/2025,11:08:26,27850.39,0,0,0,0,0,0
OILGAS.BSE_IDX,01/07/2025,11:08:35,27849.62,0,0,0,0,0,0
OILGAS.BSE_IDX,01/07/2025,11:08:43,27848.57,0,0,0,0,0,0
OILGAS.BSE_IDX,01/07/2025,11:08:51,27846.91,0,0,0,0,0,0
OILGAS.BSE_IDX,01/07/2025,11:08:58,27849.8,0,0,0,0,0,0
OILGAS.BSE_IDX,01/07/2025,11:09:07,27850.39,0,0,0,0,0,0
OILGAS.BSE_IDX,01/07/2025,11:09:15,27850.98,0,0,0,0,0,0
OILGAS.BSE_IDX,01/07/2025,11:09:23,27846.73,0,0,0,0,0,0
OILGAS.BSE_IDX,01/07/2025,11:09:31,27844.42,0,0,0,0,0,0
OILGAS.BSE_IDX,01/07/2025,11:09:39,27844.8,0,0,0,0,0,0
OILGAS.BSE_IDX,01/07/2025,11:09:46,27847.96,0,0,0,0,0,0
OILGAS.BSE_IDX,01/07/2025,11:09:55,27840.99,0,0,0,0,0,0
OILGAS.BSE_IDX,01/07/2025,11:10:03,27838.49,0,0,0,0,0,0
OILGAS.BSE_IDX,01/07/2025,11:10:11,27847.26,0,0,0,0,0,0
OILGAS.BSE_IDX,01/07/2025,11:10:19,27847.17,0,0,0,0,0,0
OILGAS.BSE_IDX,01/07/2025,11:10:27,27847.83,0,0,0,0,0,0
OILGAS.BSE_IDX,01/07/2025,11:10:35,27845.14,0,0,0,0,0,0
OILGAS.BSE_IDX,01/07/2025,11:10:43,27843.55,0,0,0,0,0,0
OILGAS.BSE_IDX,01/07/2025,11:10:51,27846.31,0,0,0,0,0,0
OILGAS.BSE_IDX,01/07/2025,11:10:59,27846.29,0,0,0,0,0,0
OILGAS.BSE_IDX,01/07/2025,11:11:07,27847.12,0,0,0,0,0,0
OILGAS.BSE_IDX,01/07/2025,11:11:15,27847.1,0,0,0,0,0,0
OILGAS.BSE_IDX,01/07/2025,11:11:23,27845.03,0,0,0,0,0,0
OILGAS.BSE_IDX,01/07/2025,11:11:31,27847.14,0,0,0,0,0,0
OILGAS.BSE_IDX,01/07/2025,11:11:39,27847.59,0,0,0,0,0,0
OILGAS.BSE_IDX,01/07/2025,11:11:47,27845.88,0,0,0,0,0,0
OILGAS.BSE_IDX,01/07/2025,11:11:55,27845.88,0,0,0,0,0,0
OILGAS.BSE_IDX,01/07/2025,11:12:03,27844.62,0,0,0,0,0,0
OILGAS.BSE_IDX,01/07/2025,11:12:11,27846.35,0,0,0,0,0,0
OILGAS.BSE_IDX,01/07/2025,11:12:19,27844.2,0,0,0,0,0,0
OILGAS.BSE_IDX,01/07/2025,11:12:27,27844.54,0,0,0,0,0,0
OILGAS.BSE_IDX,01/07/2025,11:12:35,27845.75,0,0,0,0,0,0
OILGAS.BSE_IDX,01/07/2025,11:12:43,27843.82,0,0,0,0,0,0
OILGAS.BSE_IDX,01/07/2025,11:12:51,27846.68,0,0,0,0,0,0
OILGAS.BSE_IDX,01/07/2025,11:12:59,27845.37,0,0,0,0,0,0
OILGAS.BSE_IDX,01/07/2025,11:13:07,27843.29,0,0,0,0,0,0
OILGAS.BSE_IDX,01/07/2025,11:13:16,27843.74,0,0,0,0,0,0
OILGAS.BSE_IDX,01/07/2025,11:13:23,27845.28,0,0,0,0,0,0
OILGAS.BSE_IDX,01/07/2025,11:13:31,27842.97,0,0,0,0,0,0
OILGAS.BSE_IDX,01/07/2025,11:13:39,27846.2,0,0,0,0,0,0
OILGAS.BSE_IDX,01/07/2025,11:13:47,27848.86,0,0,0,0,0,0
OILGAS.BSE_IDX,01/07/2025,11:13:55,27852.29,0,0,0,0,0,0
OILGAS.BSE_IDX,01/07/2025,11:14:03,27850.37,0,0,0,0,0,0
OILGAS.BSE_IDX,01/07/2025,11:14:11,27853.79,0,0,0,0,0,0
OILGAS.BSE_IDX,01/07/2025,11:14:19,27854.74,0,0,0,0,0,0
OILGAS.BSE_IDX,01/07/2025,11:14:27,27859.28,0,0,0,0,0,0
OILGAS.BSE_IDX,01/07/2025,11:14:35,27860.25,0,0,0,0,0,0
OILGAS.BSE_IDX,01/07/2025,11:14:43,27859.19,0,0,0,0,0,0
OILGAS.BSE_IDX,01/07/2025,11:14:51,27861.89,0,0,0,0,0,0
OILGAS.BSE_IDX,01/07/2025,11:14:59,27857.54,0,0,0,0,0,0
OILGAS.BSE_IDX,01/07/2025,11:15:07,27861.4,0,0,0,0,0,0
OILGAS.BSE_IDX,01/07/2025,11:15:15,27859.4,0,0,0,0,0,0
OILGAS.BSE_IDX,01/07/2025,11:15:23,27860.74,0,0,0,0,0,0
OILGAS.BSE_IDX,01/07/2025,11:15:31,27858.2,0,0,0,0,0,0
OILGAS.BSE_IDX,01/07/2025,11:15:39,27858.11,0,0,0,0,0,0
OILGAS.BSE_IDX,01/07/2025,11:15:47,27859.71,0,0,0,0,0,0
OILGAS.BSE_IDX,01/07/2025,11:15:56,27859.71,0,0,0,0,0,0
OILGAS.BSE_IDX,01/07/2025,11:16:03,27857.48,0,0,0,0,0,0
OILGAS.BSE_IDX,01/07/2025,11:16:11,27854.79,0,0,0,0,0,0
OILGAS.BSE_IDX,01/07/2025,11:16:19,27855.51,0,0,0,0,0,0
OILGAS.BSE_IDX,01/07/2025,11:16:27,27846.87,0,0,0,0,0,0
OILGAS.BSE_IDX,01/07/2025,11:16:35,27848.52,0,0,0,0,0,0
OILGAS.BSE_IDX,01/07/2025,11:16:43,27846.25,0,0,0,0,0,0
OILGAS.BSE_IDX,01/07/2025,11:16:51,27849.63,0,0,0,0,0,0
OILGAS.BSE_IDX,01/07/2025,11:16:59,27845.14,0,0,0,0,0,0
OILGAS.BSE_IDX,01/07/2025,11:17:07,27847.08,0,0,0,0,0,0
OILGAS.BSE_IDX,01/07/2025,11:17:15,27851.89,0,0,0,0,0,0
OILGAS.BSE_IDX,01/07/2025,11:17:23,27849.97,0,0,0,0,0,0
OILGAS.BSE_IDX,01/07/2025,11:17:31,27848.94,0,0,0,0,0,0
OILGAS.BSE_IDX,01/07/2025,11:17:39,27848.94,0,0,0,0,0,0
OILGAS.BSE_IDX,01/07/2025,11:17:47,27851.97,0,0,0,0,0,0
OILGAS.BSE_IDX,01/07/2025,11:17:57,27852.12,0,0,0,0,0,0
OILGAS.BSE_IDX,01/07/2025,11:18:03,27853.4,0,0,0,0,0,0
OILGAS.BSE_IDX,01/07/2025,11:18:11,27858.94,0,0,0,0,0,0
OILGAS.BSE_IDX,01/07/2025,11:18:19,27857.07,0,0,0,0,0,0
OILGAS.BSE_IDX,01/07/2025,11:18:27,27857.28,0,0,0,0,0,0
OILGAS.BSE_IDX,01/07/2025,11:18:35,27855.92,0,0,0,0,0,0
OILGAS.BSE_IDX,01/07/2025,11:18:44,27854.26,0,0,0,0,0,0
OILGAS.BSE_IDX,01/07/2025,11:18:51,27856,0,0,0,0,0,0
OILGAS.BSE_IDX,01/07/2025,11:18:59,27855.07,0,0,0,0,0,0
OILGAS.BSE_IDX,01/07/2025,11:19:08,27855.84,0,0,0,0,0,0
OILGAS.BSE_IDX,01/07/2025,11:19:15,27857.03,0,0,0,0,0,0
OILGAS.BSE_IDX,01/07/2025,11:19:23,27860.84,0,0,0,0,0,0
OILGAS.BSE_IDX,01/07/2025,11:19:31,27858.21,0,0,0,0,0,0
OILGAS.BSE_IDX,01/07/2025,11:19:39,27857.84,0,0,0,0,0,0
OILGAS.BSE_IDX,01/07/2025,11:19:47,27850.31,0,0,0,0,0,0
OILGAS.BSE_IDX,01/07/2025,11:19:55,27841.16,0,0,0,0,0,0
OILGAS.BSE_IDX,01/07/2025,11:20:03,27841.14,0,0,0,0,0,0
OILGAS.BSE_IDX,01/07/2025,11:20:11,27842.72,0,0,0,0,0,0
OILGAS.BSE_IDX,01/07/2025,11:20:19,27842.57,0,0,0,0,0,0
OILGAS.BSE_IDX,01/07/2025,11:20:27,27842.5,0,0,0,0,0,0
OILGAS.BSE_IDX,01/07/2025,11:20:35,27845.68,0,0,0,0,0,0
OILGAS.BSE_IDX,01/07/2025,11:20:43,27843.91,0,0,0,0,0,0
OILGAS.BSE_IDX,01/07/2025,11:20:51,27845.29,0,0,0,0,0,0
OILGAS.BSE_IDX,01/07/2025,11:20:59,27848.16,0,0,0,0,0,0
OILGAS.BSE_IDX,01/07/2025,11:21:07,27843.18,0,0,0,0,0,0
OILGAS.BSE_IDX,01/07/2025,11:21:15,27849.5,0,0,0,0,0,0
OILGAS.BSE_IDX,01/07/2025,11:21:24,27853.79,0,0,0,0,0,0
OILGAS.BSE_IDX,01/07/2025,11:21:31,27848.29,0,0,0,0,0,0
OILGAS.BSE_IDX,01/07/2025,11:21:39,27846.52,0,0,0,0,0,0
OILGAS.BSE_IDX,01/07/2025,11:21:47,27852.93,0,0,0,0,0,0
OILGAS.BSE_IDX,01/07/2025,11:21:56,27856.9,0,0,0,0,0,0
OILGAS.BSE_IDX,01/07/2025,11:22:03,27860.67,0,0,0,0,0,0
OILGAS.BSE_IDX,01/07/2025,11:22:11,27861.4,0,0,0,0,0,0
OILGAS.BSE_IDX,01/07/2025,11:22:19,27858.44,0,0,0,0,0,0
OILGAS.BSE_IDX,01/07/2025,11:22:28,27860.63,0,0,0,0,0,0
OILGAS.BSE_IDX,01/07/2025,11:22:35,27860.63,0,0,0,0,0,0
OILGAS.BSE_IDX,01/07/2025,11:22:43,27857.93,0,0,0,0,0,0
OILGAS.BSE_IDX,01/07/2025,11:22:51,27855.9,0,0,0,0,0,0
OILGAS.BSE_IDX,01/07/2025,11:22:59,27859.75,0,0,0,0,0,0
OILGAS.BSE_IDX,01/07/2025,11:23:07,27858.04,0,0,0,0,0,0
OILGAS.BSE_IDX,01/07/2025,11:23:15,27857.36,0,0,0,0,0,0
OILGAS.BSE_IDX,01/07/2025,11:23:23,27855.22,0,0,0,0,0,0
OILGAS.BSE_IDX,01/07/2025,11:23:31,27853.21,0,0,0,0,0,0
OILGAS.BSE_IDX,01/07/2025,11:23:39,27853.21,0,0,0,0,0,0
OILGAS.BSE_IDX,01/07/2025,11:23:47,27858.77,0,0,0,0,0,0
OILGAS.BSE_IDX,01/07/2025,11:23:55,27864.14,0,0,0,0,0,0
OILGAS.BSE_IDX,01/07/2025,11:24:04,27861.02,0,0,0,0,0,0
OILGAS.BSE_IDX,01/07/2025,11:24:11,27862.22,0,0,0,0,0,0
OILGAS.BSE_IDX,01/07/2025,11:24:19,27862.22,0,0,0,0,0,0
OILGAS.BSE_IDX,01/07/2025,11:24:27,27862.3,0,0,0,0,0,0
OILGAS.BSE_IDX,01/07/2025,11:24:35,27860.76,0,0,0,0,0,0
OILGAS.BSE_IDX,01/07/2025,11:24:43,27860.49,0,0,0,0,0,0
OILGAS.BSE_IDX,01/07/2025,11:24:52,27856.8,0,0,0,0,0,0
OILGAS.BSE_IDX,01/07/2025,11:25:00,27863.59,0,0,0,0,0,0
OILGAS.BSE_IDX,01/07/2025,11:25:07,27865.52,0,0,0,0,0,0
OILGAS.BSE_IDX,01/07/2025,11:25:15,27865.71,0,0,0,0,0,0
OILGAS.BSE_IDX,01/07/2025,11:25:23,27862.85,0,0,0,0,0,0
OILGAS.BSE_IDX,01/07/2025,11:25:31,27861.59,0,0,0,0,0,0
OILGAS.BSE_IDX,01/07/2025,11:25:41,27861.98,0,0,0,0,0,0
OILGAS.BSE_IDX,01/07/2025,11:25:47,27862.18,0,0,0,0,0,0
OILGAS.BSE_IDX,01/07/2025,11:25:55,27853.45,0,0,0,0,0,0
OILGAS.BSE_IDX,01/07/2025,11:26:03,27858.25,0,0,0,0,0,0
OILGAS.BSE_IDX,01/07/2025,11:26:11,27854.39,0,0,0,0,0,0
OILGAS.BSE_IDX,01/07/2025,11:26:19,27861.44,0,0,0,0,0,0
OILGAS.BSE_IDX,01/07/2025,11:26:27,27860.84,0,0,0,0,0,0
OILGAS.BSE_IDX,01/07/2025,11:26:35,27863.72,0,0,0,0,0,0
OILGAS.BSE_IDX,01/07/2025,11:26:43,27862.64,0,0,0,0,0,0
OILGAS.BSE_IDX,01/07/2025,11:26:51,27859.94,0,0,0,0,0,0
OILGAS.BSE_IDX,01/07/2025,11:26:59,27862.79,0,0,0,0,0,0
OILGAS.BSE_IDX,01/07/2025,11:27:07,27859.5,0,0,0,0,0,0
OILGAS.BSE_IDX,01/07/2025,11:27:15,27870.88,0,0,0,0,0,0
OILGAS.BSE_IDX,01/07/2025,11:27:23,27870.76,0,0,0,0,0,0
OILGAS.BSE_IDX,01/07/2025,11:27:31,27871.85,0,0,0,0,0,0
OILGAS.BSE_IDX,01/07/2025,11:27:39,27869.35,0,0,0,0,0,0
OILGAS.BSE_IDX,01/07/2025,11:27:47,27868.43,0,0,0,0,0,0
OILGAS.BSE_IDX,01/07/2025,11:27:55,27868.24,0,0,0,0,0,0
OILGAS.BSE_IDX,01/07/2025,11:28:03,27868.09,0,0,0,0,0,0
OILGAS.BSE_IDX,01/07/2025,11:28:11,27870.42,0,0,0,0,0,0
OILGAS.BSE_IDX,01/07/2025,11:28:19,27868.37,0,0,0,0,0,0
OILGAS.BSE_IDX,01/07/2025,11:28:27,27867.08,0,0,0,0,0,0
OILGAS.BSE_IDX,01/07/2025,11:28:36,27869.59,0,0,0,0,0,0
OILGAS.BSE_IDX,01/07/2025,11:28:43,27866.59,0,0,0,0,0,0
OILGAS.BSE_IDX,01/07/2025,11:28:51,27868.13,0,0,0,0,0,0
OILGAS.BSE_IDX,01/07/2025,11:28:59,27864.11,0,0,0,0,0,0
OILGAS.BSE_IDX,01/07/2025,11:29:07,27861.47,0,0,0,0,0,0
OILGAS.BSE_IDX,01/07/2025,11:29:16,27862.86,0,0,0,0,0,0
OILGAS.BSE_IDX,01/07/2025,11:29:24,27862.21,0,0,0,0,0,0
OILGAS.BSE_IDX,01/07/2025,11:29:31,27866.55,0,0,0,0,0,0
OILGAS.BSE_IDX,01/07/2025,11:29:39,27866.9,0,0,0,0,0,0
OILGAS.BSE_IDX,01/07/2025,11:29:47,27864.8,0,0,0,0,0,0
OILGAS.BSE_IDX,01/07/2025,11:29:55,27864.03,0,0,0,0,0,0
OILGAS.BSE_IDX,01/07/2025,11:30:03,27869.2,0,0,0,0,0,0
OILGAS.BSE_IDX,01/07/2025,11:30:11,27866.51,0,0,0,0,0,0
OILGAS.BSE_IDX,01/07/2025,11:30:19,27864.2,0,0,0,0,0,0
OILGAS.BSE_IDX,01/07/2025,11:30:27,27863.13,0,0,0,0,0,0
OILGAS.BSE_IDX,01/07/2025,11:30:35,27864.51,0,0,0,0,0,0
OILGAS.BSE_IDX,01/07/2025,11:30:43,27865.01,0,0,0,0,0,0
OILGAS.BSE_IDX,01/07/2025,11:30:51,27865.59,0,0,0,0,0,0
OILGAS.BSE_IDX,01/07/2025,11:30:59,27867.32,0,0,0,0,0,0
OILGAS.BSE_IDX,01/07/2025,11:31:07,27864.94,0,0,0,0,0,0
OILGAS.BSE_IDX,01/07/2025,11:31:15,27858.83,0,0,0,0,0,0
OILGAS.BSE_IDX,01/07/2025,11:31:23,27855.37,0,0,0,0,0,0
OILGAS.BSE_IDX,01/07/2025,11:31:31,27857.08,0,0,0,0,0,0
OILGAS.BSE_IDX,01/07/2025,11:31:39,27857.08,0,0,0,0,0,0
OILGAS.BSE_IDX,01/07/2025,11:31:47,27856.12,0,0,0,0,0,0
OILGAS.BSE_IDX,01/07/2025,11:31:55,27857.89,0,0,0,0,0,0
OILGAS.BSE_IDX,01/07/2025,11:32:04,27860.51,0,0,0,0,0,0
OILGAS.BSE_IDX,01/07/2025,11:32:11,27860.7,0,0,0,0,0,0
OILGAS.BSE_IDX,01/07/2025,11:32:19,27859.89,0,0,0,0,0,0
OILGAS.BSE_IDX,01/07/2025,11:32:27,27854.35,0,0,0,0,0,0
OILGAS.BSE_IDX,01/07/2025,11:32:35,27857.43,0,0,0,0,0,0
OILGAS.BSE_IDX,01/07/2025,11:32:43,27854.35,0,0,0,0,0,0
OILGAS.BSE_IDX,01/07/2025,11:32:51,27851.65,0,0,0,0,0,0
OILGAS.BSE_IDX,01/07/2025,11:32:59,27854.76,0,0,0,0,0,0
OILGAS.BSE_IDX,01/07/2025,11:33:07,27847.18,0,0,0,0,0,0
OILGAS.BSE_IDX,01/07/2025,11:33:15,27843.83,0,0,0,0,0,0
OILGAS.BSE_IDX,01/07/2025,11:33:23,27844.6,0,0,0,0,0,0
OILGAS.BSE_IDX,01/07/2025,11:33:31,27843.17,0,0,0,0,0,0
OILGAS.BSE_IDX,01/07/2025,11:33:39,27845.89,0,0,0,0,0,0
OILGAS.BSE_IDX,01/07/2025,11:33:47,27848.2,0,0,0,0,0,0
OILGAS.BSE_IDX,01/07/2025,11:33:55,27852.8,0,0,0,0,0,0
OILGAS.BSE_IDX,01/07/2025,11:34:03,27853.78,0,0,0,0,0,0
OILGAS.BSE_IDX,01/07/2025,11:34:12,27851.86,0,0,0,0,0,0
OILGAS.BSE_IDX,01/07/2025,11:34:19,27852.63,0,0,0,0,0,0
OILGAS.BSE_IDX,01/07/2025,11:34:27,27849.08,0,0,0,0,0,0
OILGAS.BSE_IDX,01/07/2025,11:34:35,27845.95,0,0,0,0,0,0
OILGAS.BSE_IDX,01/07/2025,11:34:43,27847.75,0,0,0,0,0,0
OILGAS.BSE_IDX,01/07/2025,11:34:51,27849.09,0,0,0,0,0,0
OILGAS.BSE_IDX,01/07/2025,11:34:59,27846.41,0,0,0,0,0,0
OILGAS.BSE_IDX,01/07/2025,11:35:07,27843.5,0,0,0,0,0,0
OILGAS.BSE_IDX,01/07/2025,11:35:16,27850.86,0,0,0,0,0,0
OILGAS.BSE_IDX,01/07/2025,11:35:23,27846.6,0,0,0,0,0,0
OILGAS.BSE_IDX,01/07/2025,11:35:32,27846.6,0,0,0,0,0,0
OILGAS.BSE_IDX,01/07/2025,11:35:39,27851.9,0,0,0,0,0,0
OILGAS.BSE_IDX,01/07/2025,11:35:47,27849.6,0,0,0,0,0,0
OILGAS.BSE_IDX,01/07/2025,11:35:55,27852.98,0,0,0,0,0,0
OILGAS.BSE_IDX,01/07/2025,11:36:04,27851.25,0,0,0,0,0,0
OILGAS.BSE_IDX,01/07/2025,11:36:11,27852.98,0,0,0,0,0,0
OILGAS.BSE_IDX,01/07/2025,11:36:19,27851.68,0,0,0,0,0,0
OILGAS.BSE_IDX,01/07/2025,11:36:28,27854.17,0,0,0,0,0,0
OILGAS.BSE_IDX,01/07/2025,11:36:35,27853.42,0,0,0,0,0,0
OILGAS.BSE_IDX,01/07/2025,11:36:43,27851.52,0,0,0,0,0,0
OILGAS.BSE_IDX,01/07/2025,11:36:54,27852.41,0,0,0,0,0,0
OILGAS.BSE_IDX,01/07/2025,11:36:59,27853.65,0,0,0,0,0,0
OILGAS.BSE_IDX,01/07/2025,11:37:07,27853.46,0,0,0,0,0,0
OILGAS.BSE_IDX,01/07/2025,11:37:15,27848.99,0,0,0,0,0,0
OILGAS.BSE_IDX,01/07/2025,11:37:23,27844.94,0,0,0,0,0,0
OILGAS.BSE_IDX,01/07/2025,11:37:31,27849.2,0,0,0,0,0,0
OILGAS.BSE_IDX,01/07/2025,11:37:41,27850.01,0,0,0,0,0,0
OILGAS.BSE_IDX,01/07/2025,11:37:47,27853.3,0,0,0,0,0,0
OILGAS.BSE_IDX,01/07/2025,11:37:55,27855.6,0,0,0,0,0,0
OILGAS.BSE_IDX,01/07/2025,11:38:03,27852.31,0,0,0,0,0,0
OILGAS.BSE_IDX,01/07/2025,11:38:11,27854.43,0,0,0,0,0,0
OILGAS.BSE_IDX,01/07/2025,11:38:20,27854.68,0,0,0,0,0,0
OILGAS.BSE_IDX,01/07/2025,11:38:27,27861.29,0,0,0,0,0,0
OILGAS.BSE_IDX,01/07/2025,11:38:35,27861.97,0,0,0,0,0,0
OILGAS.BSE_IDX,01/07/2025,11:38:43,27857.3,0,0,0,0,0,0
OILGAS.BSE_IDX,01/07/2025,11:38:51,27857.3,0,0,0,0,0,0
OILGAS.BSE_IDX,01/07/2025,11:38:59,27859.22,0,0,0,0,0,0
OILGAS.BSE_IDX,01/07/2025,11:39:07,27859.61,0,0,0,0,0,0
OILGAS.BSE_IDX,01/07/2025,11:39:16,27861.53,0,0,0,0,0,0
OILGAS.BSE_IDX,01/07/2025,11:39:23,27861.85,0,0,0,0,0,0
OILGAS.BSE_IDX,01/07/2025,11:39:31,27861.85,0,0,0,0,0,0
OILGAS.BSE_IDX,01/07/2025,11:39:39,27856.14,0,0,0,0,0,0
OILGAS.BSE_IDX,01/07/2025,11:39:47,27858.83,0,0,0,0,0,0
OILGAS.BSE_IDX,01/07/2025,11:39:55,27856.22,0,0,0,0,0,0
OILGAS.BSE_IDX,01/07/2025,11:40:03,27858.91,0,0,0,0,0,0
OILGAS.BSE_IDX,01/07/2025,11:40:11,27859.22,0,0,0,0,0,0
OILGAS.BSE_IDX,01/07/2025,11:40:19,27858.06,0,0,0,0,0,0
OILGAS.BSE_IDX,01/07/2025,11:40:27,27857.87,0,0,0,0,0,0
OILGAS.BSE_IDX,01/07/2025,11:40:35,27855.37,0,0,0,0,0,0
OILGAS.BSE_IDX,01/07/2025,11:40:43,27855.37,0,0,0,0,0,0
OILGAS.BSE_IDX,01/07/2025,11:40:51,27854.01,0,0,0,0,0,0
OILGAS.BSE_IDX,01/07/2025,11:41:00,27856.7,0,0,0,0,0,0
OILGAS.BSE_IDX,01/07/2025,11:41:07,27854.39,0,0,0,0,0,0
OILGAS.BSE_IDX,01/07/2025,11:41:15,27851.05,0,0,0,0,0,0
OILGAS.BSE_IDX,01/07/2025,11:41:24,27853.28,0,0,0,0,0,0
OILGAS.BSE_IDX,01/07/2025,11:41:32,27856.7,0,0,0,0,0,0
OILGAS.BSE_IDX,01/07/2025,11:41:39,27858.38,0,0,0,0,0,0
OILGAS.BSE_IDX,01/07/2025,11:41:48,27857.15,0,0,0,0,0,0
OILGAS.BSE_IDX,01/07/2025,11:41:56,27853.89,0,0,0,0,0,0
OILGAS.BSE_IDX,01/07/2025,11:42:04,27853.43,0,0,0,0,0,0
OILGAS.BSE_IDX,01/07/2025,11:42:12,27858.5,0,0,0,0,0,0
OILGAS.BSE_IDX,01/07/2025,11:42:20,27861.84,0,0,0,0,0,0
OILGAS.BSE_IDX,01/07/2025,11:42:28,27861.53,0,0,0,0,0,0
OILGAS.BSE_IDX,01/07/2025,11:42:36,27863.93,0,0,0,0,0,0
OILGAS.BSE_IDX,01/07/2025,11:42:44,27871.31,0,0,0,0,0,0
OILGAS.BSE_IDX,01/07/2025,11:42:52,27867.77,0,0,0,0,0,0
OILGAS.BSE_IDX,01/07/2025,11:43:00,27868.03,0,0,0,0,0,0
OILGAS.BSE_IDX,01/07/2025,11:43:08,27870.83,0,0,0,0,0,0
OILGAS.BSE_IDX,01/07/2025,11:43:16,27869.39,0,0,0,0,0,0
OILGAS.BSE_IDX,01/07/2025,11:43:24,27868.82,0,0,0,0,0,0
OILGAS.BSE_IDX,01/07/2025,11:43:32,27866.02,0,0,0,0,0,0
OILGAS.BSE_IDX,01/07/2025,11:43:40,27866.66,0,0,0,0,0,0
OILGAS.BSE_IDX,01/07/2025,11:43:48,27869.39,0,0,0,0,0,0
OILGAS.BSE_IDX,01/07/2025,11:43:56,27863.26,0,0,0,0,0,0
OILGAS.BSE_IDX,01/07/2025,11:44:04,27860.48,0,0,0,0,0,0
OILGAS.BSE_IDX,01/07/2025,11:44:12,27861.51,0,0,0,0,0,0
OILGAS.BSE_IDX,01/07/2025,11:44:20,27869.9,0,0,0,0,0,0
OILGAS.BSE_IDX,01/07/2025,11:44:28,27866.77,0,0,0,0,0,0
OILGAS.BSE_IDX,01/07/2025,11:44:36,27861.96,0,0,0,0,0,0
OILGAS.BSE_IDX,01/07/2025,11:44:44,27864.63,0,0,0,0,0,0
OILGAS.BSE_IDX,01/07/2025,11:44:52,27864.63,0,0,0,0,0,0
OILGAS.BSE_IDX,01/07/2025,11:45:00,27858.68,0,0,0,0,0,0
OILGAS.BSE_IDX,01/07/2025,11:45:08,27860.22,0,0,0,0,0,0
OILGAS.BSE_IDX,01/07/2025,11:45:16,27856.18,0,0,0,0,0,0
OILGAS.BSE_IDX,01/07/2025,11:45:24,27856.37,0,0,0,0,0,0
OILGAS.BSE_IDX,01/07/2025,11:45:32,27860.52,0,0,0,0,0,0
OILGAS.BSE_IDX,01/07/2025,11:45:40,27856.83,0,0,0,0,0,0
OILGAS.BSE_IDX,01/07/2025,11:45:48,27851.35,0,0,0,0,0,0
OILGAS.BSE_IDX,01/07/2025,11:45:56,27855.79,0,0,0,0,0,0
OILGAS.BSE_IDX,01/07/2025,11:46:04,27856.06,0,0,0,0,0,0
OILGAS.BSE_IDX,01/07/2025,11:46:12,27859.29,0,0,0,0,0,0
OILGAS.BSE_IDX,01/07/2025,11:46:20,27854.23,0,0,0,0,0,0
OILGAS.BSE_IDX,01/07/2025,11:46:28,27856.87,0,0,0,0,0,0
OILGAS.BSE_IDX,01/07/2025,11:46:36,27856.49,0,0,0,0,0,0
OILGAS.BSE_IDX,01/07/2025,11:46:44,27850.99,0,0,0,0,0,0
OILGAS.BSE_IDX,01/07/2025,11:46:52,27849.83,0,0,0,0,0,0
OILGAS.BSE_IDX,01/07/2025,11:47:00,27847.17,0,0,0,0,0,0
OILGAS.BSE_IDX,01/07/2025,11:47:08,27846.6,0,0,0,0,0,0
OILGAS.BSE_IDX,01/07/2025,11:47:16,27846.67,0,0,0,0,0,0
OILGAS.BSE_IDX,01/07/2025,11:47:24,27848.29,0,0,0,0,0,0
OILGAS.BSE_IDX,01/07/2025,11:47:32,27848.86,0,0,0,0,0,0
OILGAS.BSE_IDX,01/07/2025,11:47:40,27849.44,0,0,0,0,0,0
OILGAS.BSE_IDX,01/07/2025,11:47:48,27853.89,0,0,0,0,0,0
OILGAS.BSE_IDX,01/07/2025,11:47:56,27848.41,0,0,0,0,0,0
OILGAS.BSE_IDX,01/07/2025,11:48:04,27854.7,0,0,0,0,0,0
OILGAS.BSE_IDX,01/07/2025,11:48:12,27854.7,0,0,0,0,0,0
OILGAS.BSE_IDX,01/07/2025,11:48:20,27858.83,0,0,0,0,0,0
OILGAS.BSE_IDX,01/07/2025,11:48:28,27859.45,0,0,0,0,0,0
OILGAS.BSE_IDX,01/07/2025,11:48:36,27857.14,0,0,0,0,0,0
OILGAS.BSE_IDX,01/07/2025,11:48:44,27859.02,0,0,0,0,0,0
OILGAS.BSE_IDX,01/07/2025,11:48:52,27862.29,0,0,0,0,0,0
OILGAS.BSE_IDX,01/07/2025,11:49:01,27857.19,0,0,0,0,0,0
OILGAS.BSE_IDX,01/07/2025,11:49:09,27856.42,0,0,0,0,0,0
OILGAS.BSE_IDX,01/07/2025,11:49:16,27859.76,0,0,0,0,0,0
OILGAS.BSE_IDX,01/07/2025,11:49:24,27859.76,0,0,0,0,0,0
OILGAS.BSE_IDX,01/07/2025,11:49:32,27863.52,0,0,0,0,0,0
OILGAS.BSE_IDX,01/07/2025,11:49:40,27861.13,0,0,0,0,0,0
OILGAS.BSE_IDX,01/07/2025,11:49:49,27857.54,0,0,0,0,0,0
OILGAS.BSE_IDX,01/07/2025,11:49:56,27856.11,0,0,0,0,0,0
OILGAS.BSE_IDX,01/07/2025,11:50:04,27857.88,0,0,0,0,0,0
OILGAS.BSE_IDX,01/07/2025,11:50:12,27854.46,0,0,0,0,0,0
OILGAS.BSE_IDX,01/07/2025,11:50:20,27852.95,0,0,0,0,0,0
OILGAS.BSE_IDX,01/07/2025,11:50:28,27852.95,0,0,0,0,0,0
OILGAS.BSE_IDX,01/07/2025,11:50:36,27853.55,0,0,0,0,0,0
OILGAS.BSE_IDX,01/07/2025,11:50:44,27855.45,0,0,0,0,0,0
OILGAS.BSE_IDX,01/07/2025,11:50:52,27857.6,0,0,0,0,0,0
OILGAS.BSE_IDX,01/07/2025,11:51:00,27854.07,0,0,0,0,0,0
OILGAS.BSE_IDX,01/07/2025,11:51:08,27855.68,0,0,0,0,0,0
OILGAS.BSE_IDX,01/07/2025,11:51:16,27856.08,0,0,0,0,0,0
OILGAS.BSE_IDX,01/07/2025,11:51:24,27851.75,0,0,0,0,0,0
OILGAS.BSE_IDX,01/07/2025,11:51:32,27849.44,0,0,0,0,0,0
OILGAS.BSE_IDX,01/07/2025,11:51:40,27849.44,0,0,0,0,0,0
OILGAS.BSE_IDX,01/07/2025,11:51:48,27846.28,0,0,0,0,0,0
OILGAS.BSE_IDX,01/07/2025,11:51:56,27845.07,0,0,0,0,0,0
OILGAS.BSE_IDX,01/07/2025,11:52:04,27846.66,0,0,0,0,0,0
OILGAS.BSE_IDX,01/07/2025,11:52:12,27844.18,0,0,0,0,0,0
OILGAS.BSE_IDX,01/07/2025,11:52:20,27845.8,0,0,0,0,0,0
OILGAS.BSE_IDX,01/07/2025,11:52:28,27846.32,0,0,0,0,0,0
OILGAS.BSE_IDX,01/07/2025,11:52:36,27846.74,0,0,0,0,0,0
OILGAS.BSE_IDX,01/07/2025,11:52:44,27839.84,0,0,0,0,0,0
OILGAS.BSE_IDX,01/07/2025,11:52:52,27839.69,0,0,0,0,0,0
OILGAS.BSE_IDX,01/07/2025,11:53:00,27833.27,0,0,0,0,0,0
OILGAS.BSE_IDX,01/07/2025,11:53:08,27830.09,0,0,0,0,0,0
OILGAS.BSE_IDX,01/07/2025,11:53:16,27825.65,0,0,0,0,0,0
OILGAS.BSE_IDX,01/07/2025,11:53:24,27825.78,0,0,0,0,0,0
OILGAS.BSE_IDX,01/07/2025,11:53:32,27826.05,0,0,0,0,0,0
OILGAS.BSE_IDX,01/07/2025,11:53:40,27831.45,0,0,0,0,0,0
OILGAS.BSE_IDX,01/07/2025,11:53:48,27832.02,0,0,0,0,0,0
OILGAS.BSE_IDX,01/07/2025,11:53:56,27823.96,0,0,0,0,0,0
OILGAS.BSE_IDX,01/07/2025,11:54:04,27820.02,0,0,0,0,0,0
OILGAS.BSE_IDX,01/07/2025,11:54:12,27816.54,0,0,0,0,0,0
OILGAS.BSE_IDX,01/07/2025,11:54:20,27813.84,0,0,0,0,0,0
OILGAS.BSE_IDX,01/07/2025,11:54:28,27817.68,0,0,0,0,0,0
OILGAS.BSE_IDX,01/07/2025,11:54:36,27819.11,0,0,0,0,0,0
OILGAS.BSE_IDX,01/07/2025,11:54:44,27816.54,0,0,0,0,0,0
OILGAS.BSE_IDX,01/07/2025,11:54:52,27813.4,0,0,0,0,0,0
OILGAS.BSE_IDX,01/07/2025,11:55:00,27812.43,0,0,0,0,0,0
OILGAS.BSE_IDX,01/07/2025,11:55:08,27814.36,0,0,0,0,0,0
OILGAS.BSE_IDX,01/07/2025,11:55:17,27813.82,0,0,0,0,0,0
OILGAS.BSE_IDX,01/07/2025,11:55:24,27818.6,0,0,0,0,0,0
OILGAS.BSE_IDX,01/07/2025,11:55:32,27818.6,0,0,0,0,0,0
OILGAS.BSE_IDX,01/07/2025,11:55:40,27818.6,0,0,0,0,0,0
OILGAS.BSE_IDX,01/07/2025,11:55:48,27812.62,0,0,0,0,0,0
OILGAS.BSE_IDX,01/07/2025,11:55:56,27816.35,0,0,0,0,0,0
OILGAS.BSE_IDX,01/07/2025,11:56:05,27818.03,0,0,0,0,0,0
OILGAS.BSE_IDX,01/07/2025,11:56:12,27816.3,0,0,0,0,0,0
OILGAS.BSE_IDX,01/07/2025,11:56:20,27810.57,0,0,0,0,0,0
OILGAS.BSE_IDX,01/07/2025,11:56:28,27807.06,0,0,0,0,0,0
OILGAS.BSE_IDX,01/07/2025,11:56:36,27807.89,0,0,0,0,0,0
OILGAS.BSE_IDX,01/07/2025,11:56:44,27807.89,0,0,0,0,0,0
OILGAS.BSE_IDX,01/07/2025,11:56:52,27806.16,0,0,0,0,0,0
OILGAS.BSE_IDX,01/07/2025,11:57:00,27806.35,0,0,0,0,0,0
OILGAS.BSE_IDX,01/07/2025,11:57:08,27806.75,0,0,0,0,0,0
OILGAS.BSE_IDX,01/07/2025,11:57:16,27809.21,0,0,0,0,0,0
OILGAS.BSE_IDX,01/07/2025,11:57:24,27809.21,0,0,0,0,0,0
OILGAS.BSE_IDX,01/07/2025,11:57:32,27808.17,0,0,0,0,0,0
OILGAS.BSE_IDX,01/07/2025,11:57:40,27809.52,0,0,0,0,0,0
OILGAS.BSE_IDX,01/07/2025,11:57:48,27807.32,0,0,0,0,0,0
OILGAS.BSE_IDX,01/07/2025,11:57:56,27810.4,0,0,0,0,0,0
OILGAS.BSE_IDX,01/07/2025,11:58:04,27811.39,0,0,0,0,0,0
OILGAS.BSE_IDX,01/07/2025,11:58:12,27810.39,0,0,0,0,0,0
OILGAS.BSE_IDX,01/07/2025,11:58:20,27810.75,0,0,0,0,0,0
OILGAS.BSE_IDX,01/07/2025,11:58:28,27807.48,0,0,0,0,0,0
OILGAS.BSE_IDX,01/07/2025,11:58:36,27807.7,0,0,0,0,0,0
OILGAS.BSE_IDX,01/07/2025,11:58:44,27809.84,0,0,0,0,0,0
OILGAS.BSE_IDX,01/07/2025,11:58:52,27812.44,0,0,0,0,0,0
OILGAS.BSE_IDX,01/07/2025,11:59:00,27809.68,0,0,0,0,0,0
OILGAS.BSE_IDX,01/07/2025,11:59:08,27809.88,0,0,0,0,0,0
OILGAS.BSE_IDX,01/07/2025,11:59:16,27809.02,0,0,0,0,0,0
OILGAS.BSE_IDX,01/07/2025,11:59:24,27811.71,0,0,0,0,0,0
OILGAS.BSE_IDX,01/07/2025,11:59:32,27811.71,0,0,0,0,0,0
OILGAS.BSE_IDX,01/07/2025,11:59:40,27811.71,0,0,0,0,0,0
OILGAS.BSE_IDX,01/07/2025,11:59:48,27811.71,0,0,0,0,0,0
OILGAS.BSE_IDX,01/07/2025,11:59:56,27810.67,0,0,0,0,0,0
OILGAS.BSE_IDX,01/07/2025,12:00:05,27810.67,0,0,0,0,0,0
OILGAS.BSE_IDX,01/07/2025,12:00:12,27812.03,0,0,0,0,0,0
OILGAS.BSE_IDX,01/07/2025,12:00:20,27812.03,0,0,0,0,0,0
OILGAS.BSE_IDX,01/07/2025,12:00:28,27808.38,0,0,0,0,0,0
OILGAS.BSE_IDX,01/07/2025,12:00:37,27806.46,0,0,0,0,0,0
OILGAS.BSE_IDX,01/07/2025,12:00:44,27809.85,0,0,0,0,0,0
OILGAS.BSE_IDX,01/07/2025,12:00:52,27809.85,0,0,0,0,0,0
OILGAS.BSE_IDX,01/07/2025,12:01:00,27805.94,0,0,0,0,0,0
OILGAS.BSE_IDX,01/07/2025,12:01:08,27805.94,0,0,0,0,0,0
OILGAS.BSE_IDX,01/07/2025,12:01:16,27808.71,0,0,0,0,0,0
OILGAS.BSE_IDX,01/07/2025,12:01:24,27808.71,0,0,0,0,0,0
OILGAS.BSE_IDX,01/07/2025,12:01:32,27811.96,0,0,0,0,0,0
OILGAS.BSE_IDX,01/07/2025,12:01:40,27806.97,0,0,0,0,0,0
OILGAS.BSE_IDX,01/07/2025,12:01:48,27801.47,0,0,0,0,0,0
OILGAS.BSE_IDX,01/07/2025,12:01:57,27802.58,0,0,0,0,0,0
OILGAS.BSE_IDX,01/07/2025,12:02:04,27804.33,0,0,0,0,0,0
OILGAS.BSE_IDX,01/07/2025,12:02:12,27806.17,0,0,0,0,0,0
OILGAS.BSE_IDX,01/07/2025,12:02:20,27806.56,0,0,0,0,0,0
OILGAS.BSE_IDX,01/07/2025,12:02:28,27801.46,0,0,0,0,0,0
OILGAS.BSE_IDX,01/07/2025,12:02:36,27804.25,0,0,0,0,0,0
OILGAS.BSE_IDX,01/07/2025,12:02:44,27806.78,0,0,0,0,0,0
OILGAS.BSE_IDX,01/07/2025,12:02:52,27806.08,0,0,0,0,0,0
OILGAS.BSE_IDX,01/07/2025,12:03:00,27806.44,0,0,0,0,0,0
OILGAS.BSE_IDX,01/07/2025,12:03:08,27806.65,0,0,0,0,0,0
OILGAS.BSE_IDX,01/07/2025,12:03:17,27804.61,0,0,0,0,0,0
OILGAS.BSE_IDX,01/07/2025,12:03:24,27807.79,0,0,0,0,0,0
OILGAS.BSE_IDX,01/07/2025,12:03:32,27811.29,0,0,0,0,0,0
OILGAS.BSE_IDX,01/07/2025,12:03:40,27812.9,0,0,0,0,0,0
OILGAS.BSE_IDX,01/07/2025,12:03:48,27813.65,0,0,0,0,0,0
OILGAS.BSE_IDX,01/07/2025,12:03:56,27811.73,0,0,0,0,0,0
OILGAS.BSE_IDX,01/07/2025,12:04:04,27811.73,0,0,0,0,0,0
OILGAS.BSE_IDX,01/07/2025,12:04:12,27809.47,0,0,0,0,0,0
OILGAS.BSE_IDX,01/07/2025,12:04:20,27809.47,0,0,0,0,0,0
OILGAS.BSE_IDX,01/07/2025,12:04:28,27811.2,0,0,0,0,0,0
OILGAS.BSE_IDX,01/07/2025,12:04:36,27812.75,0,0,0,0,0,0
OILGAS.BSE_IDX,01/07/2025,12:04:44,27812.56,0,0,0,0,0,0
OILGAS.BSE_IDX,01/07/2025,12:04:52,27814.19,0,0,0,0,0,0
OILGAS.BSE_IDX,01/07/2025,12:05:01,27809.68,0,0,0,0,0,0
OILGAS.BSE_IDX,01/07/2025,12:05:08,27807.78,0,0,0,0,0,0
OILGAS.BSE_IDX,01/07/2025,12:05:16,27809.99,0,0,0,0,0,0
OILGAS.BSE_IDX,01/07/2025,12:05:24,27804.97,0,0,0,0,0,0
OILGAS.BSE_IDX,01/07/2025,12:05:32,27803.24,0,0,0,0,0,0
OILGAS.BSE_IDX,01/07/2025,12:05:40,27805.83,0,0,0,0,0,0
OILGAS.BSE_IDX,01/07/2025,12:05:48,27803.28,0,0,0,0,0,0
OILGAS.BSE_IDX,01/07/2025,12:05:56,27809.11,0,0,0,0,0,0
OILGAS.BSE_IDX,01/07/2025,12:06:04,27806.05,0,0,0,0,0,0
OILGAS.BSE_IDX,01/07/2025,12:06:12,27809.25,0,0,0,0,0,0
OILGAS.BSE_IDX,01/07/2025,12:06:20,27819.22,0,0,0,0,0,0
OILGAS.BSE_IDX,01/07/2025,12:06:28,27814.26,0,0,0,0,0,0
OILGAS.BSE_IDX,01/07/2025,12:06:36,27812.04,0,0,0,0,0,0
OILGAS.BSE_IDX,01/07/2025,12:06:44,27812.23,0,0,0,0,0,0
OILGAS.BSE_IDX,01/07/2025,12:06:53,27810.36,0,0,0,0,0,0
OILGAS.BSE_IDX,01/07/2025,12:07:00,27812.07,0,0,0,0,0,0
OILGAS.BSE_IDX,01/07/2025,12:07:08,27812.42,0,0,0,0,0,0
OILGAS.BSE_IDX,01/07/2025,12:07:16,27813,0,0,0,0,0,0
OILGAS.BSE_IDX,01/07/2025,12:07:24,27813.27,0,0,0,0,0,0
OILGAS.BSE_IDX,01/07/2025,12:07:32,27807.42,0,0,0,0,0,0
OILGAS.BSE_IDX,01/07/2025,12:07:40,27806.76,0,0,0,0,0,0
OILGAS.BSE_IDX,01/07/2025,12:07:48,27808.62,0,0,0,0,0,0
OILGAS.BSE_IDX,01/07/2025,12:07:56,27807.55,0,0,0,0,0,0
OILGAS.BSE_IDX,01/07/2025,12:08:04,27809.69,0,0,0,0,0,0
OILGAS.BSE_IDX,01/07/2025,12:08:12,27810.1,0,0,0,0,0,0
OILGAS.BSE_IDX,01/07/2025,12:08:20,27810.29,0,0,0,0,0,0
OILGAS.BSE_IDX,01/07/2025,12:08:28,27811.06,0,0,0,0,0,0
OILGAS.BSE_IDX,01/07/2025,12:08:36,27813.37,0,0,0,0,0,0
OILGAS.BSE_IDX,01/07/2025,12:08:44,27812.35,0,0,0,0,0,0
OILGAS.BSE_IDX,01/07/2025,12:08:52,27814.55,0,0,0,0,0,0
OILGAS.BSE_IDX,01/07/2025,12:09:00,27817.05,0,0,0,0,0,0
OILGAS.BSE_IDX,01/07/2025,12:09:08,27833.73,0,0,0,0,0,0
OILGAS.BSE_IDX,01/07/2025,12:09:16,27835.46,0,0,0,0,0,0
OILGAS.BSE_IDX,01/07/2025,12:09:25,27833.04,0,0,0,0,0,0
OILGAS.BSE_IDX,01/07/2025,12:09:32,27831.13,0,0,0,0,0,0
OILGAS.BSE_IDX,01/07/2025,12:09:40,27836.52,0,0,0,0,0,0
OILGAS.BSE_IDX,01/07/2025,12:09:48,27836.9,0,0,0,0,0,0
OILGAS.BSE_IDX,01/07/2025,12:09:57,27834.8,0,0,0,0,0,0
OILGAS.BSE_IDX,01/07/2025,12:10:05,27838.45,0,0,0,0,0,0
OILGAS.BSE_IDX,01/07/2025,12:10:13,27834.89,0,0,0,0,0,0
OILGAS.BSE_IDX,01/07/2025,12:10:22,27837.09,0,0,0,0,0,0
OILGAS.BSE_IDX,01/07/2025,12:10:28,27836.17,0,0,0,0,0,0
OILGAS.BSE_IDX,01/07/2025,12:10:36,27835.87,0,0,0,0,0,0
OILGAS.BSE_IDX,01/07/2025,12:10:45,27836.64,0,0,0,0,0,0
OILGAS.BSE_IDX,01/07/2025,12:10:52,27836.64,0,0,0,0,0,0
OILGAS.BSE_IDX,01/07/2025,12:11:00,27836.2,0,0,0,0,0,0
OILGAS.BSE_IDX,01/07/2025,12:11:08,27838.9,0,0,0,0,0,0
OILGAS.BSE_IDX,01/07/2025,12:11:17,27832.27,0,0,0,0,0,0
OILGAS.BSE_IDX,01/07/2025,12:11:24,27836.76,0,0,0,0,0,0
OILGAS.BSE_IDX,01/07/2025,12:11:32,27837.92,0,0,0,0,0,0
OILGAS.BSE_IDX,01/07/2025,12:11:40,27837.15,0,0,0,0,0,0
OILGAS.BSE_IDX,01/07/2025,12:11:49,27838.11,0,0,0,0,0,0
OILGAS.BSE_IDX,01/07/2025,12:11:57,27840.7,0,0,0,0,0,0
OILGAS.BSE_IDX,01/07/2025,12:12:05,27841.67,0,0,0,0,0,0
OILGAS.BSE_IDX,01/07/2025,12:12:13,27842.82,0,0,0,0,0,0
OILGAS.BSE_IDX,01/07/2025,12:12:21,27845.11,0,0,0,0,0,0
OILGAS.BSE_IDX,01/07/2025,12:12:29,27844.07,0,0,0,0,0,0
OILGAS.BSE_IDX,01/07/2025,12:12:37,27845.68,0,0,0,0,0,0
OILGAS.BSE_IDX,01/07/2025,12:12:45,27846.39,0,0,0,0,0,0
OILGAS.BSE_IDX,01/07/2025,12:12:53,27843.45,0,0,0,0,0,0
OILGAS.BSE_IDX,01/07/2025,12:13:01,27844.22,0,0,0,0,0,0
OILGAS.BSE_IDX,01/07/2025,12:13:09,27843.45,0,0,0,0,0,0
OILGAS.BSE_IDX,01/07/2025,12:13:17,27844.5,0,0,0,0,0,0
OILGAS.BSE_IDX,01/07/2025,12:13:25,27843.38,0,0,0,0,0,0
OILGAS.BSE_IDX,01/07/2025,12:13:33,27848.38,0,0,0,0,0,0
OILGAS.BSE_IDX,01/07/2025,12:13:41,27848.51,0,0,0,0,0,0
OILGAS.BSE_IDX,01/07/2025,12:13:49,27846.01,0,0,0,0,0,0
OILGAS.BSE_IDX,01/07/2025,12:13:57,27846.01,0,0,0,0,0,0
OILGAS.BSE_IDX,01/07/2025,12:14:05,27846.08,0,0,0,0,0,0
OILGAS.BSE_IDX,01/07/2025,12:14:13,27847.02,0,0,0,0,0,0
OILGAS.BSE_IDX,01/07/2025,12:14:21,27847.02,0,0,0,0,0,0
OILGAS.BSE_IDX,01/07/2025,12:14:29,27845.58,0,0,0,0,0,0
OILGAS.BSE_IDX,01/07/2025,12:14:37,27844,0,0,0,0,0,0
OILGAS.BSE_IDX,01/07/2025,12:14:46,27843.23,0,0,0,0,0,0
OILGAS.BSE_IDX,01/07/2025,12:14:54,27841.86,0,0,0,0,0,0
OILGAS.BSE_IDX,01/07/2025,12:15:01,27837.67,0,0,0,0,0,0
OILGAS.BSE_IDX,01/07/2025,12:15:09,27837.54,0,0,0,0,0,0
OILGAS.BSE_IDX,01/07/2025,12:15:17,27839.64,0,0,0,0,0,0
OILGAS.BSE_IDX,01/07/2025,12:15:25,27840.01,0,0,0,0,0,0
OILGAS.BSE_IDX,01/07/2025,12:15:33,27835.57,0,0,0,0,0,0
OILGAS.BSE_IDX,01/07/2025,12:15:41,27836.85,0,0,0,0,0,0
OILGAS.BSE_IDX,01/07/2025,12:15:49,27837.24,0,0,0,0,0,0
OILGAS.BSE_IDX,01/07/2025,12:15:57,27834.24,0,0,0,0,0,0
OILGAS.BSE_IDX,01/07/2025,12:16:05,27834.24,0,0,0,0,0,0
OILGAS.BSE_IDX,01/07/2025,12:16:13,27834.82,0,0,0,0,0,0
OILGAS.BSE_IDX,01/07/2025,12:16:21,27836.19,0,0,0,0,0,0
OILGAS.BSE_IDX,01/07/2025,12:16:29,27839.52,0,0,0,0,0,0
OILGAS.BSE_IDX,01/07/2025,12:16:37,27839.52,0,0,0,0,0,0
OILGAS.BSE_IDX,01/07/2025,12:16:45,27840.67,0,0,0,0,0,0
OILGAS.BSE_IDX,01/07/2025,12:16:53,27836.61,0,0,0,0,0,0
OILGAS.BSE_IDX,01/07/2025,12:17:01,27834.39,0,0,0,0,0,0
OILGAS.BSE_IDX,01/07/2025,12:17:09,27836.68,0,0,0,0,0,0
OILGAS.BSE_IDX,01/07/2025,12:17:17,27838.79,0,0,0,0,0,0
OILGAS.BSE_IDX,01/07/2025,12:17:25,27835.63,0,0,0,0,0,0
OILGAS.BSE_IDX,01/07/2025,12:17:33,27838.14,0,0,0,0,0,0
OILGAS.BSE_IDX,01/07/2025,12:17:41,27836.71,0,0,0,0,0,0
OILGAS.BSE_IDX,01/07/2025,12:17:49,27841.09,0,0,0,0,0,0
OILGAS.BSE_IDX,01/07/2025,12:17:57,27841.17,0,0,0,0,0,0
OILGAS.BSE_IDX,01/07/2025,12:18:05,27840.4,0,0,0,0,0,0
OILGAS.BSE_IDX,01/07/2025,12:18:13,27843.76,0,0,0,0,0,0
OILGAS.BSE_IDX,01/07/2025,12:18:21,27835.36,0,0,0,0,0,0
OILGAS.BSE_IDX,01/07/2025,12:18:29,27837.67,0,0,0,0,0,0
OILGAS.BSE_IDX,01/07/2025,12:18:37,27833.53,0,0,0,0,0,0
OILGAS.BSE_IDX,01/07/2025,12:18:45,27834.5,0,0,0,0,0,0
OILGAS.BSE_IDX,01/07/2025,12:18:53,27834.5,0,0,0,0,0,0
OILGAS.BSE_IDX,01/07/2025,12:19:01,27837.22,0,0,0,0,0,0
OILGAS.BSE_IDX,01/07/2025,12:19:09,27837.99,0,0,0,0,0,0
OILGAS.BSE_IDX,01/07/2025,12:19:17,27838.18,0,0,0,0,0,0
OILGAS.BSE_IDX,01/07/2025,12:19:25,27838.66,0,0,0,0,0,0
OILGAS.BSE_IDX,01/07/2025,12:19:33,27844.78,0,0,0,0,0,0
OILGAS.BSE_IDX,01/07/2025,12:19:41,27845.83,0,0,0,0,0,0
OILGAS.BSE_IDX,01/07/2025,12:19:49,27845.63,0,0,0,0,0,0
OILGAS.BSE_IDX,01/07/2025,12:19:57,27856.07,0,0,0,0,0,0
OILGAS.BSE_IDX,01/07/2025,12:20:05,27859.11,0,0,0,0,0,0
OILGAS.BSE_IDX,01/07/2025,12:20:13,27855.15,0,0,0,0,0,0
OILGAS.BSE_IDX,01/07/2025,12:20:21,27859.64,0,0,0,0,0,0
OILGAS.BSE_IDX,01/07/2025,12:20:29,27859.99,0,0,0,0,0,0
OILGAS.BSE_IDX,01/07/2025,12:20:37,27860.34,0,0,0,0,0,0
OILGAS.BSE_IDX,01/07/2025,12:20:45,27858.54,0,0,0,0,0,0
OILGAS.BSE_IDX,01/07/2025,12:20:53,27858.46,0,0,0,0,0,0
OILGAS.BSE_IDX,01/07/2025,12:21:01,27856.73,0,0,0,0,0,0
OILGAS.BSE_IDX,01/07/2025,12:21:09,27858.66,0,0,0,0,0,0
OILGAS.BSE_IDX,01/07/2025,12:21:17,27854.34,0,0,0,0,0,0
OILGAS.BSE_IDX,01/07/2025,12:21:25,27855.11,0,0,0,0,0,0
OILGAS.BSE_IDX,01/07/2025,12:21:33,27856.97,0,0,0,0,0,0
OILGAS.BSE_IDX,01/07/2025,12:21:41,27859.54,0,0,0,0,0,0
OILGAS.BSE_IDX,01/07/2025,12:21:49,27857.42,0,0,0,0,0,0
OILGAS.BSE_IDX,01/07/2025,12:21:57,27862.55,0,0,0,0,0,0
OILGAS.BSE_IDX,01/07/2025,12:22:05,27866.87,0,0,0,0,0,0
OILGAS.BSE_IDX,01/07/2025,12:22:13,27864.54,0,0,0,0,0,0
OILGAS.BSE_IDX,01/07/2025,12:22:21,27866.58,0,0,0,0,0,0
OILGAS.BSE_IDX,01/07/2025,12:22:29,27866.4,0,0,0,0,0,0
OILGAS.BSE_IDX,01/07/2025,12:22:37,27862.6,0,0,0,0,0,0
OILGAS.BSE_IDX,01/07/2025,12:22:45,27867.13,0,0,0,0,0,0
OILGAS.BSE_IDX,01/07/2025,12:22:53,27869.12,0,0,0,0,0,0
OILGAS.BSE_IDX,01/07/2025,12:23:02,27870.08,0,0,0,0,0,0
OILGAS.BSE_IDX,01/07/2025,12:23:09,27872.58,0,0,0,0,0,0
OILGAS.BSE_IDX,01/07/2025,12:23:17,27872.77,0,0,0,0,0,0
OILGAS.BSE_IDX,01/07/2025,12:23:25,27875.7,0,0,0,0,0,0
OILGAS.BSE_IDX,01/07/2025,12:23:33,27873.36,0,0,0,0,0,0
OILGAS.BSE_IDX,01/07/2025,12:23:41,27877.41,0,0,0,0,0,0
OILGAS.BSE_IDX,01/07/2025,12:23:49,27879.18,0,0,0,0,0,0
OILGAS.BSE_IDX,01/07/2025,12:23:57,27877.65,0,0,0,0,0,0
OILGAS.BSE_IDX,01/07/2025,12:24:05,27879.03,0,0,0,0,0,0
OILGAS.BSE_IDX,01/07/2025,12:24:13,27879.69,0,0,0,0,0,0
OILGAS.BSE_IDX,01/07/2025,12:24:21,27883.54,0,0,0,0,0,0
OILGAS.BSE_IDX,01/07/2025,12:24:29,27888.03,0,0,0,0,0,0
OILGAS.BSE_IDX,01/07/2025,12:24:37,27886.21,0,0,0,0,0,0
OILGAS.BSE_IDX,01/07/2025,12:24:45,27891.86,0,0,0,0,0,0
OILGAS.BSE_IDX,01/07/2025,12:24:53,27888.05,0,0,0,0,0,0
OILGAS.BSE_IDX,01/07/2025,12:25:01,27891.19,0,0,0,0,0,0
OILGAS.BSE_IDX,01/07/2025,12:25:09,27894.74,0,0,0,0,0,0
OILGAS.BSE_IDX,01/07/2025,12:25:17,27890.41,0,0,0,0,0,0
OILGAS.BSE_IDX,01/07/2025,12:25:25,27892.98,0,0,0,0,0,0
OILGAS.BSE_IDX,01/07/2025,12:25:33,27899.1,0,0,0,0,0,0
OILGAS.BSE_IDX,01/07/2025,12:25:41,27898.37,0,0,0,0,0,0
OILGAS.BSE_IDX,01/07/2025,12:25:49,27897.73,0,0,0,0,0,0
OILGAS.BSE_IDX,01/07/2025,12:25:57,27900.49,0,0,0,0,0,0
OILGAS.BSE_IDX,01/07/2025,12:26:05,27900.34,0,0,0,0,0,0
OILGAS.BSE_IDX,01/07/2025,12:26:13,27901.48,0,0,0,0,0,0
OILGAS.BSE_IDX,01/07/2025,12:26:21,27896.67,0,0,0,0,0,0
OILGAS.BSE_IDX,01/07/2025,12:26:31,27896.78,0,0,0,0,0,0
OILGAS.BSE_IDX,01/07/2025,12:26:37,27901.2,0,0,0,0,0,0
OILGAS.BSE_IDX,01/07/2025,12:26:45,27902.59,0,0,0,0,0,0
OILGAS.BSE_IDX,01/07/2025,12:26:53,27907.9,0,0,0,0,0,0
OILGAS.BSE_IDX,01/07/2025,12:27:01,27900.77,0,0,0,0,0,0
OILGAS.BSE_IDX,01/07/2025,12:27:09,27900.41,0,0,0,0,0,0
OILGAS.BSE_IDX,01/07/2025,12:27:17,27904.86,0,0,0,0,0,0
OILGAS.BSE_IDX,01/07/2025,12:27:25,27915.4,0,0,0,0,0,0
OILGAS.BSE_IDX,01/07/2025,12:27:33,27915.62,0,0,0,0,0,0
OILGAS.BSE_IDX,01/07/2025,12:27:41,27917.55,0,0,0,0,0,0
OILGAS.BSE_IDX,01/07/2025,12:27:49,27911.63,0,0,0,0,0,0
OILGAS.BSE_IDX,01/07/2025,12:27:57,27909.76,0,0,0,0,0,0
OILGAS.BSE_IDX,01/07/2025,12:28:05,27909.99,0,0,0,0,0,0
OILGAS.BSE_IDX,01/07/2025,12:28:13,27910.38,0,0,0,0,0,0
OILGAS.BSE_IDX,01/07/2025,12:28:21,27905.57,0,0,0,0,0,0
OILGAS.BSE_IDX,01/07/2025,12:28:29,27900.39,0,0,0,0,0,0
OILGAS.BSE_IDX,01/07/2025,12:28:37,27908.46,0,0,0,0,0,0
OILGAS.BSE_IDX,01/07/2025,12:28:45,27900.23,0,0,0,0,0,0
OILGAS.BSE_IDX,01/07/2025,12:28:53,27891.87,0,0,0,0,0,0
OILGAS.BSE_IDX,01/07/2025,12:29:01,27893.8,0,0,0,0,0,0
OILGAS.BSE_IDX,01/07/2025,12:29:10,27891.9,0,0,0,0,0,0
OILGAS.BSE_IDX,01/07/2025,12:29:18,27893.44,0,0,0,0,0,0
OILGAS.BSE_IDX,01/07/2025,12:29:25,27895.52,0,0,0,0,0,0
OILGAS.BSE_IDX,01/07/2025,12:29:33,27889.45,0,0,0,0,0,0
OILGAS.BSE_IDX,01/07/2025,12:29:41,27889.26,0,0,0,0,0,0
OILGAS.BSE_IDX,01/07/2025,12:29:49,27887.91,0,0,0,0,0,0
OILGAS.BSE_IDX,01/07/2025,12:29:57,27890.8,0,0,0,0,0,0
OILGAS.BSE_IDX,01/07/2025,12:30:05,27899.25,0,0,0,0,0,0
OILGAS.BSE_IDX,01/07/2025,12:30:13,27901.72,0,0,0,0,0,0
OILGAS.BSE_IDX,01/07/2025,12:30:22,27900.09,0,0,0,0,0,0
OILGAS.BSE_IDX,01/07/2025,12:30:29,27902.77,0,0,0,0,0,0
OILGAS.BSE_IDX,01/07/2025,12:30:37,27905.07,0,0,0,0,0,0
OILGAS.BSE_IDX,01/07/2025,12:30:45,27904.88,0,0,0,0,0,0
OILGAS.BSE_IDX,01/07/2025,12:30:53,27903.54,0,0,0,0,0,0
OILGAS.BSE_IDX,01/07/2025,12:31:01,27899,0,0,0,0,0,0
OILGAS.BSE_IDX,01/07/2025,12:31:09,27900.54,0,0,0,0,0,0
OILGAS.BSE_IDX,01/07/2025,12:31:17,27901.3,0,0,0,0,0,0
OILGAS.BSE_IDX,01/07/2025,12:31:25,27898.6,0,0,0,0,0,0
OILGAS.BSE_IDX,01/07/2025,12:31:34,27898.53,0,0,0,0,0,0
OILGAS.BSE_IDX,01/07/2025,12:31:41,27900.71,0,0,0,0,0,0
OILGAS.BSE_IDX,01/07/2025,12:31:49,27890.76,0,0,0,0,0,0
OILGAS.BSE_IDX,01/07/2025,12:31:57,27890.57,0,0,0,0,0,0
OILGAS.BSE_IDX,01/07/2025,12:32:05,27889.4,0,0,0,0,0,0
OILGAS.BSE_IDX,01/07/2025,12:32:13,27888.05,0,0,0,0,0,0
OILGAS.BSE_IDX,01/07/2025,12:32:21,27889.7,0,0,0,0,0,0
OILGAS.BSE_IDX,01/07/2025,12:32:29,27889.14,0,0,0,0,0,0
OILGAS.BSE_IDX,01/07/2025,12:32:37,27887.02,0,0,0,0,0,0
OILGAS.BSE_IDX,01/07/2025,12:32:45,27891.66,0,0,0,0,0,0
OILGAS.BSE_IDX,01/07/2025,12:32:53,27893.75,0,0,0,0,0,0
OILGAS.BSE_IDX,01/07/2025,12:33:01,27893.55,0,0,0,0,0,0
OILGAS.BSE_IDX,01/07/2025,12:33:09,27893.55,0,0,0,0,0,0
OILGAS.BSE_IDX,01/07/2025,12:33:17,27895.67,0,0,0,0,0,0
OILGAS.BSE_IDX,01/07/2025,12:33:26,27892.87,0,0,0,0,0,0
OILGAS.BSE_IDX,01/07/2025,12:33:33,27890.22,0,0,0,0,0,0
OILGAS.BSE_IDX,01/07/2025,12:33:41,27887.98,0,0,0,0,0,0
OILGAS.BSE_IDX,01/07/2025,12:33:49,27886.02,0,0,0,0,0,0
OILGAS.BSE_IDX,01/07/2025,12:33:57,27885.72,0,0,0,0,0,0
OILGAS.BSE_IDX,01/07/2025,12:34:05,27889.18,0,0,0,0,0,0
OILGAS.BSE_IDX,01/07/2025,12:34:13,27888.82,0,0,0,0,0,0
OILGAS.BSE_IDX,01/07/2025,12:34:21,27888.77,0,0,0,0,0,0
OILGAS.BSE_IDX,01/07/2025,12:34:29,27887.48,0,0,0,0,0,0
OILGAS.BSE_IDX,01/07/2025,12:34:37,27887.48,0,0,0,0,0,0
OILGAS.BSE_IDX,01/07/2025,12:34:45,27890.9,0,0,0,0,0,0
OILGAS.BSE_IDX,01/07/2025,12:34:53,27892.56,0,0,0,0,0,0
OILGAS.BSE_IDX,01/07/2025,12:35:01,27891.93,0,0,0,0,0,0
OILGAS.BSE_IDX,01/07/2025,12:35:09,27892.3,0,0,0,0,0,0
OILGAS.BSE_IDX,01/07/2025,12:35:17,27895.49,0,0,0,0,0,0
OILGAS.BSE_IDX,01/07/2025,12:35:25,27901.11,0,0,0,0,0,0
OILGAS.BSE_IDX,01/07/2025,12:35:33,27900.34,0,0,0,0,0,0
OILGAS.BSE_IDX,01/07/2025,12:35:41,27905.37,0,0,0,0,0,0
OILGAS.BSE_IDX,01/07/2025,12:35:49,27908.06,0,0,0,0,0,0
OILGAS.BSE_IDX,01/07/2025,12:35:57,27907.52,0,0,0,0,0,0
OILGAS.BSE_IDX,01/07/2025,12:36:05,27907.71,0,0,0,0,0,0
OILGAS.BSE_IDX,01/07/2025,12:36:13,27908.65,0,0,0,0,0,0
OILGAS.BSE_IDX,01/07/2025,12:36:21,27906.73,0,0,0,0,0,0
OILGAS.BSE_IDX,01/07/2025,12:36:29,27909.42,0,0,0,0,0,0
OILGAS.BSE_IDX,01/07/2025,12:36:37,27905.2,0,0,0,0,0,0
OILGAS.BSE_IDX,01/07/2025,12:36:45,27905.12,0,0,0,0,0,0
OILGAS.BSE_IDX,01/07/2025,12:36:53,27906.66,0,0,0,0,0,0
OILGAS.BSE_IDX,01/07/2025,12:37:01,27906.33,0,0,0,0,0,0
OILGAS.BSE_IDX,01/07/2025,12:37:09,27910.8,0,0,0,0,0,0
OILGAS.BSE_IDX,01/07/2025,12:37:17,27913.24,0,0,0,0,0,0
OILGAS.BSE_IDX,01/07/2025,12:37:25,27910.87,0,0,0,0,0,0
OILGAS.BSE_IDX,01/07/2025,12:37:33,27911.83,0,0,0,0,0,0
OILGAS.BSE_IDX,01/07/2025,12:37:41,27910.09,0,0,0,0,0,0
OILGAS.BSE_IDX,01/07/2025,12:37:49,27912.51,0,0,0,0,0,0
OILGAS.BSE_IDX,01/07/2025,12:37:57,27910.47,0,0,0,0,0,0
OILGAS.BSE_IDX,01/07/2025,12:38:05,27913.32,0,0,0,0,0,0
OILGAS.BSE_IDX,01/07/2025,12:38:13,27915.9,0,0,0,0,0,0
OILGAS.BSE_IDX,01/07/2025,12:38:22,27920.18,0,0,0,0,0,0
OILGAS.BSE_IDX,01/07/2025,12:38:29,27917.05,0,0,0,0,0,0
OILGAS.BSE_IDX,01/07/2025,12:38:39,27919.36,0,0,0,0,0,0
OILGAS.BSE_IDX,01/07/2025,12:38:45,27916.28,0,0,0,0,0,0
OILGAS.BSE_IDX,01/07/2025,12:38:53,27920.08,0,0,0,0,0,0
OILGAS.BSE_IDX,01/07/2025,12:39:01,27918.01,0,0,0,0,0,0
OILGAS.BSE_IDX,01/07/2025,12:39:10,27914.4,0,0,0,0,0,0
OILGAS.BSE_IDX,01/07/2025,12:39:17,27917.22,0,0,0,0,0,0
OILGAS.BSE_IDX,01/07/2025,12:39:25,27918.18,0,0,0,0,0,0
OILGAS.BSE_IDX,01/07/2025,12:39:34,27914.72,0,0,0,0,0,0
OILGAS.BSE_IDX,01/07/2025,12:39:42,27917.22,0,0,0,0,0,0
OILGAS.BSE_IDX,01/07/2025,12:39:49,27918.06,0,0,0,0,0,0
OILGAS.BSE_IDX,01/07/2025,12:39:57,27918.64,0,0,0,0,0,0
OILGAS.BSE_IDX,01/07/2025,12:40:05,27920.76,0,0,0,0,0,0
OILGAS.BSE_IDX,01/07/2025,12:40:14,27917.43,0,0,0,0,0,0
OILGAS.BSE_IDX,01/07/2025,12:40:21,27921.96,0,0,0,0,0,0
OILGAS.BSE_IDX,01/07/2025,12:40:29,27916.66,0,0,0,0,0,0
OILGAS.BSE_IDX,01/07/2025,12:40:37,27920.74,0,0,0,0,0,0
OILGAS.BSE_IDX,01/07/2025,12:40:45,27919.97,0,0,0,0,0,0
OILGAS.BSE_IDX,01/07/2025,12:40:54,27919.54,0,0,0,0,0,0
OILGAS.BSE_IDX,01/07/2025,12:41:01,27919.38,0,0,0,0,0,0
OILGAS.BSE_IDX,01/07/2025,12:41:09,27924.1,0,0,0,0,0,0
OILGAS.BSE_IDX,01/07/2025,12:41:17,27922.55,0,0,0,0,0,0
OILGAS.BSE_IDX,01/07/2025,12:41:25,27929.23,0,0,0,0,0,0
OILGAS.BSE_IDX,01/07/2025,12:41:33,27924.91,0,0,0,0,0,0
OILGAS.BSE_IDX,01/07/2025,12:41:41,27927.57,0,0,0,0,0,0
OILGAS.BSE_IDX,01/07/2025,12:41:49,27928.91,0,0,0,0,0,0
OILGAS.BSE_IDX,01/07/2025,12:41:57,27924.81,0,0,0,0,0,0
OILGAS.BSE_IDX,01/07/2025,12:42:05,27925.26,0,0,0,0,0,0
OILGAS.BSE_IDX,01/07/2025,12:42:13,27917.63,0,0,0,0,0,0
OILGAS.BSE_IDX,01/07/2025,12:42:21,27919.66,0,0,0,0,0,0
OILGAS.BSE_IDX,01/07/2025,12:42:29,27918.86,0,0,0,0,0,0
OILGAS.BSE_IDX,01/07/2025,12:42:37,27918.86,0,0,0,0,0,0
OILGAS.BSE_IDX,01/07/2025,12:42:45,27917.31,0,0,0,0,0,0
OILGAS.BSE_IDX,01/07/2025,12:42:53,27917.06,0,0,0,0,0,0
OILGAS.BSE_IDX,01/07/2025,12:43:01,27917.02,0,0,0,0,0,0
OILGAS.BSE_IDX,01/07/2025,12:43:10,27919.92,0,0,0,0,0,0
OILGAS.BSE_IDX,01/07/2025,12:43:17,27923.32,0,0,0,0,0,0
OILGAS.BSE_IDX,01/07/2025,12:43:26,27921.18,0,0,0,0,0,0
OILGAS.BSE_IDX,01/07/2025,12:43:33,27920.97,0,0,0,0,0,0
OILGAS.BSE_IDX,01/07/2025,12:43:41,27919.14,0,0,0,0,0,0
OILGAS.BSE_IDX,01/07/2025,12:43:49,27922.61,0,0,0,0,0,0
OILGAS.BSE_IDX,01/07/2025,12:43:58,27922.25,0,0,0,0,0,0
OILGAS.BSE_IDX,01/07/2025,12:44:05,27919.83,0,0,0,0,0,0
OILGAS.BSE_IDX,01/07/2025,12:44:14,27919.58,0,0,0,0,0,0
OILGAS.BSE_IDX,01/07/2025,12:44:21,27908.41,0,0,0,0,0,0
OILGAS.BSE_IDX,01/07/2025,12:44:29,27906.89,0,0,0,0,0,0
OILGAS.BSE_IDX,01/07/2025,12:44:38,27908.99,0,0,0,0,0,0
OILGAS.BSE_IDX,01/07/2025,12:44:45,27905.93,0,0,0,0,0,0
OILGAS.BSE_IDX,01/07/2025,12:44:53,27901.96,0,0,0,0,0,0
OILGAS.BSE_IDX,01/07/2025,12:45:01,27904.38,0,0,0,0,0,0
OILGAS.BSE_IDX,01/07/2025,12:45:11,27904.53,0,0,0,0,0,0
OILGAS.BSE_IDX,01/07/2025,12:45:17,27904.53,0,0,0,0,0,0
OILGAS.BSE_IDX,01/07/2025,12:45:25,27904.91,0,0,0,0,0,0
OILGAS.BSE_IDX,01/07/2025,12:45:34,27906.31,0,0,0,0,0,0
OILGAS.BSE_IDX,01/07/2025,12:45:42,27904.66,0,0,0,0,0,0
OILGAS.BSE_IDX,01/07/2025,12:45:50,27897.89,0,0,0,0,0,0
OILGAS.BSE_IDX,01/07/2025,12:45:58,27898.98,0,0,0,0,0,0
OILGAS.BSE_IDX,01/07/2025,12:46:06,27900.06,0,0,0,0,0,0
OILGAS.BSE_IDX,01/07/2025,12:46:14,27899.67,0,0,0,0,0,0
OILGAS.BSE_IDX,01/07/2025,12:46:22,27903.05,0,0,0,0,0,0
OILGAS.BSE_IDX,01/07/2025,12:46:30,27901.29,0,0,0,0,0,0
OILGAS.BSE_IDX,01/07/2025,12:46:38,27904.52,0,0,0,0,0,0
OILGAS.BSE_IDX,01/07/2025,12:46:46,27907.02,0,0,0,0,0,0
OILGAS.BSE_IDX,01/07/2025,12:46:54,27906.72,0,0,0,0,0,0
OILGAS.BSE_IDX,01/07/2025,12:47:02,27906.52,0,0,0,0,0,0
OILGAS.BSE_IDX,01/07/2025,12:47:10,27907.36,0,0,0,0,0,0
OILGAS.BSE_IDX,01/07/2025,12:47:18,27907.53,0,0,0,0,0,0
OILGAS.BSE_IDX,01/07/2025,12:47:26,27909.32,0,0,0,0,0,0
OILGAS.BSE_IDX,01/07/2025,12:47:34,27910.08,0,0,0,0,0,0
OILGAS.BSE_IDX,01/07/2025,12:47:42,27910.36,0,0,0,0,0,0
OILGAS.BSE_IDX,01/07/2025,12:47:50,27911.29,0,0,0,0,0,0
OILGAS.BSE_IDX,01/07/2025,12:47:58,27905.62,0,0,0,0,0,0
OILGAS.BSE_IDX,01/07/2025,12:48:06,27904.94,0,0,0,0,0,0
OILGAS.BSE_IDX,01/07/2025,12:48:14,27906.28,0,0,0,0,0,0
OILGAS.BSE_IDX,01/07/2025,12:48:22,27906.48,0,0,0,0,0,0
OILGAS.BSE_IDX,01/07/2025,12:48:30,27907.13,0,0,0,0,0,0
OILGAS.BSE_IDX,01/07/2025,12:48:38,27905.4,0,0,0,0,0,0
OILGAS.BSE_IDX,01/07/2025,12:48:46,27905.4,0,0,0,0,0,0
OILGAS.BSE_IDX,01/07/2025,12:48:54,27907.33,0,0,0,0,0,0
OILGAS.BSE_IDX,01/07/2025,12:49:02,27909.51,0,0,0,0,0,0
OILGAS.BSE_IDX,01/07/2025,12:49:10,27905.32,0,0,0,0,0,0
OILGAS.BSE_IDX,01/07/2025,12:49:18,27904.57,0,0,0,0,0,0
OILGAS.BSE_IDX,01/07/2025,12:49:26,27904.38,0,0,0,0,0,0
OILGAS.BSE_IDX,01/07/2025,12:49:34,27902.75,0,0,0,0,0,0
OILGAS.BSE_IDX,01/07/2025,12:49:42,27902.2,0,0,0,0,0,0
OILGAS.BSE_IDX,01/07/2025,12:49:50,27907.49,0,0,0,0,0,0
OILGAS.BSE_IDX,01/07/2025,12:49:58,27904.98,0,0,0,0,0,0
OILGAS.BSE_IDX,01/07/2025,12:50:06,27903.61,0,0,0,0,0,0
OILGAS.BSE_IDX,01/07/2025,12:50:14,27904.95,0,0,0,0,0,0
OILGAS.BSE_IDX,01/07/2025,12:50:22,27905.61,0,0,0,0,0,0
OILGAS.BSE_IDX,01/07/2025,12:50:30,27905.8,0,0,0,0,0,0
OILGAS.BSE_IDX,01/07/2025,12:50:38,27902.36,0,0,0,0,0,0
OILGAS.BSE_IDX,01/07/2025,12:50:47,27907.14,0,0,0,0,0,0
OILGAS.BSE_IDX,01/07/2025,12:50:54,27906.09,0,0,0,0,0,0
OILGAS.BSE_IDX,01/07/2025,12:51:02,27905.32,0,0,0,0,0,0
OILGAS.BSE_IDX,01/07/2025,12:51:10,27914.14,0,0,0,0,0,0
OILGAS.BSE_IDX,01/07/2025,12:51:19,27914.14,0,0,0,0,0,0
OILGAS.BSE_IDX,01/07/2025,12:51:26,27915.19,0,0,0,0,0,0
OILGAS.BSE_IDX,01/07/2025,12:51:34,27915.97,0,0,0,0,0,0
OILGAS.BSE_IDX,01/07/2025,12:51:42,27913.57,0,0,0,0,0,0
OILGAS.BSE_IDX,01/07/2025,12:51:50,27915.66,0,0,0,0,0,0
OILGAS.BSE_IDX,01/07/2025,12:51:58,27922.49,0,0,0,0,0,0
OILGAS.BSE_IDX,01/07/2025,12:52:06,27917.49,0,0,0,0,0,0
OILGAS.BSE_IDX,01/07/2025,12:52:14,27921.44,0,0,0,0,0,0
OILGAS.BSE_IDX,01/07/2025,12:52:22,27919.53,0,0,0,0,0,0
OILGAS.BSE_IDX,01/07/2025,12:52:30,27921.65,0,0,0,0,0,0
OILGAS.BSE_IDX,01/07/2025,12:52:38,27923.08,0,0,0,0,0,0
OILGAS.BSE_IDX,01/07/2025,12:52:46,27919,0,0,0,0,0,0
OILGAS.BSE_IDX,01/07/2025,12:52:54,27917.08,0,0,0,0,0,0
OILGAS.BSE_IDX,01/07/2025,12:53:02,27918.09,0,0,0,0,0,0
OILGAS.BSE_IDX,01/07/2025,12:53:10,27920.57,0,0,0,0,0,0
OILGAS.BSE_IDX,01/07/2025,12:53:18,27918.03,0,0,0,0,0,0
OILGAS.BSE_IDX,01/07/2025,12:53:26,27917.53,0,0,0,0,0,0
OILGAS.BSE_IDX,01/07/2025,12:53:34,27917.42,0,0,0,0,0,0
OILGAS.BSE_IDX,01/07/2025,12:53:42,27917.04,0,0,0,0,0,0
OILGAS.BSE_IDX,01/07/2025,12:53:50,27917.69,0,0,0,0,0,0
OILGAS.BSE_IDX,01/07/2025,12:53:58,27915.44,0,0,0,0,0,0
OILGAS.BSE_IDX,01/07/2025,12:54:06,27916.07,0,0,0,0,0,0
OILGAS.BSE_IDX,01/07/2025,12:54:14,27915.48,0,0,0,0,0,0
OILGAS.BSE_IDX,01/07/2025,12:54:22,27916.03,0,0,0,0,0,0
