Ticker,Date,Time,LTP,BuyPrice,BuyQty,SellPrice,SellQty,LTQ,OpenInterest
POWER.BSE_IDX,01/07/2025,09:00:07,6892.82,0,0,0,0,0,0
POWER.BSE_IDX,01/07/2025,09:00:15,6928.18,0,0,0,0,0,0
POWER.BSE_IDX,01/07/2025,09:00:23,6901.27,0,0,0,0,0,0
POWER.BSE_IDX,01/07/2025,09:00:31,6901.09,0,0,0,0,0,0
POWER.BSE_IDX,01/07/2025,09:00:39,6899.34,0,0,0,0,0,0
POWER.BSE_IDX,01/07/2025,09:00:47,6892.19,0,0,0,0,0,0
POWER.BSE_IDX,01/07/2025,09:00:55,6890.65,0,0,0,0,0,0
POWER.BSE_IDX,01/07/2025,09:01:03,6891.59,0,0,0,0,0,0
POWER.BSE_IDX,01/07/2025,09:01:11,6890.37,0,0,0,0,0,0
POWER.BSE_IDX,01/07/2025,09:01:19,6893.32,0,0,0,0,0,0
POWER.BSE_IDX,01/07/2025,09:01:27,6926.15,0,0,0,0,0,0
POWER.BSE_IDX,01/07/2025,09:01:35,6924.83,0,0,0,0,0,0
POWER.BSE_IDX,01/07/2025,09:01:43,6924.06,0,0,0,0,0,0
POWER.BSE_IDX,01/07/2025,09:01:51,6924.06,0,0,0,0,0,0
POWER.BSE_IDX,01/07/2025,09:01:59,6931,0,0,0,0,0,0
POWER.BSE_IDX,01/07/2025,09:02:07,6931,0,0,0,0,0,0
POWER.BSE_IDX,01/07/2025,09:02:15,6936.31,0,0,0,0,0,0
POWER.BSE_IDX,01/07/2025,09:02:23,6936.31,0,0,0,0,0,0
POWER.BSE_IDX,01/07/2025,09:02:31,6936.31,0,0,0,0,0,0
POWER.BSE_IDX,01/07/2025,09:02:39,6936.62,0,0,0,0,0,0
POWER.BSE_IDX,01/07/2025,09:02:47,6934.32,0,0,0,0,0,0
POWER.BSE_IDX,01/07/2025,09:02:55,6934.32,0,0,0,0,0,0
POWER.BSE_IDX,01/07/2025,09:03:03,6934.32,0,0,0,0,0,0
POWER.BSE_IDX,01/07/2025,09:03:11,6934.06,0,0,0,0,0,0
POWER.BSE_IDX,01/07/2025,09:03:19,6939.57,0,0,0,0,0,0
POWER.BSE_IDX,01/07/2025,09:03:27,6939.57,0,0,0,0,0,0
POWER.BSE_IDX,01/07/2025,09:03:35,6939.57,0,0,0,0,0,0
POWER.BSE_IDX,01/07/2025,09:03:43,6939.53,0,0,0,0,0,0
POWER.BSE_IDX,01/07/2025,09:03:51,6938.93,0,0,0,0,0,0
POWER.BSE_IDX,01/07/2025,09:03:59,6941.91,0,0,0,0,0,0
POWER.BSE_IDX,01/07/2025,09:04:07,6938.98,0,0,0,0,0,0
POWER.BSE_IDX,01/07/2025,09:04:15,6939.22,0,0,0,0,0,0
POWER.BSE_IDX,01/07/2025,09:04:23,6939.22,0,0,0,0,0,0
POWER.BSE_IDX,01/07/2025,09:04:31,6939.96,0,0,0,0,0,0
POWER.BSE_IDX,01/07/2025,09:04:39,6939.96,0,0,0,0,0,0
POWER.BSE_IDX,01/07/2025,09:04:47,6939.52,0,0,0,0,0,0
POWER.BSE_IDX,01/07/2025,09:04:55,6939.8,0,0,0,0,0,0
POWER.BSE_IDX,01/07/2025,09:05:03,6939.8,0,0,0,0,0,0
POWER.BSE_IDX,01/07/2025,09:05:11,6939.8,0,0,0,0,0,0
POWER.BSE_IDX,01/07/2025,09:05:19,6939.52,0,0,0,0,0,0
POWER.BSE_IDX,01/07/2025,09:05:27,6939.52,0,0,0,0,0,0
POWER.BSE_IDX,01/07/2025,09:05:35,6942.26,0,0,0,0,0,0
POWER.BSE_IDX,01/07/2025,09:05:43,6941.48,0,0,0,0,0,0
POWER.BSE_IDX,01/07/2025,09:05:51,6940.99,0,0,0,0,0,0
POWER.BSE_IDX,01/07/2025,09:05:59,6939.84,0,0,0,0,0,0
POWER.BSE_IDX,01/07/2025,09:06:07,6940.11,0,0,0,0,0,0
POWER.BSE_IDX,01/07/2025,09:06:15,6941.65,0,0,0,0,0,0
POWER.BSE_IDX,01/07/2025,09:06:23,6941.65,0,0,0,0,0,0
POWER.BSE_IDX,01/07/2025,09:06:31,6940.91,0,0,0,0,0,0
POWER.BSE_IDX,01/07/2025,09:06:39,6948.71,0,0,0,0,0,0
POWER.BSE_IDX,01/07/2025,09:06:47,6948.89,0,0,0,0,0,0
POWER.BSE_IDX,01/07/2025,09:06:55,6947.69,0,0,0,0,0,0
POWER.BSE_IDX,01/07/2025,09:07:04,6954.86,0,0,0,0,0,0
POWER.BSE_IDX,01/07/2025,09:07:11,6954.86,0,0,0,0,0,0
POWER.BSE_IDX,01/07/2025,09:07:19,6954.86,0,0,0,0,0,0
POWER.BSE_IDX,01/07/2025,09:07:27,6954.86,0,0,0,0,0,0
POWER.BSE_IDX,01/07/2025,09:07:35,6954.86,0,0,0,0,0,0
POWER.BSE_IDX,01/07/2025,09:07:43,6954.86,0,0,0,0,0,0
POWER.BSE_IDX,01/07/2025,09:07:51,6954.86,0,0,0,0,0,0
POWER.BSE_IDX,01/07/2025,09:07:59,6954.86,0,0,0,0,0,0
POWER.BSE_IDX,01/07/2025,09:08:07,6954.86,0,0,0,0,0,0
POWER.BSE_IDX,01/07/2025,09:08:15,6954.86,0,0,0,0,0,0
POWER.BSE_IDX,01/07/2025,09:08:23,6954.86,0,0,0,0,0,0
POWER.BSE_IDX,01/07/2025,09:08:31,6954.86,0,0,0,0,0,0
POWER.BSE_IDX,01/07/2025,09:08:39,6954.86,0,0,0,0,0,0
POWER.BSE_IDX,01/07/2025,09:08:47,6954.86,0,0,0,0,0,0
POWER.BSE_IDX,01/07/2025,09:08:55,6954.86,0,0,0,0,0,0
POWER.BSE_IDX,01/07/2025,09:09:03,6954.84,0,0,0,0,0,0
POWER.BSE_IDX,01/07/2025,09:09:11,6954.84,0,0,0,0,0,0
POWER.BSE_IDX,01/07/2025,09:09:19,6954.84,0,0,0,0,0,0
POWER.BSE_IDX,01/07/2025,09:09:27,6954.84,0,0,0,0,0,0
POWER.BSE_IDX,01/07/2025,09:09:35,6954.84,0,0,0,0,0,0
POWER.BSE_IDX,01/07/2025,09:09:43,6954.84,0,0,0,0,0,0
POWER.BSE_IDX,01/07/2025,09:09:51,6954.84,0,0,0,0,0,0
POWER.BSE_IDX,01/07/2025,09:09:59,6954.84,0,0,0,0,0,0
POWER.BSE_IDX,01/07/2025,09:10:07,6954.84,0,0,0,0,0,0
POWER.BSE_IDX,01/07/2025,09:10:15,6954.84,0,0,0,0,0,0
POWER.BSE_IDX,01/07/2025,09:10:23,6954.84,0,0,0,0,0,0
POWER.BSE_IDX,01/07/2025,09:10:31,6954.84,0,0,0,0,0,0
POWER.BSE_IDX,01/07/2025,09:10:39,6954.84,0,0,0,0,0,0
POWER.BSE_IDX,01/07/2025,09:10:47,6954.84,0,0,0,0,0,0
POWER.BSE_IDX,01/07/2025,09:10:55,6954.84,0,0,0,0,0,0
POWER.BSE_IDX,01/07/2025,09:11:03,6954.84,0,0,0,0,0,0
POWER.BSE_IDX,01/07/2025,09:11:11,6954.84,0,0,0,0,0,0
POWER.BSE_IDX,01/07/2025,09:11:19,6954.84,0,0,0,0,0,0
POWER.BSE_IDX,01/07/2025,09:11:27,6954.84,0,0,0,0,0,0
POWER.BSE_IDX,01/07/2025,09:11:35,6954.84,0,0,0,0,0,0
POWER.BSE_IDX,01/07/2025,09:11:43,6954.84,0,0,0,0,0,0
POWER.BSE_IDX,01/07/2025,09:11:51,6954.84,0,0,0,0,0,0
POWER.BSE_IDX,01/07/2025,09:11:59,6954.84,0,0,0,0,0,0
POWER.BSE_IDX,01/07/2025,09:12:07,6954.84,0,0,0,0,0,0
POWER.BSE_IDX,01/07/2025,09:12:16,6954.84,0,0,0,0,0,0
POWER.BSE_IDX,01/07/2025,09:12:23,6954.84,0,0,0,0,0,0
POWER.BSE_IDX,01/07/2025,09:12:31,6954.84,0,0,0,0,0,0
POWER.BSE_IDX,01/07/2025,09:12:39,6954.84,0,0,0,0,0,0
POWER.BSE_IDX,01/07/2025,09:12:47,6954.84,0,0,0,0,0,0
POWER.BSE_IDX,01/07/2025,09:12:55,6954.84,0,0,0,0,0,0
POWER.BSE_IDX,01/07/2025,09:13:03,6954.84,0,0,0,0,0,0
POWER.BSE_IDX,01/07/2025,09:13:11,6954.84,0,0,0,0,0,0
POWER.BSE_IDX,01/07/2025,09:13:19,6954.84,0,0,0,0,0,0
POWER.BSE_IDX,01/07/2025,09:13:27,6954.84,0,0,0,0,0,0
POWER.BSE_IDX,01/07/2025,09:13:35,6954.84,0,0,0,0,0,0
POWER.BSE_IDX,01/07/2025,09:13:43,6954.84,0,0,0,0,0,0
POWER.BSE_IDX,01/07/2025,09:13:51,6954.84,0,0,0,0,0,0
POWER.BSE_IDX,01/07/2025,09:13:59,6954.84,0,0,0,0,0,0
POWER.BSE_IDX,01/07/2025,09:14:07,6954.84,0,0,0,0,0,0
POWER.BSE_IDX,01/07/2025,09:14:15,6954.84,0,0,0,0,0,0
POWER.BSE_IDX,01/07/2025,09:14:23,6954.84,0,0,0,0,0,0
POWER.BSE_IDX,01/07/2025,09:14:31,6954.84,0,0,0,0,0,0
POWER.BSE_IDX,01/07/2025,09:14:39,6954.84,0,0,0,0,0,0
POWER.BSE_IDX,01/07/2025,09:14:47,6954.84,0,0,0,0,0,0
POWER.BSE_IDX,01/07/2025,09:14:55,6954.84,0,0,0,0,0,0
POWER.BSE_IDX,01/07/2025,09:15:04,6949.21,0,0,0,0,0,0
POWER.BSE_IDX,01/07/2025,09:15:11,6949.61,0,0,0,0,0,0
POWER.BSE_IDX,01/07/2025,09:15:19,6951.3,0,0,0,0,0,0
POWER.BSE_IDX,01/07/2025,09:15:27,6943.93,0,0,0,0,0,0
POWER.BSE_IDX,01/07/2025,09:15:35,6947.73,0,0,0,0,0,0
POWER.BSE_IDX,01/07/2025,09:15:43,6944.13,0,0,0,0,0,0
POWER.BSE_IDX,01/07/2025,09:15:51,6948.68,0,0,0,0,0,0
POWER.BSE_IDX,01/07/2025,09:15:59,6950.9,0,0,0,0,0,0
POWER.BSE_IDX,01/07/2025,09:16:07,6948.5,0,0,0,0,0,0
POWER.BSE_IDX,01/07/2025,09:16:15,6951.16,0,0,0,0,0,0
POWER.BSE_IDX,01/07/2025,09:16:24,6950.66,0,0,0,0,0,0
POWER.BSE_IDX,01/07/2025,09:16:31,6952.44,0,0,0,0,0,0
POWER.BSE_IDX,01/07/2025,09:16:39,6953.49,0,0,0,0,0,0
POWER.BSE_IDX,01/07/2025,09:16:48,6949.01,0,0,0,0,0,0
POWER.BSE_IDX,01/07/2025,09:16:55,6947.04,0,0,0,0,0,0
POWER.BSE_IDX,01/07/2025,09:17:03,6949.02,0,0,0,0,0,0
POWER.BSE_IDX,01/07/2025,09:17:12,6949.45,0,0,0,0,0,0
POWER.BSE_IDX,01/07/2025,09:17:19,6946.36,0,0,0,0,0,0
POWER.BSE_IDX,01/07/2025,09:17:27,6948.81,0,0,0,0,0,0
POWER.BSE_IDX,01/07/2025,09:17:35,6950.72,0,0,0,0,0,0
POWER.BSE_IDX,01/07/2025,09:17:44,6951.57,0,0,0,0,0,0
POWER.BSE_IDX,01/07/2025,09:17:51,6950.77,0,0,0,0,0,0
POWER.BSE_IDX,01/07/2025,09:17:59,6951.08,0,0,0,0,0,0
POWER.BSE_IDX,01/07/2025,09:18:07,6952.1,0,0,0,0,0,0
POWER.BSE_IDX,01/07/2025,09:18:15,6951.39,0,0,0,0,0,0
POWER.BSE_IDX,01/07/2025,09:18:23,6950.95,0,0,0,0,0,0
POWER.BSE_IDX,01/07/2025,09:18:31,6948.13,0,0,0,0,0,0
POWER.BSE_IDX,01/07/2025,09:18:39,6950.15,0,0,0,0,0,0
POWER.BSE_IDX,01/07/2025,09:18:47,6949.29,0,0,0,0,0,0
POWER.BSE_IDX,01/07/2025,09:18:56,6950.85,0,0,0,0,0,0
POWER.BSE_IDX,01/07/2025,09:19:03,6951.65,0,0,0,0,0,0
POWER.BSE_IDX,01/07/2025,09:19:11,6950.46,0,0,0,0,0,0
POWER.BSE_IDX,01/07/2025,09:19:19,6952,0,0,0,0,0,0
POWER.BSE_IDX,01/07/2025,09:19:28,6951.84,0,0,0,0,0,0
POWER.BSE_IDX,01/07/2025,09:19:35,6953.08,0,0,0,0,0,0
POWER.BSE_IDX,01/07/2025,09:19:43,6952.08,0,0,0,0,0,0
POWER.BSE_IDX,01/07/2025,09:19:52,6953.02,0,0,0,0,0,0
POWER.BSE_IDX,01/07/2025,09:19:59,6953.97,0,0,0,0,0,0
POWER.BSE_IDX,01/07/2025,09:20:07,6953.16,0,0,0,0,0,0
POWER.BSE_IDX,01/07/2025,09:20:15,6954.41,0,0,0,0,0,0
POWER.BSE_IDX,01/07/2025,09:20:24,6954.71,0,0,0,0,0,0
POWER.BSE_IDX,01/07/2025,09:20:31,6953.85,0,0,0,0,0,0
POWER.BSE_IDX,01/07/2025,09:20:39,6954.47,0,0,0,0,0,0
POWER.BSE_IDX,01/07/2025,09:20:47,6953.73,0,0,0,0,0,0
POWER.BSE_IDX,01/07/2025,09:20:55,6953.7,0,0,0,0,0,0
POWER.BSE_IDX,01/07/2025,09:21:03,6952.4,0,0,0,0,0,0
POWER.BSE_IDX,01/07/2025,09:21:11,6953.85,0,0,0,0,0,0
POWER.BSE_IDX,01/07/2025,09:21:19,6957.57,0,0,0,0,0,0
POWER.BSE_IDX,01/07/2025,09:21:27,6957.02,0,0,0,0,0,0
POWER.BSE_IDX,01/07/2025,09:21:36,6954.32,0,0,0,0,0,0
POWER.BSE_IDX,01/07/2025,09:21:43,6953.93,0,0,0,0,0,0
POWER.BSE_IDX,01/07/2025,09:21:51,6955.9,0,0,0,0,0,0
POWER.BSE_IDX,01/07/2025,09:21:59,6954.77,0,0,0,0,0,0
POWER.BSE_IDX,01/07/2025,09:22:07,6955.98,0,0,0,0,0,0
POWER.BSE_IDX,01/07/2025,09:22:15,6957.31,0,0,0,0,0,0
POWER.BSE_IDX,01/07/2025,09:22:23,6957.93,0,0,0,0,0,0
POWER.BSE_IDX,01/07/2025,09:22:31,6960.19,0,0,0,0,0,0
POWER.BSE_IDX,01/07/2025,09:22:39,6961.93,0,0,0,0,0,0
POWER.BSE_IDX,01/07/2025,09:22:47,6961.75,0,0,0,0,0,0
POWER.BSE_IDX,01/07/2025,09:22:55,6962.4,0,0,0,0,0,0
POWER.BSE_IDX,01/07/2025,09:23:03,6963.33,0,0,0,0,0,0
POWER.BSE_IDX,01/07/2025,09:23:11,6963.46,0,0,0,0,0,0
POWER.BSE_IDX,01/07/2025,09:23:19,6962.91,0,0,0,0,0,0
POWER.BSE_IDX,01/07/2025,09:23:27,6963.23,0,0,0,0,0,0
POWER.BSE_IDX,01/07/2025,09:23:35,6962.65,0,0,0,0,0,0
POWER.BSE_IDX,01/07/2025,09:23:44,6961.16,0,0,0,0,0,0
POWER.BSE_IDX,01/07/2025,09:23:51,6961.66,0,0,0,0,0,0
POWER.BSE_IDX,01/07/2025,09:23:59,6961.9,0,0,0,0,0,0
POWER.BSE_IDX,01/07/2025,09:24:08,6959.43,0,0,0,0,0,0
POWER.BSE_IDX,01/07/2025,09:24:15,6959.99,0,0,0,0,0,0
POWER.BSE_IDX,01/07/2025,09:24:23,6959.82,0,0,0,0,0,0
POWER.BSE_IDX,01/07/2025,09:24:32,6960.08,0,0,0,0,0,0
POWER.BSE_IDX,01/07/2025,09:24:39,6960.15,0,0,0,0,0,0
POWER.BSE_IDX,01/07/2025,09:24:48,6961.05,0,0,0,0,0,0
POWER.BSE_IDX,01/07/2025,09:24:57,6961.24,0,0,0,0,0,0
POWER.BSE_IDX,01/07/2025,09:25:03,6960.84,0,0,0,0,0,0
POWER.BSE_IDX,01/07/2025,09:25:12,6960.71,0,0,0,0,0,0
POWER.BSE_IDX,01/07/2025,09:25:19,6962.5,0,0,0,0,0,0
POWER.BSE_IDX,01/07/2025,09:25:29,6961.65,0,0,0,0,0,0
POWER.BSE_IDX,01/07/2025,09:25:35,6962.19,0,0,0,0,0,0
POWER.BSE_IDX,01/07/2025,09:25:43,6962.91,0,0,0,0,0,0
POWER.BSE_IDX,01/07/2025,09:25:51,6961.3,0,0,0,0,0,0
POWER.BSE_IDX,01/07/2025,09:25:59,6961.7,0,0,0,0,0,0
POWER.BSE_IDX,01/07/2025,09:26:08,6961.2,0,0,0,0,0,0
POWER.BSE_IDX,01/07/2025,09:26:15,6962.11,0,0,0,0,0,0
POWER.BSE_IDX,01/07/2025,09:26:23,6961.77,0,0,0,0,0,0
POWER.BSE_IDX,01/07/2025,09:26:31,6960.73,0,0,0,0,0,0
POWER.BSE_IDX,01/07/2025,09:26:39,6959.95,0,0,0,0,0,0
POWER.BSE_IDX,01/07/2025,09:26:48,6959.52,0,0,0,0,0,0
POWER.BSE_IDX,01/07/2025,09:26:55,6959.13,0,0,0,0,0,0
POWER.BSE_IDX,01/07/2025,09:27:04,6959.88,0,0,0,0,0,0
POWER.BSE_IDX,01/07/2025,09:27:12,6959.15,0,0,0,0,0,0
POWER.BSE_IDX,01/07/2025,09:27:19,6957.29,0,0,0,0,0,0
POWER.BSE_IDX,01/07/2025,09:27:28,6957.96,0,0,0,0,0,0
POWER.BSE_IDX,01/07/2025,09:27:36,6957.86,0,0,0,0,0,0
POWER.BSE_IDX,01/07/2025,09:27:44,6958.28,0,0,0,0,0,0
POWER.BSE_IDX,01/07/2025,09:27:51,6958.5,0,0,0,0,0,0
POWER.BSE_IDX,01/07/2025,09:28:00,6958.44,0,0,0,0,0,0
POWER.BSE_IDX,01/07/2025,09:28:08,6958.05,0,0,0,0,0,0
POWER.BSE_IDX,01/07/2025,09:28:16,6954,0,0,0,0,0,0
POWER.BSE_IDX,01/07/2025,09:28:24,6953.12,0,0,0,0,0,0
POWER.BSE_IDX,01/07/2025,09:28:32,6953.39,0,0,0,0,0,0
POWER.BSE_IDX,01/07/2025,09:28:40,6954.97,0,0,0,0,0,0
POWER.BSE_IDX,01/07/2025,09:28:48,6954.26,0,0,0,0,0,0
POWER.BSE_IDX,01/07/2025,09:28:56,6955.66,0,0,0,0,0,0
POWER.BSE_IDX,01/07/2025,09:29:04,6955.17,0,0,0,0,0,0
POWER.BSE_IDX,01/07/2025,09:29:12,6954.96,0,0,0,0,0,0
POWER.BSE_IDX,01/07/2025,09:29:20,6954.69,0,0,0,0,0,0
POWER.BSE_IDX,01/07/2025,09:29:28,6953.78,0,0,0,0,0,0
POWER.BSE_IDX,01/07/2025,09:29:36,6953.31,0,0,0,0,0,0
POWER.BSE_IDX,01/07/2025,09:29:44,6951.24,0,0,0,0,0,0
POWER.BSE_IDX,01/07/2025,09:29:52,6952.16,0,0,0,0,0,0
POWER.BSE_IDX,01/07/2025,09:30:00,6951.89,0,0,0,0,0,0
POWER.BSE_IDX,01/07/2025,09:30:08,6953.46,0,0,0,0,0,0
POWER.BSE_IDX,01/07/2025,09:30:16,6957.44,0,0,0,0,0,0
POWER.BSE_IDX,01/07/2025,09:30:24,6958.28,0,0,0,0,0,0
POWER.BSE_IDX,01/07/2025,09:30:32,6959.93,0,0,0,0,0,0
POWER.BSE_IDX,01/07/2025,09:30:40,6960.51,0,0,0,0,0,0
POWER.BSE_IDX,01/07/2025,09:30:48,6957.85,0,0,0,0,0,0
POWER.BSE_IDX,01/07/2025,09:30:56,6953.84,0,0,0,0,0,0
POWER.BSE_IDX,01/07/2025,09:31:04,6954.52,0,0,0,0,0,0
POWER.BSE_IDX,01/07/2025,09:31:12,6951.11,0,0,0,0,0,0
POWER.BSE_IDX,01/07/2025,09:31:20,6950.81,0,0,0,0,0,0
POWER.BSE_IDX,01/07/2025,09:31:28,6948.64,0,0,0,0,0,0
POWER.BSE_IDX,01/07/2025,09:31:36,6949.98,0,0,0,0,0,0
POWER.BSE_IDX,01/07/2025,09:31:44,6949.58,0,0,0,0,0,0
POWER.BSE_IDX,01/07/2025,09:31:52,6948.88,0,0,0,0,0,0
POWER.BSE_IDX,01/07/2025,09:32:00,6949.17,0,0,0,0,0,0
POWER.BSE_IDX,01/07/2025,09:32:08,6946.96,0,0,0,0,0,0
POWER.BSE_IDX,01/07/2025,09:32:16,6947.52,0,0,0,0,0,0
POWER.BSE_IDX,01/07/2025,09:32:24,6947,0,0,0,0,0,0
POWER.BSE_IDX,01/07/2025,09:32:32,6947.27,0,0,0,0,0,0
POWER.BSE_IDX,01/07/2025,09:32:40,6948.68,0,0,0,0,0,0
POWER.BSE_IDX,01/07/2025,09:32:48,6949.68,0,0,0,0,0,0
POWER.BSE_IDX,01/07/2025,09:32:56,6950.36,0,0,0,0,0,0
POWER.BSE_IDX,01/07/2025,09:33:04,6951.46,0,0,0,0,0,0
POWER.BSE_IDX,01/07/2025,09:33:12,6952.89,0,0,0,0,0,0
POWER.BSE_IDX,01/07/2025,09:33:20,6952.38,0,0,0,0,0,0
POWER.BSE_IDX,01/07/2025,09:33:28,6953.91,0,0,0,0,0,0
POWER.BSE_IDX,01/07/2025,09:33:36,6953.19,0,0,0,0,0,0
POWER.BSE_IDX,01/07/2025,09:33:44,6951.29,0,0,0,0,0,0
POWER.BSE_IDX,01/07/2025,09:33:52,6950.17,0,0,0,0,0,0
POWER.BSE_IDX,01/07/2025,09:34:00,6951.26,0,0,0,0,0,0
POWER.BSE_IDX,01/07/2025,09:34:08,6950.03,0,0,0,0,0,0
POWER.BSE_IDX,01/07/2025,09:34:16,6948.25,0,0,0,0,0,0
POWER.BSE_IDX,01/07/2025,09:34:24,6949.17,0,0,0,0,0,0
POWER.BSE_IDX,01/07/2025,09:34:32,6951.44,0,0,0,0,0,0
POWER.BSE_IDX,01/07/2025,09:34:40,6950.79,0,0,0,0,0,0
POWER.BSE_IDX,01/07/2025,09:34:48,6951.86,0,0,0,0,0,0
POWER.BSE_IDX,01/07/2025,09:34:56,6951.92,0,0,0,0,0,0
POWER.BSE_IDX,01/07/2025,09:35:05,6951.13,0,0,0,0,0,0
POWER.BSE_IDX,01/07/2025,09:35:12,6951.08,0,0,0,0,0,0
POWER.BSE_IDX,01/07/2025,09:35:20,6950.54,0,0,0,0,0,0
POWER.BSE_IDX,01/07/2025,09:35:28,6949.28,0,0,0,0,0,0
POWER.BSE_IDX,01/07/2025,09:35:36,6948.96,0,0,0,0,0,0
POWER.BSE_IDX,01/07/2025,09:35:44,6950.79,0,0,0,0,0,0
POWER.BSE_IDX,01/07/2025,09:35:52,6950.64,0,0,0,0,0,0
POWER.BSE_IDX,01/07/2025,09:36:00,6949.85,0,0,0,0,0,0
POWER.BSE_IDX,01/07/2025,09:36:08,6948.73,0,0,0,0,0,0
POWER.BSE_IDX,01/07/2025,09:36:16,6950.49,0,0,0,0,0,0
POWER.BSE_IDX,01/07/2025,09:36:24,6950.22,0,0,0,0,0,0
POWER.BSE_IDX,01/07/2025,09:36:33,6950.23,0,0,0,0,0,0
POWER.BSE_IDX,01/07/2025,09:36:40,6948.1,0,0,0,0,0,0
POWER.BSE_IDX,01/07/2025,09:36:48,6948.6,0,0,0,0,0,0
POWER.BSE_IDX,01/07/2025,09:36:56,6949.85,0,0,0,0,0,0
POWER.BSE_IDX,01/07/2025,09:37:04,6948.24,0,0,0,0,0,0
POWER.BSE_IDX,01/07/2025,09:37:12,6948.28,0,0,0,0,0,0
POWER.BSE_IDX,01/07/2025,09:37:20,6950.93,0,0,0,0,0,0
POWER.BSE_IDX,01/07/2025,09:37:28,6952.62,0,0,0,0,0,0
POWER.BSE_IDX,01/07/2025,09:37:36,6952.85,0,0,0,0,0,0
POWER.BSE_IDX,01/07/2025,09:37:44,6951.19,0,0,0,0,0,0
POWER.BSE_IDX,01/07/2025,09:37:52,6951.78,0,0,0,0,0,0
POWER.BSE_IDX,01/07/2025,09:38:00,6951.2,0,0,0,0,0,0
POWER.BSE_IDX,01/07/2025,09:38:08,6951.13,0,0,0,0,0,0
POWER.BSE_IDX,01/07/2025,09:38:16,6948.05,0,0,0,0,0,0
POWER.BSE_IDX,01/07/2025,09:38:24,6949.55,0,0,0,0,0,0
POWER.BSE_IDX,01/07/2025,09:38:32,6948.24,0,0,0,0,0,0
POWER.BSE_IDX,01/07/2025,09:38:40,6947.03,0,0,0,0,0,0
POWER.BSE_IDX,01/07/2025,09:38:48,6946.09,0,0,0,0,0,0
POWER.BSE_IDX,01/07/2025,09:38:56,6946.05,0,0,0,0,0,0
POWER.BSE_IDX,01/07/2025,09:39:04,6946.74,0,0,0,0,0,0
POWER.BSE_IDX,01/07/2025,09:39:12,6946.94,0,0,0,0,0,0
POWER.BSE_IDX,01/07/2025,09:39:20,6949.06,0,0,0,0,0,0
POWER.BSE_IDX,01/07/2025,09:39:28,6950.46,0,0,0,0,0,0
POWER.BSE_IDX,01/07/2025,09:39:36,6948.96,0,0,0,0,0,0
POWER.BSE_IDX,01/07/2025,09:39:44,6948.81,0,0,0,0,0,0
POWER.BSE_IDX,01/07/2025,09:39:52,6949.15,0,0,0,0,0,0
POWER.BSE_IDX,01/07/2025,09:40:00,6949,0,0,0,0,0,0
POWER.BSE_IDX,01/07/2025,09:40:08,6949.59,0,0,0,0,0,0
POWER.BSE_IDX,01/07/2025,09:40:16,6953.28,0,0,0,0,0,0
POWER.BSE_IDX,01/07/2025,09:40:24,6952.45,0,0,0,0,0,0
POWER.BSE_IDX,01/07/2025,09:40:32,6952.57,0,0,0,0,0,0
POWER.BSE_IDX,01/07/2025,09:40:40,6951.29,0,0,0,0,0,0
POWER.BSE_IDX,01/07/2025,09:40:48,6952.96,0,0,0,0,0,0
POWER.BSE_IDX,01/07/2025,09:40:56,6952.3,0,0,0,0,0,0
POWER.BSE_IDX,01/07/2025,09:41:04,6948.49,0,0,0,0,0,0
POWER.BSE_IDX,01/07/2025,09:41:12,6949.92,0,0,0,0,0,0
POWER.BSE_IDX,01/07/2025,09:41:20,6948.52,0,0,0,0,0,0
POWER.BSE_IDX,01/07/2025,09:41:28,6950.2,0,0,0,0,0,0
POWER.BSE_IDX,01/07/2025,09:41:36,6948.48,0,0,0,0,0,0
POWER.BSE_IDX,01/07/2025,09:41:44,6949.94,0,0,0,0,0,0
POWER.BSE_IDX,01/07/2025,09:41:52,6947.41,0,0,0,0,0,0
POWER.BSE_IDX,01/07/2025,09:42:00,6949.33,0,0,0,0,0,0
POWER.BSE_IDX,01/07/2025,09:42:08,6948.59,0,0,0,0,0,0
POWER.BSE_IDX,01/07/2025,09:42:16,6946.53,0,0,0,0,0,0
POWER.BSE_IDX,01/07/2025,09:42:24,6946.93,0,0,0,0,0,0
POWER.BSE_IDX,01/07/2025,09:42:32,6947.8,0,0,0,0,0,0
POWER.BSE_IDX,01/07/2025,09:42:40,6946.97,0,0,0,0,0,0
POWER.BSE_IDX,01/07/2025,09:42:48,6947.76,0,0,0,0,0,0
POWER.BSE_IDX,01/07/2025,09:42:56,6949.47,0,0,0,0,0,0
POWER.BSE_IDX,01/07/2025,09:43:04,6949.11,0,0,0,0,0,0
POWER.BSE_IDX,01/07/2025,09:43:12,6948.26,0,0,0,0,0,0
POWER.BSE_IDX,01/07/2025,09:43:20,6945.82,0,0,0,0,0,0
POWER.BSE_IDX,01/07/2025,09:43:28,6946.5,0,0,0,0,0,0
POWER.BSE_IDX,01/07/2025,09:43:36,6947.49,0,0,0,0,0,0
POWER.BSE_IDX,01/07/2025,09:43:44,6947.2,0,0,0,0,0,0
POWER.BSE_IDX,01/07/2025,09:43:53,6945.67,0,0,0,0,0,0
POWER.BSE_IDX,01/07/2025,09:44:00,6945.8,0,0,0,0,0,0
POWER.BSE_IDX,01/07/2025,09:44:08,6945.11,0,0,0,0,0,0
POWER.BSE_IDX,01/07/2025,09:44:16,6943.81,0,0,0,0,0,0
POWER.BSE_IDX,01/07/2025,09:44:24,6943.74,0,0,0,0,0,0
POWER.BSE_IDX,01/07/2025,09:44:32,6944.47,0,0,0,0,0,0
POWER.BSE_IDX,01/07/2025,09:44:40,6943.36,0,0,0,0,0,0
POWER.BSE_IDX,01/07/2025,09:44:48,6942.76,0,0,0,0,0,0
POWER.BSE_IDX,01/07/2025,09:44:56,6940.18,0,0,0,0,0,0
POWER.BSE_IDX,01/07/2025,09:45:05,6939.46,0,0,0,0,0,0
POWER.BSE_IDX,01/07/2025,09:45:12,6937.65,0,0,0,0,0,0
POWER.BSE_IDX,01/07/2025,09:45:20,6936.72,0,0,0,0,0,0
POWER.BSE_IDX,01/07/2025,09:45:28,6937.99,0,0,0,0,0,0
POWER.BSE_IDX,01/07/2025,09:45:36,6936.44,0,0,0,0,0,0
POWER.BSE_IDX,01/07/2025,09:45:44,6934.25,0,0,0,0,0,0
POWER.BSE_IDX,01/07/2025,09:45:52,6935.59,0,0,0,0,0,0
POWER.BSE_IDX,01/07/2025,09:46:01,6935.23,0,0,0,0,0,0
POWER.BSE_IDX,01/07/2025,09:46:08,6935.7,0,0,0,0,0,0
POWER.BSE_IDX,01/07/2025,09:46:16,6936.82,0,0,0,0,0,0
POWER.BSE_IDX,01/07/2025,09:46:24,6937.8,0,0,0,0,0,0
POWER.BSE_IDX,01/07/2025,09:46:32,6936.52,0,0,0,0,0,0
POWER.BSE_IDX,01/07/2025,09:46:40,6937.01,0,0,0,0,0,0
POWER.BSE_IDX,01/07/2025,09:46:48,6938.17,0,0,0,0,0,0
POWER.BSE_IDX,01/07/2025,09:46:56,6937.61,0,0,0,0,0,0
POWER.BSE_IDX,01/07/2025,09:47:04,6938,0,0,0,0,0,0
POWER.BSE_IDX,01/07/2025,09:47:12,6937.3,0,0,0,0,0,0
POWER.BSE_IDX,01/07/2025,09:47:20,6937.07,0,0,0,0,0,0
POWER.BSE_IDX,01/07/2025,09:47:28,6936.99,0,0,0,0,0,0
POWER.BSE_IDX,01/07/2025,09:47:36,6935.59,0,0,0,0,0,0
POWER.BSE_IDX,01/07/2025,09:47:44,6935.35,0,0,0,0,0,0
POWER.BSE_IDX,01/07/2025,09:47:52,6935.3,0,0,0,0,0,0
POWER.BSE_IDX,01/07/2025,09:48:00,6935.94,0,0,0,0,0,0
POWER.BSE_IDX,01/07/2025,09:48:08,6936.05,0,0,0,0,0,0
POWER.BSE_IDX,01/07/2025,09:48:16,6935.83,0,0,0,0,0,0
POWER.BSE_IDX,01/07/2025,09:48:24,6938.38,0,0,0,0,0,0
POWER.BSE_IDX,01/07/2025,09:48:32,6939.47,0,0,0,0,0,0
POWER.BSE_IDX,01/07/2025,09:48:40,6937.91,0,0,0,0,0,0
POWER.BSE_IDX,01/07/2025,09:48:48,6937.35,0,0,0,0,0,0
POWER.BSE_IDX,01/07/2025,09:48:56,6937.92,0,0,0,0,0,0
POWER.BSE_IDX,01/07/2025,09:49:04,6938.43,0,0,0,0,0,0
POWER.BSE_IDX,01/07/2025,09:49:12,6939.16,0,0,0,0,0,0
POWER.BSE_IDX,01/07/2025,09:49:20,6940.32,0,0,0,0,0,0
POWER.BSE_IDX,01/07/2025,09:49:28,6941.02,0,0,0,0,0,0
POWER.BSE_IDX,01/07/2025,09:49:36,6940.27,0,0,0,0,0,0
POWER.BSE_IDX,01/07/2025,09:49:44,6940.31,0,0,0,0,0,0
POWER.BSE_IDX,01/07/2025,09:49:52,6941.08,0,0,0,0,0,0
POWER.BSE_IDX,01/07/2025,09:50:00,6942.62,0,0,0,0,0,0
POWER.BSE_IDX,01/07/2025,09:50:08,6943.01,0,0,0,0,0,0
POWER.BSE_IDX,01/07/2025,09:50:16,6944.18,0,0,0,0,0,0
POWER.BSE_IDX,01/07/2025,09:50:24,6943.13,0,0,0,0,0,0
POWER.BSE_IDX,01/07/2025,09:50:32,6943.99,0,0,0,0,0,0
POWER.BSE_IDX,01/07/2025,09:50:40,6942.78,0,0,0,0,0,0
POWER.BSE_IDX,01/07/2025,09:50:48,6942.38,0,0,0,0,0,0
POWER.BSE_IDX,01/07/2025,09:50:57,6939.89,0,0,0,0,0,0
POWER.BSE_IDX,01/07/2025,09:51:04,6939.24,0,0,0,0,0,0
POWER.BSE_IDX,01/07/2025,09:51:12,6940.54,0,0,0,0,0,0
POWER.BSE_IDX,01/07/2025,09:51:20,6940.19,0,0,0,0,0,0
POWER.BSE_IDX,01/07/2025,09:51:28,6938.82,0,0,0,0,0,0
POWER.BSE_IDX,01/07/2025,09:51:37,6938.8,0,0,0,0,0,0
POWER.BSE_IDX,01/07/2025,09:51:44,6940.23,0,0,0,0,0,0
POWER.BSE_IDX,01/07/2025,09:51:52,6939.03,0,0,0,0,0,0
POWER.BSE_IDX,01/07/2025,09:52:01,6939.44,0,0,0,0,0,0
POWER.BSE_IDX,01/07/2025,09:52:08,6940.42,0,0,0,0,0,0
POWER.BSE_IDX,01/07/2025,09:52:17,6936.89,0,0,0,0,0,0
POWER.BSE_IDX,01/07/2025,09:52:24,6937.23,0,0,0,0,0,0
POWER.BSE_IDX,01/07/2025,09:52:32,6937.44,0,0,0,0,0,0
POWER.BSE_IDX,01/07/2025,09:52:40,6940.14,0,0,0,0,0,0
POWER.BSE_IDX,01/07/2025,09:52:48,6938.48,0,0,0,0,0,0
POWER.BSE_IDX,01/07/2025,09:52:57,6939.15,0,0,0,0,0,0
POWER.BSE_IDX,01/07/2025,09:53:04,6939.88,0,0,0,0,0,0
POWER.BSE_IDX,01/07/2025,09:53:13,6940.29,0,0,0,0,0,0
POWER.BSE_IDX,01/07/2025,09:53:20,6939.59,0,0,0,0,0,0
POWER.BSE_IDX,01/07/2025,09:53:28,6941.36,0,0,0,0,0,0
POWER.BSE_IDX,01/07/2025,09:53:36,6939.57,0,0,0,0,0,0
POWER.BSE_IDX,01/07/2025,09:53:44,6940.36,0,0,0,0,0,0
POWER.BSE_IDX,01/07/2025,09:53:52,6940.3,0,0,0,0,0,0
POWER.BSE_IDX,01/07/2025,09:54:00,6938.09,0,0,0,0,0,0
POWER.BSE_IDX,01/07/2025,09:54:08,6938.8,0,0,0,0,0,0
POWER.BSE_IDX,01/07/2025,09:54:16,6937.86,0,0,0,0,0,0
POWER.BSE_IDX,01/07/2025,09:54:24,6936,0,0,0,0,0,0
POWER.BSE_IDX,01/07/2025,09:54:32,6936.75,0,0,0,0,0,0
POWER.BSE_IDX,01/07/2025,09:54:40,6935.48,0,0,0,0,0,0
POWER.BSE_IDX,01/07/2025,09:54:48,6936.68,0,0,0,0,0,0
POWER.BSE_IDX,01/07/2025,09:54:56,6935.98,0,0,0,0,0,0
POWER.BSE_IDX,01/07/2025,09:55:04,6934.16,0,0,0,0,0,0
POWER.BSE_IDX,01/07/2025,09:55:12,6932.46,0,0,0,0,0,0
POWER.BSE_IDX,01/07/2025,09:55:20,6933.27,0,0,0,0,0,0
POWER.BSE_IDX,01/07/2025,09:55:28,6933.1,0,0,0,0,0,0
POWER.BSE_IDX,01/07/2025,09:55:36,6933.57,0,0,0,0,0,0
POWER.BSE_IDX,01/07/2025,09:55:44,6934.02,0,0,0,0,0,0
POWER.BSE_IDX,01/07/2025,09:55:52,6934.6,0,0,0,0,0,0
POWER.BSE_IDX,01/07/2025,09:56:00,6934.03,0,0,0,0,0,0
POWER.BSE_IDX,01/07/2025,09:56:08,6934.99,0,0,0,0,0,0
POWER.BSE_IDX,01/07/2025,09:56:16,6935.55,0,0,0,0,0,0
POWER.BSE_IDX,01/07/2025,09:56:25,6935.47,0,0,0,0,0,0
POWER.BSE_IDX,01/07/2025,09:56:32,6935.49,0,0,0,0,0,0
POWER.BSE_IDX,01/07/2025,09:56:41,6934.65,0,0,0,0,0,0
POWER.BSE_IDX,01/07/2025,09:56:48,6934.94,0,0,0,0,0,0
POWER.BSE_IDX,01/07/2025,09:56:57,6935.23,0,0,0,0,0,0
POWER.BSE_IDX,01/07/2025,09:57:04,6935.52,0,0,0,0,0,0
POWER.BSE_IDX,01/07/2025,09:57:12,6936.99,0,0,0,0,0,0
POWER.BSE_IDX,01/07/2025,09:57:20,6938.15,0,0,0,0,0,0
POWER.BSE_IDX,01/07/2025,09:57:28,6937.66,0,0,0,0,0,0
POWER.BSE_IDX,01/07/2025,09:57:36,6936.92,0,0,0,0,0,0
POWER.BSE_IDX,01/07/2025,09:57:44,6937.93,0,0,0,0,0,0
POWER.BSE_IDX,01/07/2025,09:57:52,6938.72,0,0,0,0,0,0
POWER.BSE_IDX,01/07/2025,09:58:00,6937.9,0,0,0,0,0,0
POWER.BSE_IDX,01/07/2025,09:58:08,6937.77,0,0,0,0,0,0
POWER.BSE_IDX,01/07/2025,09:58:16,6938.5,0,0,0,0,0,0
POWER.BSE_IDX,01/07/2025,09:58:24,6938.51,0,0,0,0,0,0
POWER.BSE_IDX,01/07/2025,09:58:32,6939.16,0,0,0,0,0,0
POWER.BSE_IDX,01/07/2025,09:58:40,6938.29,0,0,0,0,0,0
POWER.BSE_IDX,01/07/2025,09:58:48,6938.4,0,0,0,0,0,0
POWER.BSE_IDX,01/07/2025,09:58:56,6938.6,0,0,0,0,0,0
POWER.BSE_IDX,01/07/2025,09:59:05,6938.73,0,0,0,0,0,0
POWER.BSE_IDX,01/07/2025,09:59:12,6937.92,0,0,0,0,0,0
POWER.BSE_IDX,01/07/2025,09:59:20,6938.78,0,0,0,0,0,0
POWER.BSE_IDX,01/07/2025,09:59:28,6939,0,0,0,0,0,0
POWER.BSE_IDX,01/07/2025,09:59:36,6938.41,0,0,0,0,0,0
POWER.BSE_IDX,01/07/2025,09:59:45,6938.51,0,0,0,0,0,0
POWER.BSE_IDX,01/07/2025,09:59:52,6939.32,0,0,0,0,0,0
POWER.BSE_IDX,01/07/2025,10:00:00,6937.08,0,0,0,0,0,0
POWER.BSE_IDX,01/07/2025,10:00:08,6936.54,0,0,0,0,0,0
POWER.BSE_IDX,01/07/2025,10:00:16,6937.53,0,0,0,0,0,0
POWER.BSE_IDX,01/07/2025,10:00:24,6937.27,0,0,0,0,0,0
POWER.BSE_IDX,01/07/2025,10:00:32,6937.66,0,0,0,0,0,0
POWER.BSE_IDX,01/07/2025,10:00:40,6938.3,0,0,0,0,0,0
POWER.BSE_IDX,01/07/2025,10:00:48,6938.26,0,0,0,0,0,0
POWER.BSE_IDX,01/07/2025,10:00:56,6937.58,0,0,0,0,0,0
POWER.BSE_IDX,01/07/2025,10:01:04,6936.56,0,0,0,0,0,0
POWER.BSE_IDX,01/07/2025,10:01:12,6935.76,0,0,0,0,0,0
POWER.BSE_IDX,01/07/2025,10:01:21,6935.88,0,0,0,0,0,0
POWER.BSE_IDX,01/07/2025,10:01:28,6934.76,0,0,0,0,0,0
POWER.BSE_IDX,01/07/2025,10:01:36,6934.42,0,0,0,0,0,0
POWER.BSE_IDX,01/07/2025,10:01:44,6935.48,0,0,0,0,0,0
POWER.BSE_IDX,01/07/2025,10:01:52,6934.3,0,0,0,0,0,0
POWER.BSE_IDX,01/07/2025,10:02:00,6934.93,0,0,0,0,0,0
POWER.BSE_IDX,01/07/2025,10:02:08,6934.38,0,0,0,0,0,0
POWER.BSE_IDX,01/07/2025,10:02:16,6933.23,0,0,0,0,0,0
POWER.BSE_IDX,01/07/2025,10:02:24,6932.42,0,0,0,0,0,0
POWER.BSE_IDX,01/07/2025,10:02:32,6931.61,0,0,0,0,0,0
POWER.BSE_IDX,01/07/2025,10:02:41,6931.3,0,0,0,0,0,0
POWER.BSE_IDX,01/07/2025,10:02:49,6932.12,0,0,0,0,0,0
POWER.BSE_IDX,01/07/2025,10:02:56,6932.65,0,0,0,0,0,0
POWER.BSE_IDX,01/07/2025,10:03:04,6931.68,0,0,0,0,0,0
POWER.BSE_IDX,01/07/2025,10:03:13,6931.05,0,0,0,0,0,0
POWER.BSE_IDX,01/07/2025,10:03:20,6929.92,0,0,0,0,0,0
POWER.BSE_IDX,01/07/2025,10:03:29,6929.09,0,0,0,0,0,0
POWER.BSE_IDX,01/07/2025,10:03:37,6929.05,0,0,0,0,0,0
POWER.BSE_IDX,01/07/2025,10:03:45,6929.37,0,0,0,0,0,0
POWER.BSE_IDX,01/07/2025,10:03:53,6928.18,0,0,0,0,0,0
POWER.BSE_IDX,01/07/2025,10:04:01,6927.45,0,0,0,0,0,0
POWER.BSE_IDX,01/07/2025,10:04:09,6926.99,0,0,0,0,0,0
POWER.BSE_IDX,01/07/2025,10:04:17,6927.49,0,0,0,0,0,0
POWER.BSE_IDX,01/07/2025,10:04:25,6927.54,0,0,0,0,0,0
POWER.BSE_IDX,01/07/2025,10:04:33,6926.13,0,0,0,0,0,0
POWER.BSE_IDX,01/07/2025,10:04:41,6926.43,0,0,0,0,0,0
POWER.BSE_IDX,01/07/2025,10:04:50,6928.73,0,0,0,0,0,0
POWER.BSE_IDX,01/07/2025,10:04:57,6928.11,0,0,0,0,0,0
POWER.BSE_IDX,01/07/2025,10:05:05,6926.47,0,0,0,0,0,0
POWER.BSE_IDX,01/07/2025,10:05:14,6927.61,0,0,0,0,0,0
POWER.BSE_IDX,01/07/2025,10:05:21,6926.09,0,0,0,0,0,0
POWER.BSE_IDX,01/07/2025,10:05:29,6925.14,0,0,0,0,0,0
POWER.BSE_IDX,01/07/2025,10:05:37,6924.01,0,0,0,0,0,0
POWER.BSE_IDX,01/07/2025,10:05:45,6927.15,0,0,0,0,0,0
POWER.BSE_IDX,01/07/2025,10:05:53,6927.31,0,0,0,0,0,0
POWER.BSE_IDX,01/07/2025,10:06:01,6928.56,0,0,0,0,0,0
POWER.BSE_IDX,01/07/2025,10:06:09,6928.88,0,0,0,0,0,0
POWER.BSE_IDX,01/07/2025,10:06:17,6926.87,0,0,0,0,0,0
POWER.BSE_IDX,01/07/2025,10:06:25,6928.06,0,0,0,0,0,0
POWER.BSE_IDX,01/07/2025,10:06:33,6929.5,0,0,0,0,0,0
POWER.BSE_IDX,01/07/2025,10:06:41,6929.99,0,0,0,0,0,0
POWER.BSE_IDX,01/07/2025,10:06:49,6928.27,0,0,0,0,0,0
POWER.BSE_IDX,01/07/2025,10:06:57,6928.35,0,0,0,0,0,0
POWER.BSE_IDX,01/07/2025,10:07:05,6929.72,0,0,0,0,0,0
POWER.BSE_IDX,01/07/2025,10:07:13,6932.62,0,0,0,0,0,0
POWER.BSE_IDX,01/07/2025,10:07:21,6933.06,0,0,0,0,0,0
POWER.BSE_IDX,01/07/2025,10:07:29,6932.83,0,0,0,0,0,0
POWER.BSE_IDX,01/07/2025,10:07:37,6933.54,0,0,0,0,0,0
POWER.BSE_IDX,01/07/2025,10:07:45,6935.14,0,0,0,0,0,0
POWER.BSE_IDX,01/07/2025,10:07:53,6934.55,0,0,0,0,0,0
POWER.BSE_IDX,01/07/2025,10:08:01,6933.83,0,0,0,0,0,0
POWER.BSE_IDX,01/07/2025,10:08:09,6933.44,0,0,0,0,0,0
POWER.BSE_IDX,01/07/2025,10:08:17,6933.93,0,0,0,0,0,0
POWER.BSE_IDX,01/07/2025,10:08:25,6934.55,0,0,0,0,0,0
POWER.BSE_IDX,01/07/2025,10:08:33,6934.21,0,0,0,0,0,0
POWER.BSE_IDX,01/07/2025,10:08:41,6932.81,0,0,0,0,0,0
POWER.BSE_IDX,01/07/2025,10:08:49,6933.61,0,0,0,0,0,0
POWER.BSE_IDX,01/07/2025,10:08:57,6932.58,0,0,0,0,0,0
POWER.BSE_IDX,01/07/2025,10:09:05,6930.72,0,0,0,0,0,0
POWER.BSE_IDX,01/07/2025,10:09:13,6930.78,0,0,0,0,0,0
POWER.BSE_IDX,01/07/2025,10:09:21,6930.99,0,0,0,0,0,0
POWER.BSE_IDX,01/07/2025,10:09:29,6930.87,0,0,0,0,0,0
POWER.BSE_IDX,01/07/2025,10:09:37,6931.89,0,0,0,0,0,0
POWER.BSE_IDX,01/07/2025,10:09:45,6931.6,0,0,0,0,0,0
POWER.BSE_IDX,01/07/2025,10:09:53,6932.1,0,0,0,0,0,0
POWER.BSE_IDX,01/07/2025,10:10:01,6933.2,0,0,0,0,0,0
POWER.BSE_IDX,01/07/2025,10:10:09,6933.08,0,0,0,0,0,0
POWER.BSE_IDX,01/07/2025,10:10:17,6935.2,0,0,0,0,0,0
POWER.BSE_IDX,01/07/2025,10:10:25,6935.31,0,0,0,0,0,0
POWER.BSE_IDX,01/07/2025,10:10:33,6935.22,0,0,0,0,0,0
POWER.BSE_IDX,01/07/2025,10:10:41,6935.38,0,0,0,0,0,0
POWER.BSE_IDX,01/07/2025,10:10:49,6934.75,0,0,0,0,0,0
POWER.BSE_IDX,01/07/2025,10:10:57,6935.68,0,0,0,0,0,0
POWER.BSE_IDX,01/07/2025,10:11:05,6935.41,0,0,0,0,0,0
POWER.BSE_IDX,01/07/2025,10:11:13,6935.22,0,0,0,0,0,0
POWER.BSE_IDX,01/07/2025,10:11:22,6934.04,0,0,0,0,0,0
POWER.BSE_IDX,01/07/2025,10:11:29,6933.75,0,0,0,0,0,0
POWER.BSE_IDX,01/07/2025,10:11:37,6932.68,0,0,0,0,0,0
POWER.BSE_IDX,01/07/2025,10:11:45,6932.68,0,0,0,0,0,0
POWER.BSE_IDX,01/07/2025,10:11:53,6931.52,0,0,0,0,0,0
POWER.BSE_IDX,01/07/2025,10:12:01,6931.88,0,0,0,0,0,0
POWER.BSE_IDX,01/07/2025,10:12:09,6931.78,0,0,0,0,0,0
POWER.BSE_IDX,01/07/2025,10:12:17,6929.27,0,0,0,0,0,0
POWER.BSE_IDX,01/07/2025,10:12:25,6930.75,0,0,0,0,0,0
POWER.BSE_IDX,01/07/2025,10:12:33,6928.59,0,0,0,0,0,0
POWER.BSE_IDX,01/07/2025,10:12:41,6928.64,0,0,0,0,0,0
POWER.BSE_IDX,01/07/2025,10:12:49,6928.24,0,0,0,0,0,0
POWER.BSE_IDX,01/07/2025,10:12:57,6925.88,0,0,0,0,0,0
POWER.BSE_IDX,01/07/2025,10:13:05,6925.7,0,0,0,0,0,0
POWER.BSE_IDX,01/07/2025,10:13:13,6925.87,0,0,0,0,0,0
POWER.BSE_IDX,01/07/2025,10:13:21,6927.2,0,0,0,0,0,0
POWER.BSE_IDX,01/07/2025,10:13:29,6927.36,0,0,0,0,0,0
POWER.BSE_IDX,01/07/2025,10:13:37,6925.34,0,0,0,0,0,0
POWER.BSE_IDX,01/07/2025,10:13:45,6926.03,0,0,0,0,0,0
POWER.BSE_IDX,01/07/2025,10:13:53,6924.54,0,0,0,0,0,0
POWER.BSE_IDX,01/07/2025,10:14:01,6922.33,0,0,0,0,0,0
POWER.BSE_IDX,01/07/2025,10:14:09,6922.56,0,0,0,0,0,0
POWER.BSE_IDX,01/07/2025,10:14:17,6921.8,0,0,0,0,0,0
POWER.BSE_IDX,01/07/2025,10:14:25,6923.18,0,0,0,0,0,0
POWER.BSE_IDX,01/07/2025,10:14:33,6922.88,0,0,0,0,0,0
POWER.BSE_IDX,01/07/2025,10:14:41,6921.7,0,0,0,0,0,0
POWER.BSE_IDX,01/07/2025,10:14:49,6921.77,0,0,0,0,0,0
POWER.BSE_IDX,01/07/2025,10:14:57,6923.39,0,0,0,0,0,0
POWER.BSE_IDX,01/07/2025,10:15:05,6921.57,0,0,0,0,0,0
POWER.BSE_IDX,01/07/2025,10:15:13,6919.56,0,0,0,0,0,0
POWER.BSE_IDX,01/07/2025,10:15:21,6919.76,0,0,0,0,0,0
POWER.BSE_IDX,01/07/2025,10:15:29,6918.21,0,0,0,0,0,0
POWER.BSE_IDX,01/07/2025,10:15:37,6919.42,0,0,0,0,0,0
POWER.BSE_IDX,01/07/2025,10:15:45,6920.12,0,0,0,0,0,0
POWER.BSE_IDX,01/07/2025,10:15:53,6919.38,0,0,0,0,0,0
POWER.BSE_IDX,01/07/2025,10:16:01,6921.68,0,0,0,0,0,0
POWER.BSE_IDX,01/07/2025,10:16:09,6921.77,0,0,0,0,0,0
POWER.BSE_IDX,01/07/2025,10:16:17,6921.4,0,0,0,0,0,0
POWER.BSE_IDX,01/07/2025,10:16:25,6921.32,0,0,0,0,0,0
POWER.BSE_IDX,01/07/2025,10:16:33,6921.95,0,0,0,0,0,0
POWER.BSE_IDX,01/07/2025,10:16:41,6920.81,0,0,0,0,0,0
POWER.BSE_IDX,01/07/2025,10:16:49,6920.9,0,0,0,0,0,0
POWER.BSE_IDX,01/07/2025,10:16:57,6921.73,0,0,0,0,0,0
POWER.BSE_IDX,01/07/2025,10:17:05,6922.69,0,0,0,0,0,0
POWER.BSE_IDX,01/07/2025,10:17:13,6920.51,0,0,0,0,0,0
POWER.BSE_IDX,01/07/2025,10:17:21,6919.7,0,0,0,0,0,0
POWER.BSE_IDX,01/07/2025,10:17:29,6920.38,0,0,0,0,0,0
POWER.BSE_IDX,01/07/2025,10:17:37,6922.12,0,0,0,0,0,0
POWER.BSE_IDX,01/07/2025,10:17:45,6923.44,0,0,0,0,0,0
POWER.BSE_IDX,01/07/2025,10:17:53,6924.25,0,0,0,0,0,0
POWER.BSE_IDX,01/07/2025,10:18:01,6924.54,0,0,0,0,0,0
POWER.BSE_IDX,01/07/2025,10:18:09,6925.36,0,0,0,0,0,0
POWER.BSE_IDX,01/07/2025,10:18:17,6925.72,0,0,0,0,0,0
POWER.BSE_IDX,01/07/2025,10:18:25,6926.08,0,0,0,0,0,0
POWER.BSE_IDX,01/07/2025,10:18:33,6924.63,0,0,0,0,0,0
POWER.BSE_IDX,01/07/2025,10:18:41,6924.61,0,0,0,0,0,0
POWER.BSE_IDX,01/07/2025,10:18:49,6924.26,0,0,0,0,0,0
POWER.BSE_IDX,01/07/2025,10:18:57,6922.62,0,0,0,0,0,0
POWER.BSE_IDX,01/07/2025,10:19:05,6922,0,0,0,0,0,0
POWER.BSE_IDX,01/07/2025,10:19:13,6921.63,0,0,0,0,0,0
POWER.BSE_IDX,01/07/2025,10:19:21,6922.7,0,0,0,0,0,0
POWER.BSE_IDX,01/07/2025,10:19:29,6923.32,0,0,0,0,0,0
POWER.BSE_IDX,01/07/2025,10:19:37,6923.12,0,0,0,0,0,0
POWER.BSE_IDX,01/07/2025,10:19:45,6922.82,0,0,0,0,0,0
POWER.BSE_IDX,01/07/2025,10:19:53,6922.4,0,0,0,0,0,0
POWER.BSE_IDX,01/07/2025,10:20:01,6920.73,0,0,0,0,0,0
POWER.BSE_IDX,01/07/2025,10:20:09,6920.92,0,0,0,0,0,0
POWER.BSE_IDX,01/07/2025,10:20:17,6922.08,0,0,0,0,0,0
POWER.BSE_IDX,01/07/2025,10:20:25,6922.09,0,0,0,0,0,0
POWER.BSE_IDX,01/07/2025,10:20:33,6922.78,0,0,0,0,0,0
POWER.BSE_IDX,01/07/2025,10:20:41,6922.9,0,0,0,0,0,0
POWER.BSE_IDX,01/07/2025,10:20:49,6922.82,0,0,0,0,0,0
POWER.BSE_IDX,01/07/2025,10:20:57,6922.26,0,0,0,0,0,0
POWER.BSE_IDX,01/07/2025,10:21:05,6922.96,0,0,0,0,0,0
POWER.BSE_IDX,01/07/2025,10:21:13,6922.14,0,0,0,0,0,0
POWER.BSE_IDX,01/07/2025,10:21:21,6922.66,0,0,0,0,0,0
POWER.BSE_IDX,01/07/2025,10:21:29,6922.36,0,0,0,0,0,0
POWER.BSE_IDX,01/07/2025,10:21:37,6922.6,0,0,0,0,0,0
POWER.BSE_IDX,01/07/2025,10:21:45,6921.61,0,0,0,0,0,0
POWER.BSE_IDX,01/07/2025,10:21:53,6922.24,0,0,0,0,0,0
POWER.BSE_IDX,01/07/2025,10:22:01,6921.92,0,0,0,0,0,0
POWER.BSE_IDX,01/07/2025,10:22:09,6923.04,0,0,0,0,0,0
POWER.BSE_IDX,01/07/2025,10:22:17,6922.74,0,0,0,0,0,0
POWER.BSE_IDX,01/07/2025,10:22:25,6922.88,0,0,0,0,0,0
POWER.BSE_IDX,01/07/2025,10:22:33,6923.01,0,0,0,0,0,0
POWER.BSE_IDX,01/07/2025,10:22:41,6923.05,0,0,0,0,0,0
POWER.BSE_IDX,01/07/2025,10:22:49,6921.49,0,0,0,0,0,0
POWER.BSE_IDX,01/07/2025,10:22:57,6921.57,0,0,0,0,0,0
POWER.BSE_IDX,01/07/2025,10:23:05,6921.94,0,0,0,0,0,0
POWER.BSE_IDX,01/07/2025,10:23:13,6922.57,0,0,0,0,0,0
POWER.BSE_IDX,01/07/2025,10:23:21,6922.86,0,0,0,0,0,0
POWER.BSE_IDX,01/07/2025,10:23:29,6923.38,0,0,0,0,0,0
POWER.BSE_IDX,01/07/2025,10:23:37,6922.17,0,0,0,0,0,0
POWER.BSE_IDX,01/07/2025,10:23:45,6923.14,0,0,0,0,0,0
POWER.BSE_IDX,01/07/2025,10:23:53,6922.6,0,0,0,0,0,0
POWER.BSE_IDX,01/07/2025,10:24:01,6923.4,0,0,0,0,0,0
POWER.BSE_IDX,01/07/2025,10:24:09,6923.14,0,0,0,0,0,0
POWER.BSE_IDX,01/07/2025,10:24:17,6921.93,0,0,0,0,0,0
POWER.BSE_IDX,01/07/2025,10:24:25,6921.04,0,0,0,0,0,0
POWER.BSE_IDX,01/07/2025,10:24:33,6920.74,0,0,0,0,0,0
POWER.BSE_IDX,01/07/2025,10:24:41,6919.65,0,0,0,0,0,0
POWER.BSE_IDX,01/07/2025,10:24:49,6919.97,0,0,0,0,0,0
POWER.BSE_IDX,01/07/2025,10:24:57,6921.1,0,0,0,0,0,0
POWER.BSE_IDX,01/07/2025,10:25:05,6920.44,0,0,0,0,0,0
POWER.BSE_IDX,01/07/2025,10:25:13,6920.79,0,0,0,0,0,0
POWER.BSE_IDX,01/07/2025,10:25:21,6920.65,0,0,0,0,0,0
POWER.BSE_IDX,01/07/2025,10:25:29,6920.75,0,0,0,0,0,0
POWER.BSE_IDX,01/07/2025,10:25:37,6920.87,0,0,0,0,0,0
POWER.BSE_IDX,01/07/2025,10:25:45,6920.95,0,0,0,0,0,0
POWER.BSE_IDX,01/07/2025,10:25:53,6920.23,0,0,0,0,0,0
POWER.BSE_IDX,01/07/2025,10:26:01,6921.51,0,0,0,0,0,0
POWER.BSE_IDX,01/07/2025,10:26:09,6923.34,0,0,0,0,0,0
POWER.BSE_IDX,01/07/2025,10:26:17,6922.36,0,0,0,0,0,0
POWER.BSE_IDX,01/07/2025,10:26:25,6920.12,0,0,0,0,0,0
POWER.BSE_IDX,01/07/2025,10:26:33,6921.31,0,0,0,0,0,0
POWER.BSE_IDX,01/07/2025,10:26:41,6922.04,0,0,0,0,0,0
POWER.BSE_IDX,01/07/2025,10:26:49,6921.5,0,0,0,0,0,0
POWER.BSE_IDX,01/07/2025,10:26:57,6921.32,0,0,0,0,0,0
POWER.BSE_IDX,01/07/2025,10:27:05,6922.1,0,0,0,0,0,0
POWER.BSE_IDX,01/07/2025,10:27:13,6922.68,0,0,0,0,0,0
POWER.BSE_IDX,01/07/2025,10:27:21,6923.84,0,0,0,0,0,0
POWER.BSE_IDX,01/07/2025,10:27:29,6922.55,0,0,0,0,0,0
POWER.BSE_IDX,01/07/2025,10:27:37,6923.85,0,0,0,0,0,0
POWER.BSE_IDX,01/07/2025,10:27:45,6923.14,0,0,0,0,0,0
POWER.BSE_IDX,01/07/2025,10:27:53,6922.11,0,0,0,0,0,0
POWER.BSE_IDX,01/07/2025,10:28:01,6924.67,0,0,0,0,0,0
POWER.BSE_IDX,01/07/2025,10:28:09,6924.37,0,0,0,0,0,0
POWER.BSE_IDX,01/07/2025,10:28:17,6925.39,0,0,0,0,0,0
POWER.BSE_IDX,01/07/2025,10:28:25,6924.16,0,0,0,0,0,0
POWER.BSE_IDX,01/07/2025,10:28:33,6924.63,0,0,0,0,0,0
POWER.BSE_IDX,01/07/2025,10:28:41,6923.34,0,0,0,0,0,0
POWER.BSE_IDX,01/07/2025,10:28:49,6923.56,0,0,0,0,0,0
POWER.BSE_IDX,01/07/2025,10:28:57,6923.52,0,0,0,0,0,0
POWER.BSE_IDX,01/07/2025,10:29:05,6923.61,0,0,0,0,0,0
POWER.BSE_IDX,01/07/2025,10:29:13,6923.49,0,0,0,0,0,0
POWER.BSE_IDX,01/07/2025,10:29:21,6923.08,0,0,0,0,0,0
POWER.BSE_IDX,01/07/2025,10:29:29,6924.2,0,0,0,0,0,0
POWER.BSE_IDX,01/07/2025,10:29:37,6924.84,0,0,0,0,0,0
POWER.BSE_IDX,01/07/2025,10:29:46,6925.04,0,0,0,0,0,0
POWER.BSE_IDX,01/07/2025,10:29:54,6925.17,0,0,0,0,0,0
POWER.BSE_IDX,01/07/2025,10:30:01,6925.87,0,0,0,0,0,0
POWER.BSE_IDX,01/07/2025,10:30:09,6926.09,0,0,0,0,0,0
POWER.BSE_IDX,01/07/2025,10:30:17,6925.84,0,0,0,0,0,0
POWER.BSE_IDX,01/07/2025,10:30:25,6926.94,0,0,0,0,0,0
POWER.BSE_IDX,01/07/2025,10:30:33,6926.56,0,0,0,0,0,0
POWER.BSE_IDX,01/07/2025,10:30:41,6927.77,0,0,0,0,0,0
POWER.BSE_IDX,01/07/2025,10:30:49,6927.25,0,0,0,0,0,0
POWER.BSE_IDX,01/07/2025,10:30:57,6926.57,0,0,0,0,0,0
POWER.BSE_IDX,01/07/2025,10:31:05,6927.6,0,0,0,0,0,0
POWER.BSE_IDX,01/07/2025,10:31:13,6927.96,0,0,0,0,0,0
POWER.BSE_IDX,01/07/2025,10:31:21,6927.17,0,0,0,0,0,0
POWER.BSE_IDX,01/07/2025,10:31:29,6926.66,0,0,0,0,0,0
POWER.BSE_IDX,01/07/2025,10:31:37,6926.97,0,0,0,0,0,0
POWER.BSE_IDX,01/07/2025,10:31:45,6926.8,0,0,0,0,0,0
POWER.BSE_IDX,01/07/2025,10:31:53,6927.03,0,0,0,0,0,0
POWER.BSE_IDX,01/07/2025,10:32:01,6927.4,0,0,0,0,0,0
POWER.BSE_IDX,01/07/2025,10:32:09,6927.44,0,0,0,0,0,0
POWER.BSE_IDX,01/07/2025,10:32:17,6927.02,0,0,0,0,0,0
POWER.BSE_IDX,01/07/2025,10:32:25,6926.34,0,0,0,0,0,0
POWER.BSE_IDX,01/07/2025,10:32:33,6927.41,0,0,0,0,0,0
POWER.BSE_IDX,01/07/2025,10:32:41,6927.88,0,0,0,0,0,0
POWER.BSE_IDX,01/07/2025,10:32:49,6927.84,0,0,0,0,0,0
POWER.BSE_IDX,01/07/2025,10:32:57,6928.05,0,0,0,0,0,0
POWER.BSE_IDX,01/07/2025,10:33:05,6928.04,0,0,0,0,0,0
POWER.BSE_IDX,01/07/2025,10:33:13,6930.31,0,0,0,0,0,0
POWER.BSE_IDX,01/07/2025,10:33:21,6930.15,0,0,0,0,0,0
POWER.BSE_IDX,01/07/2025,10:33:29,6930.45,0,0,0,0,0,0
POWER.BSE_IDX,01/07/2025,10:33:37,6931.44,0,0,0,0,0,0
POWER.BSE_IDX,01/07/2025,10:33:45,6931.43,0,0,0,0,0,0
POWER.BSE_IDX,01/07/2025,10:33:53,6932.27,0,0,0,0,0,0
POWER.BSE_IDX,01/07/2025,10:34:01,6932.55,0,0,0,0,0,0
POWER.BSE_IDX,01/07/2025,10:34:09,6932.97,0,0,0,0,0,0
POWER.BSE_IDX,01/07/2025,10:34:17,6933.44,0,0,0,0,0,0
POWER.BSE_IDX,01/07/2025,10:34:25,6932.81,0,0,0,0,0,0
POWER.BSE_IDX,01/07/2025,10:34:33,6933.14,0,0,0,0,0,0
POWER.BSE_IDX,01/07/2025,10:34:41,6933.07,0,0,0,0,0,0
POWER.BSE_IDX,01/07/2025,10:34:49,6933.29,0,0,0,0,0,0
POWER.BSE_IDX,01/07/2025,10:34:58,6933.09,0,0,0,0,0,0
POWER.BSE_IDX,01/07/2025,10:35:06,6932.91,0,0,0,0,0,0
POWER.BSE_IDX,01/07/2025,10:35:14,6932.94,0,0,0,0,0,0
POWER.BSE_IDX,01/07/2025,10:35:21,6932.83,0,0,0,0,0,0
POWER.BSE_IDX,01/07/2025,10:35:29,6931.16,0,0,0,0,0,0
POWER.BSE_IDX,01/07/2025,10:35:37,6930.35,0,0,0,0,0,0
POWER.BSE_IDX,01/07/2025,10:35:45,6930.15,0,0,0,0,0,0
POWER.BSE_IDX,01/07/2025,10:35:54,6929.99,0,0,0,0,0,0
POWER.BSE_IDX,01/07/2025,10:36:02,6931.18,0,0,0,0,0,0
POWER.BSE_IDX,01/07/2025,10:36:10,6931.24,0,0,0,0,0,0
POWER.BSE_IDX,01/07/2025,10:36:17,6930.51,0,0,0,0,0,0
POWER.BSE_IDX,01/07/2025,10:36:25,6929.46,0,0,0,0,0,0
POWER.BSE_IDX,01/07/2025,10:36:34,6931.74,0,0,0,0,0,0
POWER.BSE_IDX,01/07/2025,10:36:42,6931.68,0,0,0,0,0,0
POWER.BSE_IDX,01/07/2025,10:36:49,6931.47,0,0,0,0,0,0
POWER.BSE_IDX,01/07/2025,10:36:58,6930.66,0,0,0,0,0,0
POWER.BSE_IDX,01/07/2025,10:37:05,6930.58,0,0,0,0,0,0
POWER.BSE_IDX,01/07/2025,10:37:14,6930.96,0,0,0,0,0,0
POWER.BSE_IDX,01/07/2025,10:37:21,6930.99,0,0,0,0,0,0
POWER.BSE_IDX,01/07/2025,10:37:30,6930.77,0,0,0,0,0,0
POWER.BSE_IDX,01/07/2025,10:37:38,6931.03,0,0,0,0,0,0
POWER.BSE_IDX,01/07/2025,10:37:46,6929.33,0,0,0,0,0,0
POWER.BSE_IDX,01/07/2025,10:37:54,6931.9,0,0,0,0,0,0
POWER.BSE_IDX,01/07/2025,10:38:02,6930.6,0,0,0,0,0,0
POWER.BSE_IDX,01/07/2025,10:38:10,6931.88,0,0,0,0,0,0
POWER.BSE_IDX,01/07/2025,10:38:18,6930.27,0,0,0,0,0,0
POWER.BSE_IDX,01/07/2025,10:38:26,6932.75,0,0,0,0,0,0
POWER.BSE_IDX,01/07/2025,10:38:34,6932.61,0,0,0,0,0,0
POWER.BSE_IDX,01/07/2025,10:38:42,6932.98,0,0,0,0,0,0
POWER.BSE_IDX,01/07/2025,10:38:50,6933.29,0,0,0,0,0,0
POWER.BSE_IDX,01/07/2025,10:38:58,6932.88,0,0,0,0,0,0
POWER.BSE_IDX,01/07/2025,10:39:06,6934.59,0,0,0,0,0,0
POWER.BSE_IDX,01/07/2025,10:39:14,6934.96,0,0,0,0,0,0
POWER.BSE_IDX,01/07/2025,10:39:22,6936.05,0,0,0,0,0,0
POWER.BSE_IDX,01/07/2025,10:39:30,6936.71,0,0,0,0,0,0
POWER.BSE_IDX,01/07/2025,10:39:38,6936.64,0,0,0,0,0,0
POWER.BSE_IDX,01/07/2025,10:39:46,6935.44,0,0,0,0,0,0
POWER.BSE_IDX,01/07/2025,10:39:54,6935.74,0,0,0,0,0,0
POWER.BSE_IDX,01/07/2025,10:40:02,6936.28,0,0,0,0,0,0
POWER.BSE_IDX,01/07/2025,10:40:10,6935.8,0,0,0,0,0,0
POWER.BSE_IDX,01/07/2025,10:40:18,6937.24,0,0,0,0,0,0
POWER.BSE_IDX,01/07/2025,10:40:26,6936.21,0,0,0,0,0,0
POWER.BSE_IDX,01/07/2025,10:40:34,6936.03,0,0,0,0,0,0
POWER.BSE_IDX,01/07/2025,10:40:42,6936.42,0,0,0,0,0,0
POWER.BSE_IDX,01/07/2025,10:40:50,6935.58,0,0,0,0,0,0
POWER.BSE_IDX,01/07/2025,10:40:58,6935.96,0,0,0,0,0,0
POWER.BSE_IDX,01/07/2025,10:41:06,6936.15,0,0,0,0,0,0
POWER.BSE_IDX,01/07/2025,10:41:14,6935.42,0,0,0,0,0,0
POWER.BSE_IDX,01/07/2025,10:41:22,6935.71,0,0,0,0,0,0
POWER.BSE_IDX,01/07/2025,10:41:30,6936.26,0,0,0,0,0,0
POWER.BSE_IDX,01/07/2025,10:41:38,6936.95,0,0,0,0,0,0
POWER.BSE_IDX,01/07/2025,10:41:46,6937.08,0,0,0,0,0,0
POWER.BSE_IDX,01/07/2025,10:41:54,6936.45,0,0,0,0,0,0
POWER.BSE_IDX,01/07/2025,10:42:02,6935.83,0,0,0,0,0,0
POWER.BSE_IDX,01/07/2025,10:42:10,6935.8,0,0,0,0,0,0
POWER.BSE_IDX,01/07/2025,10:42:18,6935.8,0,0,0,0,0,0
POWER.BSE_IDX,01/07/2025,10:42:26,6936.13,0,0,0,0,0,0
POWER.BSE_IDX,01/07/2025,10:42:34,6935.35,0,0,0,0,0,0
POWER.BSE_IDX,01/07/2025,10:42:42,6935.26,0,0,0,0,0,0
POWER.BSE_IDX,01/07/2025,10:42:50,6935.79,0,0,0,0,0,0
POWER.BSE_IDX,01/07/2025,10:42:58,6934.89,0,0,0,0,0,0
POWER.BSE_IDX,01/07/2025,10:43:06,6936.03,0,0,0,0,0,0
POWER.BSE_IDX,01/07/2025,10:43:14,6935.06,0,0,0,0,0,0
POWER.BSE_IDX,01/07/2025,10:43:22,6935.36,0,0,0,0,0,0
POWER.BSE_IDX,01/07/2025,10:43:30,6935.4,0,0,0,0,0,0
POWER.BSE_IDX,01/07/2025,10:43:38,6935.24,0,0,0,0,0,0
POWER.BSE_IDX,01/07/2025,10:43:46,6936.12,0,0,0,0,0,0
POWER.BSE_IDX,01/07/2025,10:43:54,6934.44,0,0,0,0,0,0
POWER.BSE_IDX,01/07/2025,10:44:02,6933.63,0,0,0,0,0,0
POWER.BSE_IDX,01/07/2025,10:44:10,6934.31,0,0,0,0,0,0
POWER.BSE_IDX,01/07/2025,10:44:18,6933.65,0,0,0,0,0,0
POWER.BSE_IDX,01/07/2025,10:44:26,6934.1,0,0,0,0,0,0
POWER.BSE_IDX,01/07/2025,10:44:34,6934.78,0,0,0,0,0,0
POWER.BSE_IDX,01/07/2025,10:44:42,6935.43,0,0,0,0,0,0
POWER.BSE_IDX,01/07/2025,10:44:50,6935.18,0,0,0,0,0,0
POWER.BSE_IDX,01/07/2025,10:44:58,6934.14,0,0,0,0,0,0
POWER.BSE_IDX,01/07/2025,10:45:07,6934.16,0,0,0,0,0,0
POWER.BSE_IDX,01/07/2025,10:45:14,6934.36,0,0,0,0,0,0
POWER.BSE_IDX,01/07/2025,10:45:22,6933.38,0,0,0,0,0,0
POWER.BSE_IDX,01/07/2025,10:45:30,6933.57,0,0,0,0,0,0
POWER.BSE_IDX,01/07/2025,10:45:38,6933.81,0,0,0,0,0,0
POWER.BSE_IDX,01/07/2025,10:45:46,6933.5,0,0,0,0,0,0
POWER.BSE_IDX,01/07/2025,10:45:54,6933.93,0,0,0,0,0,0
POWER.BSE_IDX,01/07/2025,10:46:02,6933.37,0,0,0,0,0,0
POWER.BSE_IDX,01/07/2025,10:46:10,6933.78,0,0,0,0,0,0
POWER.BSE_IDX,01/07/2025,10:46:18,6933.39,0,0,0,0,0,0
POWER.BSE_IDX,01/07/2025,10:46:26,6934.32,0,0,0,0,0,0
POWER.BSE_IDX,01/07/2025,10:46:34,6935.47,0,0,0,0,0,0
POWER.BSE_IDX,01/07/2025,10:46:42,6935.37,0,0,0,0,0,0
POWER.BSE_IDX,01/07/2025,10:46:50,6935.06,0,0,0,0,0,0
POWER.BSE_IDX,01/07/2025,10:46:58,6935.04,0,0,0,0,0,0
POWER.BSE_IDX,01/07/2025,10:47:06,6934.26,0,0,0,0,0,0
POWER.BSE_IDX,01/07/2025,10:47:14,6933.69,0,0,0,0,0,0
POWER.BSE_IDX,01/07/2025,10:47:22,6932.95,0,0,0,0,0,0
POWER.BSE_IDX,01/07/2025,10:47:30,6932.59,0,0,0,0,0,0
POWER.BSE_IDX,01/07/2025,10:47:38,6933.44,0,0,0,0,0,0
POWER.BSE_IDX,01/07/2025,10:47:46,6933.81,0,0,0,0,0,0
POWER.BSE_IDX,01/07/2025,10:47:54,6934.23,0,0,0,0,0,0
POWER.BSE_IDX,01/07/2025,10:48:02,6934.39,0,0,0,0,0,0
POWER.BSE_IDX,01/07/2025,10:48:10,6935.28,0,0,0,0,0,0
POWER.BSE_IDX,01/07/2025,10:48:18,6935.27,0,0,0,0,0,0
POWER.BSE_IDX,01/07/2025,10:48:26,6934.95,0,0,0,0,0,0
POWER.BSE_IDX,01/07/2025,10:48:34,6934.06,0,0,0,0,0,0
POWER.BSE_IDX,01/07/2025,10:48:42,6935.84,0,0,0,0,0,0
POWER.BSE_IDX,01/07/2025,10:48:50,6933.49,0,0,0,0,0,0
POWER.BSE_IDX,01/07/2025,10:48:58,6934.44,0,0,0,0,0,0
POWER.BSE_IDX,01/07/2025,10:49:06,6933.86,0,0,0,0,0,0
POWER.BSE_IDX,01/07/2025,10:49:14,6930.62,0,0,0,0,0,0
POWER.BSE_IDX,01/07/2025,10:49:22,6931.19,0,0,0,0,0,0
POWER.BSE_IDX,01/07/2025,10:49:30,6930.42,0,0,0,0,0,0
POWER.BSE_IDX,01/07/2025,10:49:38,6929.74,0,0,0,0,0,0
POWER.BSE_IDX,01/07/2025,10:49:46,6929.77,0,0,0,0,0,0
POWER.BSE_IDX,01/07/2025,10:49:54,6929.99,0,0,0,0,0,0
POWER.BSE_IDX,01/07/2025,10:50:02,6930.69,0,0,0,0,0,0
POWER.BSE_IDX,01/07/2025,10:50:10,6930.57,0,0,0,0,0,0
POWER.BSE_IDX,01/07/2025,10:50:18,6931.22,0,0,0,0,0,0
POWER.BSE_IDX,01/07/2025,10:50:26,6931.51,0,0,0,0,0,0
POWER.BSE_IDX,01/07/2025,10:50:34,6931.28,0,0,0,0,0,0
POWER.BSE_IDX,01/07/2025,10:50:42,6930.57,0,0,0,0,0,0
POWER.BSE_IDX,01/07/2025,10:50:50,6931.07,0,0,0,0,0,0
POWER.BSE_IDX,01/07/2025,10:50:58,6930.17,0,0,0,0,0,0
POWER.BSE_IDX,01/07/2025,10:51:06,6928.93,0,0,0,0,0,0
POWER.BSE_IDX,01/07/2025,10:51:14,6928.79,0,0,0,0,0,0
POWER.BSE_IDX,01/07/2025,10:51:22,6928.01,0,0,0,0,0,0
POWER.BSE_IDX,01/07/2025,10:51:30,6928.63,0,0,0,0,0,0
POWER.BSE_IDX,01/07/2025,10:51:38,6928.02,0,0,0,0,0,0
POWER.BSE_IDX,01/07/2025,10:51:46,6927.62,0,0,0,0,0,0
POWER.BSE_IDX,01/07/2025,10:51:54,6926.77,0,0,0,0,0,0
POWER.BSE_IDX,01/07/2025,10:52:02,6926.5,0,0,0,0,0,0
POWER.BSE_IDX,01/07/2025,10:52:10,6927.29,0,0,0,0,0,0
POWER.BSE_IDX,01/07/2025,10:52:18,6927.31,0,0,0,0,0,0
POWER.BSE_IDX,01/07/2025,10:52:26,6924.55,0,0,0,0,0,0
POWER.BSE_IDX,01/07/2025,10:52:34,6924.8,0,0,0,0,0,0
POWER.BSE_IDX,01/07/2025,10:52:43,6923.66,0,0,0,0,0,0
POWER.BSE_IDX,01/07/2025,10:52:50,6922.79,0,0,0,0,0,0
POWER.BSE_IDX,01/07/2025,10:52:58,6924.08,0,0,0,0,0,0
POWER.BSE_IDX,01/07/2025,10:53:06,6922.02,0,0,0,0,0,0
POWER.BSE_IDX,01/07/2025,10:53:14,6922.42,0,0,0,0,0,0
POWER.BSE_IDX,01/07/2025,10:53:22,6923.37,0,0,0,0,0,0
POWER.BSE_IDX,01/07/2025,10:53:30,6923.9,0,0,0,0,0,0
POWER.BSE_IDX,01/07/2025,10:53:38,6923.22,0,0,0,0,0,0
POWER.BSE_IDX,01/07/2025,10:53:46,6923.37,0,0,0,0,0,0
POWER.BSE_IDX,01/07/2025,10:53:54,6922.95,0,0,0,0,0,0
POWER.BSE_IDX,01/07/2025,10:54:02,6922.86,0,0,0,0,0,0
POWER.BSE_IDX,01/07/2025,10:54:10,6923.38,0,0,0,0,0,0
POWER.BSE_IDX,01/07/2025,10:54:18,6922.42,0,0,0,0,0,0
POWER.BSE_IDX,01/07/2025,10:54:26,6923.52,0,0,0,0,0,0
POWER.BSE_IDX,01/07/2025,10:54:34,6923.63,0,0,0,0,0,0
POWER.BSE_IDX,01/07/2025,10:54:42,6923.89,0,0,0,0,0,0
POWER.BSE_IDX,01/07/2025,10:54:51,6923.54,0,0,0,0,0,0
POWER.BSE_IDX,01/07/2025,10:54:58,6924.3,0,0,0,0,0,0
POWER.BSE_IDX,01/07/2025,10:55:06,6925.02,0,0,0,0,0,0
POWER.BSE_IDX,01/07/2025,10:55:14,6924.09,0,0,0,0,0,0
POWER.BSE_IDX,01/07/2025,10:55:22,6926.83,0,0,0,0,0,0
POWER.BSE_IDX,01/07/2025,10:55:30,6926.05,0,0,0,0,0,0
POWER.BSE_IDX,01/07/2025,10:55:38,6926.68,0,0,0,0,0,0
POWER.BSE_IDX,01/07/2025,10:55:46,6926.18,0,0,0,0,0,0
POWER.BSE_IDX,01/07/2025,10:55:54,6925.51,0,0,0,0,0,0
POWER.BSE_IDX,01/07/2025,10:56:02,6926.23,0,0,0,0,0,0
POWER.BSE_IDX,01/07/2025,10:56:10,6926.27,0,0,0,0,0,0
POWER.BSE_IDX,01/07/2025,10:56:18,6925.87,0,0,0,0,0,0
POWER.BSE_IDX,01/07/2025,10:56:26,6926.4,0,0,0,0,0,0
POWER.BSE_IDX,01/07/2025,10:56:34,6926.46,0,0,0,0,0,0
POWER.BSE_IDX,01/07/2025,10:56:42,6926.45,0,0,0,0,0,0
POWER.BSE_IDX,01/07/2025,10:56:50,6925.23,0,0,0,0,0,0
POWER.BSE_IDX,01/07/2025,10:56:58,6925.64,0,0,0,0,0,0
POWER.BSE_IDX,01/07/2025,10:57:06,6924.12,0,0,0,0,0,0
POWER.BSE_IDX,01/07/2025,10:57:14,6923.24,0,0,0,0,0,0
POWER.BSE_IDX,01/07/2025,10:57:22,6923.9,0,0,0,0,0,0
POWER.BSE_IDX,01/07/2025,10:57:30,6924.33,0,0,0,0,0,0
POWER.BSE_IDX,01/07/2025,10:57:39,6923.92,0,0,0,0,0,0
POWER.BSE_IDX,01/07/2025,10:57:46,6924.66,0,0,0,0,0,0
POWER.BSE_IDX,01/07/2025,10:57:54,6925.11,0,0,0,0,0,0
POWER.BSE_IDX,01/07/2025,10:58:02,6925.02,0,0,0,0,0,0
POWER.BSE_IDX,01/07/2025,10:58:10,6924.27,0,0,0,0,0,0
POWER.BSE_IDX,01/07/2025,10:58:18,6924.96,0,0,0,0,0,0
POWER.BSE_IDX,01/07/2025,10:58:26,6925.04,0,0,0,0,0,0
POWER.BSE_IDX,01/07/2025,10:58:34,6926.17,0,0,0,0,0,0
POWER.BSE_IDX,01/07/2025,10:58:42,6925.33,0,0,0,0,0,0
POWER.BSE_IDX,01/07/2025,10:58:50,6925.79,0,0,0,0,0,0
POWER.BSE_IDX,01/07/2025,10:58:58,6924.6,0,0,0,0,0,0
POWER.BSE_IDX,01/07/2025,10:59:06,6924.96,0,0,0,0,0,0
POWER.BSE_IDX,01/07/2025,10:59:14,6924.96,0,0,0,0,0,0
POWER.BSE_IDX,01/07/2025,10:59:22,6925.04,0,0,0,0,0,0
POWER.BSE_IDX,01/07/2025,10:59:30,6923.71,0,0,0,0,0,0
POWER.BSE_IDX,01/07/2025,10:59:38,6923.18,0,0,0,0,0,0
POWER.BSE_IDX,01/07/2025,10:59:47,6922.74,0,0,0,0,0,0
POWER.BSE_IDX,01/07/2025,10:59:55,6923.89,0,0,0,0,0,0
POWER.BSE_IDX,01/07/2025,11:00:03,6922.98,0,0,0,0,0,0
POWER.BSE_IDX,01/07/2025,11:00:11,6923.89,0,0,0,0,0,0
POWER.BSE_IDX,01/07/2025,11:00:18,6924.55,0,0,0,0,0,0
POWER.BSE_IDX,01/07/2025,11:00:26,6924.46,0,0,0,0,0,0
POWER.BSE_IDX,01/07/2025,11:00:34,6923.07,0,0,0,0,0,0
POWER.BSE_IDX,01/07/2025,11:00:42,6922.29,0,0,0,0,0,0
POWER.BSE_IDX,01/07/2025,11:00:50,6922.94,0,0,0,0,0,0
POWER.BSE_IDX,01/07/2025,11:00:58,6923.73,0,0,0,0,0,0
POWER.BSE_IDX,01/07/2025,11:01:06,6924.7,0,0,0,0,0,0
POWER.BSE_IDX,01/07/2025,11:01:15,6925.83,0,0,0,0,0,0
POWER.BSE_IDX,01/07/2025,11:01:22,6925.21,0,0,0,0,0,0
POWER.BSE_IDX,01/07/2025,11:01:30,6924.63,0,0,0,0,0,0
POWER.BSE_IDX,01/07/2025,11:01:38,6924.1,0,0,0,0,0,0
POWER.BSE_IDX,01/07/2025,11:01:46,6924.74,0,0,0,0,0,0
POWER.BSE_IDX,01/07/2025,11:01:54,6924.34,0,0,0,0,0,0
POWER.BSE_IDX,01/07/2025,11:02:02,6925.41,0,0,0,0,0,0
POWER.BSE_IDX,01/07/2025,11:02:10,6924.85,0,0,0,0,0,0
POWER.BSE_IDX,01/07/2025,11:02:18,6924.51,0,0,0,0,0,0
POWER.BSE_IDX,01/07/2025,11:02:27,6922.47,0,0,0,0,0,0
POWER.BSE_IDX,01/07/2025,11:02:34,6922.67,0,0,0,0,0,0
POWER.BSE_IDX,01/07/2025,11:02:42,6921.46,0,0,0,0,0,0
POWER.BSE_IDX,01/07/2025,11:02:51,6920.4,0,0,0,0,0,0
POWER.BSE_IDX,01/07/2025,11:02:58,6920.73,0,0,0,0,0,0
POWER.BSE_IDX,01/07/2025,11:03:06,6920.08,0,0,0,0,0,0
POWER.BSE_IDX,01/07/2025,11:03:14,6920.24,0,0,0,0,0,0
POWER.BSE_IDX,01/07/2025,11:03:22,6919.23,0,0,0,0,0,0
POWER.BSE_IDX,01/07/2025,11:03:31,6919.8,0,0,0,0,0,0
POWER.BSE_IDX,01/07/2025,11:03:38,6919.45,0,0,0,0,0,0
POWER.BSE_IDX,01/07/2025,11:03:46,6919.86,0,0,0,0,0,0
POWER.BSE_IDX,01/07/2025,11:03:54,6920.64,0,0,0,0,0,0
POWER.BSE_IDX,01/07/2025,11:04:02,6920.85,0,0,0,0,0,0
POWER.BSE_IDX,01/07/2025,11:04:10,6919.65,0,0,0,0,0,0
POWER.BSE_IDX,01/07/2025,11:04:18,6919.6,0,0,0,0,0,0
POWER.BSE_IDX,01/07/2025,11:04:27,6919.75,0,0,0,0,0,0
POWER.BSE_IDX,01/07/2025,11:04:34,6920.41,0,0,0,0,0,0
POWER.BSE_IDX,01/07/2025,11:04:42,6920.88,0,0,0,0,0,0
POWER.BSE_IDX,01/07/2025,11:04:51,6920.46,0,0,0,0,0,0
POWER.BSE_IDX,01/07/2025,11:04:58,6921.1,0,0,0,0,0,0
POWER.BSE_IDX,01/07/2025,11:05:06,6921.51,0,0,0,0,0,0
POWER.BSE_IDX,01/07/2025,11:05:14,6921.65,0,0,0,0,0,0
POWER.BSE_IDX,01/07/2025,11:05:22,6921.94,0,0,0,0,0,0
POWER.BSE_IDX,01/07/2025,11:05:30,6921.3,0,0,0,0,0,0
POWER.BSE_IDX,01/07/2025,11:05:38,6921.64,0,0,0,0,0,0
POWER.BSE_IDX,01/07/2025,11:05:46,6922.34,0,0,0,0,0,0
POWER.BSE_IDX,01/07/2025,11:05:54,6922.35,0,0,0,0,0,0
POWER.BSE_IDX,01/07/2025,11:06:02,6922.67,0,0,0,0,0,0
POWER.BSE_IDX,01/07/2025,11:06:11,6923.66,0,0,0,0,0,0
POWER.BSE_IDX,01/07/2025,11:06:19,6923.63,0,0,0,0,0,0
POWER.BSE_IDX,01/07/2025,11:06:26,6924.18,0,0,0,0,0,0
POWER.BSE_IDX,01/07/2025,11:06:34,6923.17,0,0,0,0,0,0
POWER.BSE_IDX,01/07/2025,11:06:42,6923.46,0,0,0,0,0,0
POWER.BSE_IDX,01/07/2025,11:06:50,6922.86,0,0,0,0,0,0
POWER.BSE_IDX,01/07/2025,11:06:58,6924.88,0,0,0,0,0,0
POWER.BSE_IDX,01/07/2025,11:07:06,6926.97,0,0,0,0,0,0
POWER.BSE_IDX,01/07/2025,11:07:15,6926.65,0,0,0,0,0,0
POWER.BSE_IDX,01/07/2025,11:07:22,6928.04,0,0,0,0,0,0
POWER.BSE_IDX,01/07/2025,11:07:30,6928.26,0,0,0,0,0,0
POWER.BSE_IDX,01/07/2025,11:07:38,6927.91,0,0,0,0,0,0
POWER.BSE_IDX,01/07/2025,11:07:46,6928.42,0,0,0,0,0,0
POWER.BSE_IDX,01/07/2025,11:07:54,6929.28,0,0,0,0,0,0
POWER.BSE_IDX,01/07/2025,11:08:02,6929.2,0,0,0,0,0,0
POWER.BSE_IDX,01/07/2025,11:08:11,6929.79,0,0,0,0,0,0
POWER.BSE_IDX,01/07/2025,11:08:18,6930.08,0,0,0,0,0,0
POWER.BSE_IDX,01/07/2025,11:08:26,6930.46,0,0,0,0,0,0
POWER.BSE_IDX,01/07/2025,11:08:35,6930.35,0,0,0,0,0,0
POWER.BSE_IDX,01/07/2025,11:08:43,6930.22,0,0,0,0,0,0
POWER.BSE_IDX,01/07/2025,11:08:51,6930.65,0,0,0,0,0,0
POWER.BSE_IDX,01/07/2025,11:08:58,6929.99,0,0,0,0,0,0
POWER.BSE_IDX,01/07/2025,11:09:07,6929.51,0,0,0,0,0,0
POWER.BSE_IDX,01/07/2025,11:09:15,6929.09,0,0,0,0,0,0
POWER.BSE_IDX,01/07/2025,11:09:23,6929.68,0,0,0,0,0,0
POWER.BSE_IDX,01/07/2025,11:09:31,6929.43,0,0,0,0,0,0
POWER.BSE_IDX,01/07/2025,11:09:39,6928.62,0,0,0,0,0,0
POWER.BSE_IDX,01/07/2025,11:09:46,6928.13,0,0,0,0,0,0
POWER.BSE_IDX,01/07/2025,11:09:55,6928.43,0,0,0,0,0,0
POWER.BSE_IDX,01/07/2025,11:10:03,6928.6,0,0,0,0,0,0
POWER.BSE_IDX,01/07/2025,11:10:11,6928.39,0,0,0,0,0,0
POWER.BSE_IDX,01/07/2025,11:10:19,6928.99,0,0,0,0,0,0
POWER.BSE_IDX,01/07/2025,11:10:27,6929.02,0,0,0,0,0,0
POWER.BSE_IDX,01/07/2025,11:10:35,6930.52,0,0,0,0,0,0
POWER.BSE_IDX,01/07/2025,11:10:43,6931.62,0,0,0,0,0,0
POWER.BSE_IDX,01/07/2025,11:10:51,6932.43,0,0,0,0,0,0
POWER.BSE_IDX,01/07/2025,11:10:59,6932.81,0,0,0,0,0,0
POWER.BSE_IDX,01/07/2025,11:11:07,6932.29,0,0,0,0,0,0
POWER.BSE_IDX,01/07/2025,11:11:15,6931.46,0,0,0,0,0,0
POWER.BSE_IDX,01/07/2025,11:11:23,6931.62,0,0,0,0,0,0
POWER.BSE_IDX,01/07/2025,11:11:31,6930.81,0,0,0,0,0,0
POWER.BSE_IDX,01/07/2025,11:11:39,6930.83,0,0,0,0,0,0
POWER.BSE_IDX,01/07/2025,11:11:47,6930.82,0,0,0,0,0,0
POWER.BSE_IDX,01/07/2025,11:11:55,6930.54,0,0,0,0,0,0
POWER.BSE_IDX,01/07/2025,11:12:03,6930.02,0,0,0,0,0,0
POWER.BSE_IDX,01/07/2025,11:12:11,6931.36,0,0,0,0,0,0
POWER.BSE_IDX,01/07/2025,11:12:19,6932.23,0,0,0,0,0,0
POWER.BSE_IDX,01/07/2025,11:12:27,6931.29,0,0,0,0,0,0
POWER.BSE_IDX,01/07/2025,11:12:35,6931.16,0,0,0,0,0,0
POWER.BSE_IDX,01/07/2025,11:12:43,6930.7,0,0,0,0,0,0
POWER.BSE_IDX,01/07/2025,11:12:51,6930.81,0,0,0,0,0,0
POWER.BSE_IDX,01/07/2025,11:12:59,6930.61,0,0,0,0,0,0
POWER.BSE_IDX,01/07/2025,11:13:07,6930.72,0,0,0,0,0,0
POWER.BSE_IDX,01/07/2025,11:13:16,6929.46,0,0,0,0,0,0
POWER.BSE_IDX,01/07/2025,11:13:23,6929.17,0,0,0,0,0,0
POWER.BSE_IDX,01/07/2025,11:13:31,6930.51,0,0,0,0,0,0
POWER.BSE_IDX,01/07/2025,11:13:39,6930.2,0,0,0,0,0,0
POWER.BSE_IDX,01/07/2025,11:13:47,6929.31,0,0,0,0,0,0
POWER.BSE_IDX,01/07/2025,11:13:55,6930.2,0,0,0,0,0,0
POWER.BSE_IDX,01/07/2025,11:14:03,6931.44,0,0,0,0,0,0
POWER.BSE_IDX,01/07/2025,11:14:11,6932.22,0,0,0,0,0,0
POWER.BSE_IDX,01/07/2025,11:14:19,6931.59,0,0,0,0,0,0
POWER.BSE_IDX,01/07/2025,11:14:27,6932.59,0,0,0,0,0,0
POWER.BSE_IDX,01/07/2025,11:14:35,6933.65,0,0,0,0,0,0
POWER.BSE_IDX,01/07/2025,11:14:43,6932.73,0,0,0,0,0,0
POWER.BSE_IDX,01/07/2025,11:14:51,6932.87,0,0,0,0,0,0
POWER.BSE_IDX,01/07/2025,11:14:59,6933.18,0,0,0,0,0,0
POWER.BSE_IDX,01/07/2025,11:15:07,6933.33,0,0,0,0,0,0
POWER.BSE_IDX,01/07/2025,11:15:15,6934.42,0,0,0,0,0,0
POWER.BSE_IDX,01/07/2025,11:15:23,6933.56,0,0,0,0,0,0
POWER.BSE_IDX,01/07/2025,11:15:31,6932.93,0,0,0,0,0,0
POWER.BSE_IDX,01/07/2025,11:15:39,6933.98,0,0,0,0,0,0
POWER.BSE_IDX,01/07/2025,11:15:47,6935.47,0,0,0,0,0,0
POWER.BSE_IDX,01/07/2025,11:15:56,6935.95,0,0,0,0,0,0
POWER.BSE_IDX,01/07/2025,11:16:03,6936.35,0,0,0,0,0,0
POWER.BSE_IDX,01/07/2025,11:16:11,6936.15,0,0,0,0,0,0
POWER.BSE_IDX,01/07/2025,11:16:19,6935.53,0,0,0,0,0,0
POWER.BSE_IDX,01/07/2025,11:16:27,6935.14,0,0,0,0,0,0
POWER.BSE_IDX,01/07/2025,11:16:35,6934.93,0,0,0,0,0,0
POWER.BSE_IDX,01/07/2025,11:16:43,6934.34,0,0,0,0,0,0
POWER.BSE_IDX,01/07/2025,11:16:51,6933.78,0,0,0,0,0,0
POWER.BSE_IDX,01/07/2025,11:16:59,6933.93,0,0,0,0,0,0
POWER.BSE_IDX,01/07/2025,11:17:07,6935.45,0,0,0,0,0,0
POWER.BSE_IDX,01/07/2025,11:17:15,6935.62,0,0,0,0,0,0
POWER.BSE_IDX,01/07/2025,11:17:23,6935.12,0,0,0,0,0,0
POWER.BSE_IDX,01/07/2025,11:17:31,6935.33,0,0,0,0,0,0
POWER.BSE_IDX,01/07/2025,11:17:39,6935.85,0,0,0,0,0,0
POWER.BSE_IDX,01/07/2025,11:17:47,6937.82,0,0,0,0,0,0
POWER.BSE_IDX,01/07/2025,11:17:57,6938.31,0,0,0,0,0,0
POWER.BSE_IDX,01/07/2025,11:18:03,6936.6,0,0,0,0,0,0
POWER.BSE_IDX,01/07/2025,11:18:11,6935.49,0,0,0,0,0,0
POWER.BSE_IDX,01/07/2025,11:18:19,6936.67,0,0,0,0,0,0
POWER.BSE_IDX,01/07/2025,11:18:27,6937.14,0,0,0,0,0,0
POWER.BSE_IDX,01/07/2025,11:18:35,6937,0,0,0,0,0,0
POWER.BSE_IDX,01/07/2025,11:18:44,6935.95,0,0,0,0,0,0
POWER.BSE_IDX,01/07/2025,11:18:51,6936.74,0,0,0,0,0,0
POWER.BSE_IDX,01/07/2025,11:18:59,6935.6,0,0,0,0,0,0
POWER.BSE_IDX,01/07/2025,11:19:08,6934.34,0,0,0,0,0,0
POWER.BSE_IDX,01/07/2025,11:19:15,6934.57,0,0,0,0,0,0
POWER.BSE_IDX,01/07/2025,11:19:23,6934.32,0,0,0,0,0,0
POWER.BSE_IDX,01/07/2025,11:19:31,6932.1,0,0,0,0,0,0
POWER.BSE_IDX,01/07/2025,11:19:39,6931.92,0,0,0,0,0,0
POWER.BSE_IDX,01/07/2025,11:19:47,6931.15,0,0,0,0,0,0
POWER.BSE_IDX,01/07/2025,11:19:55,6931.68,0,0,0,0,0,0
POWER.BSE_IDX,01/07/2025,11:20:03,6933.49,0,0,0,0,0,0
POWER.BSE_IDX,01/07/2025,11:20:11,6932.66,0,0,0,0,0,0
POWER.BSE_IDX,01/07/2025,11:20:19,6932.32,0,0,0,0,0,0
POWER.BSE_IDX,01/07/2025,11:20:27,6933.15,0,0,0,0,0,0
POWER.BSE_IDX,01/07/2025,11:20:35,6933.18,0,0,0,0,0,0
POWER.BSE_IDX,01/07/2025,11:20:43,6933.68,0,0,0,0,0,0
POWER.BSE_IDX,01/07/2025,11:20:51,6934.42,0,0,0,0,0,0
POWER.BSE_IDX,01/07/2025,11:20:59,6934.42,0,0,0,0,0,0
POWER.BSE_IDX,01/07/2025,11:21:07,6935.48,0,0,0,0,0,0
POWER.BSE_IDX,01/07/2025,11:21:15,6935.06,0,0,0,0,0,0
POWER.BSE_IDX,01/07/2025,11:21:24,6935.65,0,0,0,0,0,0
POWER.BSE_IDX,01/07/2025,11:21:31,6935.36,0,0,0,0,0,0
POWER.BSE_IDX,01/07/2025,11:21:39,6932.37,0,0,0,0,0,0
POWER.BSE_IDX,01/07/2025,11:21:47,6933.01,0,0,0,0,0,0
POWER.BSE_IDX,01/07/2025,11:21:56,6932.63,0,0,0,0,0,0
POWER.BSE_IDX,01/07/2025,11:22:03,6932.89,0,0,0,0,0,0
POWER.BSE_IDX,01/07/2025,11:22:11,6931.86,0,0,0,0,0,0
POWER.BSE_IDX,01/07/2025,11:22:19,6932.87,0,0,0,0,0,0
POWER.BSE_IDX,01/07/2025,11:22:28,6933.8,0,0,0,0,0,0
POWER.BSE_IDX,01/07/2025,11:22:35,6932.63,0,0,0,0,0,0
POWER.BSE_IDX,01/07/2025,11:22:43,6933.86,0,0,0,0,0,0
POWER.BSE_IDX,01/07/2025,11:22:51,6933.41,0,0,0,0,0,0
POWER.BSE_IDX,01/07/2025,11:22:59,6933.3,0,0,0,0,0,0
POWER.BSE_IDX,01/07/2025,11:23:07,6933.93,0,0,0,0,0,0
POWER.BSE_IDX,01/07/2025,11:23:15,6933.49,0,0,0,0,0,0
POWER.BSE_IDX,01/07/2025,11:23:23,6932.86,0,0,0,0,0,0
POWER.BSE_IDX,01/07/2025,11:23:31,6931.01,0,0,0,0,0,0
POWER.BSE_IDX,01/07/2025,11:23:39,6931.63,0,0,0,0,0,0
POWER.BSE_IDX,01/07/2025,11:23:47,6931.88,0,0,0,0,0,0
POWER.BSE_IDX,01/07/2025,11:23:55,6931.93,0,0,0,0,0,0
POWER.BSE_IDX,01/07/2025,11:24:04,6931.29,0,0,0,0,0,0
POWER.BSE_IDX,01/07/2025,11:24:11,6932.01,0,0,0,0,0,0
POWER.BSE_IDX,01/07/2025,11:24:19,6932,0,0,0,0,0,0
POWER.BSE_IDX,01/07/2025,11:24:27,6932.21,0,0,0,0,0,0
POWER.BSE_IDX,01/07/2025,11:24:35,6932.04,0,0,0,0,0,0
POWER.BSE_IDX,01/07/2025,11:24:43,6931.58,0,0,0,0,0,0
POWER.BSE_IDX,01/07/2025,11:24:52,6932.82,0,0,0,0,0,0
POWER.BSE_IDX,01/07/2025,11:25:00,6932.55,0,0,0,0,0,0
POWER.BSE_IDX,01/07/2025,11:25:07,6931.96,0,0,0,0,0,0
POWER.BSE_IDX,01/07/2025,11:25:15,6931.32,0,0,0,0,0,0
POWER.BSE_IDX,01/07/2025,11:25:23,6931.08,0,0,0,0,0,0
POWER.BSE_IDX,01/07/2025,11:25:31,6931.22,0,0,0,0,0,0
POWER.BSE_IDX,01/07/2025,11:25:41,6931.26,0,0,0,0,0,0
POWER.BSE_IDX,01/07/2025,11:25:47,6930.52,0,0,0,0,0,0
POWER.BSE_IDX,01/07/2025,11:25:55,6930.55,0,0,0,0,0,0
POWER.BSE_IDX,01/07/2025,11:26:03,6930.7,0,0,0,0,0,0
POWER.BSE_IDX,01/07/2025,11:26:11,6932.15,0,0,0,0,0,0
POWER.BSE_IDX,01/07/2025,11:26:19,6930.48,0,0,0,0,0,0
POWER.BSE_IDX,01/07/2025,11:26:27,6930.52,0,0,0,0,0,0
POWER.BSE_IDX,01/07/2025,11:26:35,6930.56,0,0,0,0,0,0
POWER.BSE_IDX,01/07/2025,11:26:43,6930.38,0,0,0,0,0,0
POWER.BSE_IDX,01/07/2025,11:26:51,6930.04,0,0,0,0,0,0
POWER.BSE_IDX,01/07/2025,11:26:59,6931.15,0,0,0,0,0,0
POWER.BSE_IDX,01/07/2025,11:27:07,6931.96,0,0,0,0,0,0
POWER.BSE_IDX,01/07/2025,11:27:15,6930.31,0,0,0,0,0,0
POWER.BSE_IDX,01/07/2025,11:27:23,6929.63,0,0,0,0,0,0
POWER.BSE_IDX,01/07/2025,11:27:31,6930.43,0,0,0,0,0,0
POWER.BSE_IDX,01/07/2025,11:27:39,6931.22,0,0,0,0,0,0
POWER.BSE_IDX,01/07/2025,11:27:47,6930.83,0,0,0,0,0,0
POWER.BSE_IDX,01/07/2025,11:27:55,6930.1,0,0,0,0,0,0
POWER.BSE_IDX,01/07/2025,11:28:03,6930.18,0,0,0,0,0,0
POWER.BSE_IDX,01/07/2025,11:28:11,6930.19,0,0,0,0,0,0
POWER.BSE_IDX,01/07/2025,11:28:19,6929.06,0,0,0,0,0,0
POWER.BSE_IDX,01/07/2025,11:28:27,6928.97,0,0,0,0,0,0
POWER.BSE_IDX,01/07/2025,11:28:36,6928.95,0,0,0,0,0,0
POWER.BSE_IDX,01/07/2025,11:28:43,6927.81,0,0,0,0,0,0
POWER.BSE_IDX,01/07/2025,11:28:51,6928.05,0,0,0,0,0,0
POWER.BSE_IDX,01/07/2025,11:28:59,6928.48,0,0,0,0,0,0
POWER.BSE_IDX,01/07/2025,11:29:07,6929.48,0,0,0,0,0,0
POWER.BSE_IDX,01/07/2025,11:29:16,6928.04,0,0,0,0,0,0
POWER.BSE_IDX,01/07/2025,11:29:24,6927.47,0,0,0,0,0,0
POWER.BSE_IDX,01/07/2025,11:29:31,6927.11,0,0,0,0,0,0
POWER.BSE_IDX,01/07/2025,11:29:39,6927.4,0,0,0,0,0,0
POWER.BSE_IDX,01/07/2025,11:29:47,6928.9,0,0,0,0,0,0
POWER.BSE_IDX,01/07/2025,11:29:55,6928.18,0,0,0,0,0,0
POWER.BSE_IDX,01/07/2025,11:30:03,6927.96,0,0,0,0,0,0
POWER.BSE_IDX,01/07/2025,11:30:11,6927.29,0,0,0,0,0,0
POWER.BSE_IDX,01/07/2025,11:30:19,6927.58,0,0,0,0,0,0
POWER.BSE_IDX,01/07/2025,11:30:27,6929.04,0,0,0,0,0,0
POWER.BSE_IDX,01/07/2025,11:30:35,6928.35,0,0,0,0,0,0
POWER.BSE_IDX,01/07/2025,11:30:43,6929.44,0,0,0,0,0,0
POWER.BSE_IDX,01/07/2025,11:30:51,6929.21,0,0,0,0,0,0
POWER.BSE_IDX,01/07/2025,11:30:59,6927.16,0,0,0,0,0,0
POWER.BSE_IDX,01/07/2025,11:31:07,6928.14,0,0,0,0,0,0
POWER.BSE_IDX,01/07/2025,11:31:15,6926.55,0,0,0,0,0,0
POWER.BSE_IDX,01/07/2025,11:31:23,6926.43,0,0,0,0,0,0
POWER.BSE_IDX,01/07/2025,11:31:31,6927.28,0,0,0,0,0,0
POWER.BSE_IDX,01/07/2025,11:31:39,6926.8,0,0,0,0,0,0
POWER.BSE_IDX,01/07/2025,11:31:47,6926.96,0,0,0,0,0,0
POWER.BSE_IDX,01/07/2025,11:31:55,6925.88,0,0,0,0,0,0
POWER.BSE_IDX,01/07/2025,11:32:04,6926.47,0,0,0,0,0,0
POWER.BSE_IDX,01/07/2025,11:32:11,6925.38,0,0,0,0,0,0
POWER.BSE_IDX,01/07/2025,11:32:19,6924.39,0,0,0,0,0,0
POWER.BSE_IDX,01/07/2025,11:32:27,6925.15,0,0,0,0,0,0
POWER.BSE_IDX,01/07/2025,11:32:35,6924.87,0,0,0,0,0,0
POWER.BSE_IDX,01/07/2025,11:32:43,6924.96,0,0,0,0,0,0
POWER.BSE_IDX,01/07/2025,11:32:51,6924.32,0,0,0,0,0,0
POWER.BSE_IDX,01/07/2025,11:32:59,6924.02,0,0,0,0,0,0
POWER.BSE_IDX,01/07/2025,11:33:07,6923.19,0,0,0,0,0,0
POWER.BSE_IDX,01/07/2025,11:33:15,6924.63,0,0,0,0,0,0
POWER.BSE_IDX,01/07/2025,11:33:23,6924.11,0,0,0,0,0,0
POWER.BSE_IDX,01/07/2025,11:33:31,6924.32,0,0,0,0,0,0
POWER.BSE_IDX,01/07/2025,11:33:39,6924.73,0,0,0,0,0,0
POWER.BSE_IDX,01/07/2025,11:33:47,6924.3,0,0,0,0,0,0
POWER.BSE_IDX,01/07/2025,11:33:55,6924.33,0,0,0,0,0,0
POWER.BSE_IDX,01/07/2025,11:34:03,6923.49,0,0,0,0,0,0
POWER.BSE_IDX,01/07/2025,11:34:12,6925.43,0,0,0,0,0,0
POWER.BSE_IDX,01/07/2025,11:34:19,6925.89,0,0,0,0,0,0
POWER.BSE_IDX,01/07/2025,11:34:27,6924.52,0,0,0,0,0,0
POWER.BSE_IDX,01/07/2025,11:34:35,6924.52,0,0,0,0,0,0
POWER.BSE_IDX,01/07/2025,11:34:43,6924.13,0,0,0,0,0,0
POWER.BSE_IDX,01/07/2025,11:34:51,6923.81,0,0,0,0,0,0
POWER.BSE_IDX,01/07/2025,11:34:59,6924.11,0,0,0,0,0,0
POWER.BSE_IDX,01/07/2025,11:35:07,6924.23,0,0,0,0,0,0
POWER.BSE_IDX,01/07/2025,11:35:16,6925.19,0,0,0,0,0,0
POWER.BSE_IDX,01/07/2025,11:35:23,6924.99,0,0,0,0,0,0
POWER.BSE_IDX,01/07/2025,11:35:32,6925.24,0,0,0,0,0,0
POWER.BSE_IDX,01/07/2025,11:35:39,6924.86,0,0,0,0,0,0
POWER.BSE_IDX,01/07/2025,11:35:47,6924.76,0,0,0,0,0,0
POWER.BSE_IDX,01/07/2025,11:35:55,6924.53,0,0,0,0,0,0
POWER.BSE_IDX,01/07/2025,11:36:04,6924.91,0,0,0,0,0,0
POWER.BSE_IDX,01/07/2025,11:36:11,6925.78,0,0,0,0,0,0
POWER.BSE_IDX,01/07/2025,11:36:19,6926.09,0,0,0,0,0,0
POWER.BSE_IDX,01/07/2025,11:36:28,6925.41,0,0,0,0,0,0
POWER.BSE_IDX,01/07/2025,11:36:35,6922.78,0,0,0,0,0,0
POWER.BSE_IDX,01/07/2025,11:36:43,6923.29,0,0,0,0,0,0
POWER.BSE_IDX,01/07/2025,11:36:54,6923.8,0,0,0,0,0,0
POWER.BSE_IDX,01/07/2025,11:36:59,6923.49,0,0,0,0,0,0
POWER.BSE_IDX,01/07/2025,11:37:07,6923.43,0,0,0,0,0,0
POWER.BSE_IDX,01/07/2025,11:37:15,6924.9,0,0,0,0,0,0
POWER.BSE_IDX,01/07/2025,11:37:23,6924.89,0,0,0,0,0,0
POWER.BSE_IDX,01/07/2025,11:37:31,6924.75,0,0,0,0,0,0
POWER.BSE_IDX,01/07/2025,11:37:41,6924.17,0,0,0,0,0,0
POWER.BSE_IDX,01/07/2025,11:37:47,6924.41,0,0,0,0,0,0
POWER.BSE_IDX,01/07/2025,11:37:55,6924.51,0,0,0,0,0,0
POWER.BSE_IDX,01/07/2025,11:38:03,6923.36,0,0,0,0,0,0
POWER.BSE_IDX,01/07/2025,11:38:11,6923.15,0,0,0,0,0,0
POWER.BSE_IDX,01/07/2025,11:38:20,6922.45,0,0,0,0,0,0
POWER.BSE_IDX,01/07/2025,11:38:27,6923.14,0,0,0,0,0,0
POWER.BSE_IDX,01/07/2025,11:38:35,6923.33,0,0,0,0,0,0
POWER.BSE_IDX,01/07/2025,11:38:43,6923.85,0,0,0,0,0,0
POWER.BSE_IDX,01/07/2025,11:38:51,6923.82,0,0,0,0,0,0
POWER.BSE_IDX,01/07/2025,11:38:59,6923.12,0,0,0,0,0,0
POWER.BSE_IDX,01/07/2025,11:39:07,6923.23,0,0,0,0,0,0
POWER.BSE_IDX,01/07/2025,11:39:16,6924.02,0,0,0,0,0,0
POWER.BSE_IDX,01/07/2025,11:39:23,6923.91,0,0,0,0,0,0
POWER.BSE_IDX,01/07/2025,11:39:31,6925.14,0,0,0,0,0,0
POWER.BSE_IDX,01/07/2025,11:39:39,6924.27,0,0,0,0,0,0
POWER.BSE_IDX,01/07/2025,11:39:47,6922.88,0,0,0,0,0,0
POWER.BSE_IDX,01/07/2025,11:39:55,6922.86,0,0,0,0,0,0
POWER.BSE_IDX,01/07/2025,11:40:03,6922.91,0,0,0,0,0,0
POWER.BSE_IDX,01/07/2025,11:40:11,6920.86,0,0,0,0,0,0
POWER.BSE_IDX,01/07/2025,11:40:19,6920.94,0,0,0,0,0,0
POWER.BSE_IDX,01/07/2025,11:40:27,6921.36,0,0,0,0,0,0
POWER.BSE_IDX,01/07/2025,11:40:35,6921.34,0,0,0,0,0,0
POWER.BSE_IDX,01/07/2025,11:40:43,6920.3,0,0,0,0,0,0
POWER.BSE_IDX,01/07/2025,11:40:51,6920.5,0,0,0,0,0,0
POWER.BSE_IDX,01/07/2025,11:41:00,6921.35,0,0,0,0,0,0
POWER.BSE_IDX,01/07/2025,11:41:07,6921.41,0,0,0,0,0,0
POWER.BSE_IDX,01/07/2025,11:41:15,6920.2,0,0,0,0,0,0
POWER.BSE_IDX,01/07/2025,11:41:24,6920.16,0,0,0,0,0,0
POWER.BSE_IDX,01/07/2025,11:41:32,6919.47,0,0,0,0,0,0
POWER.BSE_IDX,01/07/2025,11:41:39,6919.96,0,0,0,0,0,0
POWER.BSE_IDX,01/07/2025,11:41:48,6920.93,0,0,0,0,0,0
POWER.BSE_IDX,01/07/2025,11:41:56,6920,0,0,0,0,0,0
POWER.BSE_IDX,01/07/2025,11:42:04,6920.57,0,0,0,0,0,0
POWER.BSE_IDX,01/07/2025,11:42:12,6920.81,0,0,0,0,0,0
POWER.BSE_IDX,01/07/2025,11:42:20,6921.31,0,0,0,0,0,0
POWER.BSE_IDX,01/07/2025,11:42:28,6922.68,0,0,0,0,0,0
POWER.BSE_IDX,01/07/2025,11:42:36,6922.83,0,0,0,0,0,0
POWER.BSE_IDX,01/07/2025,11:42:44,6922.4,0,0,0,0,0,0
POWER.BSE_IDX,01/07/2025,11:42:52,6922.41,0,0,0,0,0,0
POWER.BSE_IDX,01/07/2025,11:43:00,6921.48,0,0,0,0,0,0
POWER.BSE_IDX,01/07/2025,11:43:08,6921.62,0,0,0,0,0,0
POWER.BSE_IDX,01/07/2025,11:43:16,6922.09,0,0,0,0,0,0
POWER.BSE_IDX,01/07/2025,11:43:24,6921.09,0,0,0,0,0,0
POWER.BSE_IDX,01/07/2025,11:43:32,6922.01,0,0,0,0,0,0
POWER.BSE_IDX,01/07/2025,11:43:40,6920.97,0,0,0,0,0,0
POWER.BSE_IDX,01/07/2025,11:43:48,6921.5,0,0,0,0,0,0
POWER.BSE_IDX,01/07/2025,11:43:56,6921.5,0,0,0,0,0,0
POWER.BSE_IDX,01/07/2025,11:44:04,6921.78,0,0,0,0,0,0
POWER.BSE_IDX,01/07/2025,11:44:12,6921.02,0,0,0,0,0,0
POWER.BSE_IDX,01/07/2025,11:44:20,6921.37,0,0,0,0,0,0
POWER.BSE_IDX,01/07/2025,11:44:28,6920.79,0,0,0,0,0,0
POWER.BSE_IDX,01/07/2025,11:44:36,6918.77,0,0,0,0,0,0
POWER.BSE_IDX,01/07/2025,11:44:44,6918.68,0,0,0,0,0,0
POWER.BSE_IDX,01/07/2025,11:44:52,6919.13,0,0,0,0,0,0
POWER.BSE_IDX,01/07/2025,11:45:00,6919.42,0,0,0,0,0,0
POWER.BSE_IDX,01/07/2025,11:45:08,6919.76,0,0,0,0,0,0
POWER.BSE_IDX,01/07/2025,11:45:16,6919.34,0,0,0,0,0,0
POWER.BSE_IDX,01/07/2025,11:45:24,6920.4,0,0,0,0,0,0
POWER.BSE_IDX,01/07/2025,11:45:32,6918.9,0,0,0,0,0,0
POWER.BSE_IDX,01/07/2025,11:45:40,6918.99,0,0,0,0,0,0
POWER.BSE_IDX,01/07/2025,11:45:48,6919.2,0,0,0,0,0,0
POWER.BSE_IDX,01/07/2025,11:45:56,6919.94,0,0,0,0,0,0
POWER.BSE_IDX,01/07/2025,11:46:04,6920.94,0,0,0,0,0,0
POWER.BSE_IDX,01/07/2025,11:46:12,6921.82,0,0,0,0,0,0
POWER.BSE_IDX,01/07/2025,11:46:20,6922.51,0,0,0,0,0,0
POWER.BSE_IDX,01/07/2025,11:46:28,6921.75,0,0,0,0,0,0
POWER.BSE_IDX,01/07/2025,11:46:36,6921.25,0,0,0,0,0,0
POWER.BSE_IDX,01/07/2025,11:46:44,6919.97,0,0,0,0,0,0
POWER.BSE_IDX,01/07/2025,11:46:52,6919.79,0,0,0,0,0,0
POWER.BSE_IDX,01/07/2025,11:47:00,6921.56,0,0,0,0,0,0
POWER.BSE_IDX,01/07/2025,11:47:08,6920.41,0,0,0,0,0,0
POWER.BSE_IDX,01/07/2025,11:47:16,6918.94,0,0,0,0,0,0
POWER.BSE_IDX,01/07/2025,11:47:24,6919.63,0,0,0,0,0,0
POWER.BSE_IDX,01/07/2025,11:47:32,6918.87,0,0,0,0,0,0
POWER.BSE_IDX,01/07/2025,11:47:40,6919.3,0,0,0,0,0,0
POWER.BSE_IDX,01/07/2025,11:47:48,6918.95,0,0,0,0,0,0
POWER.BSE_IDX,01/07/2025,11:47:56,6919.02,0,0,0,0,0,0
POWER.BSE_IDX,01/07/2025,11:48:04,6918,0,0,0,0,0,0
POWER.BSE_IDX,01/07/2025,11:48:12,6918.76,0,0,0,0,0,0
POWER.BSE_IDX,01/07/2025,11:48:20,6919.24,0,0,0,0,0,0
POWER.BSE_IDX,01/07/2025,11:48:28,6919.67,0,0,0,0,0,0
POWER.BSE_IDX,01/07/2025,11:48:36,6921.03,0,0,0,0,0,0
POWER.BSE_IDX,01/07/2025,11:48:44,6919.89,0,0,0,0,0,0
POWER.BSE_IDX,01/07/2025,11:48:52,6920.51,0,0,0,0,0,0
POWER.BSE_IDX,01/07/2025,11:49:01,6921.53,0,0,0,0,0,0
POWER.BSE_IDX,01/07/2025,11:49:09,6921.72,0,0,0,0,0,0
POWER.BSE_IDX,01/07/2025,11:49:16,6921.08,0,0,0,0,0,0
POWER.BSE_IDX,01/07/2025,11:49:24,6920.09,0,0,0,0,0,0
POWER.BSE_IDX,01/07/2025,11:49:32,6919.45,0,0,0,0,0,0
POWER.BSE_IDX,01/07/2025,11:49:40,6918.44,0,0,0,0,0,0
POWER.BSE_IDX,01/07/2025,11:49:49,6918.66,0,0,0,0,0,0
POWER.BSE_IDX,01/07/2025,11:49:56,6918.8,0,0,0,0,0,0
POWER.BSE_IDX,01/07/2025,11:50:04,6918.47,0,0,0,0,0,0
POWER.BSE_IDX,01/07/2025,11:50:12,6917.48,0,0,0,0,0,0
POWER.BSE_IDX,01/07/2025,11:50:20,6917.71,0,0,0,0,0,0
POWER.BSE_IDX,01/07/2025,11:50:28,6917.75,0,0,0,0,0,0
POWER.BSE_IDX,01/07/2025,11:50:36,6918,0,0,0,0,0,0
POWER.BSE_IDX,01/07/2025,11:50:44,6917.41,0,0,0,0,0,0
POWER.BSE_IDX,01/07/2025,11:50:52,6916.8,0,0,0,0,0,0
POWER.BSE_IDX,01/07/2025,11:51:00,6917.27,0,0,0,0,0,0
POWER.BSE_IDX,01/07/2025,11:51:08,6916.86,0,0,0,0,0,0
POWER.BSE_IDX,01/07/2025,11:51:16,6917.28,0,0,0,0,0,0
POWER.BSE_IDX,01/07/2025,11:51:24,6916.46,0,0,0,0,0,0
POWER.BSE_IDX,01/07/2025,11:51:32,6915.72,0,0,0,0,0,0
POWER.BSE_IDX,01/07/2025,11:51:40,6916,0,0,0,0,0,0
POWER.BSE_IDX,01/07/2025,11:51:48,6917.34,0,0,0,0,0,0
POWER.BSE_IDX,01/07/2025,11:51:56,6917.43,0,0,0,0,0,0
POWER.BSE_IDX,01/07/2025,11:52:04,6916.94,0,0,0,0,0,0
POWER.BSE_IDX,01/07/2025,11:52:12,6916.78,0,0,0,0,0,0
POWER.BSE_IDX,01/07/2025,11:52:20,6915.86,0,0,0,0,0,0
POWER.BSE_IDX,01/07/2025,11:52:28,6916.27,0,0,0,0,0,0
POWER.BSE_IDX,01/07/2025,11:52:36,6916.73,0,0,0,0,0,0
POWER.BSE_IDX,01/07/2025,11:52:44,6914.87,0,0,0,0,0,0
POWER.BSE_IDX,01/07/2025,11:52:52,6915.24,0,0,0,0,0,0
POWER.BSE_IDX,01/07/2025,11:53:00,6914.75,0,0,0,0,0,0
POWER.BSE_IDX,01/07/2025,11:53:08,6914.98,0,0,0,0,0,0
POWER.BSE_IDX,01/07/2025,11:53:16,6913.78,0,0,0,0,0,0
POWER.BSE_IDX,01/07/2025,11:53:24,6914.01,0,0,0,0,0,0
POWER.BSE_IDX,01/07/2025,11:53:32,6913.6,0,0,0,0,0,0
POWER.BSE_IDX,01/07/2025,11:53:40,6914.02,0,0,0,0,0,0
POWER.BSE_IDX,01/07/2025,11:53:48,6914.45,0,0,0,0,0,0
POWER.BSE_IDX,01/07/2025,11:53:56,6913.89,0,0,0,0,0,0
POWER.BSE_IDX,01/07/2025,11:54:04,6913.36,0,0,0,0,0,0
POWER.BSE_IDX,01/07/2025,11:54:12,6913.32,0,0,0,0,0,0
POWER.BSE_IDX,01/07/2025,11:54:20,6912.96,0,0,0,0,0,0
POWER.BSE_IDX,01/07/2025,11:54:28,6912.68,0,0,0,0,0,0
POWER.BSE_IDX,01/07/2025,11:54:36,6912.57,0,0,0,0,0,0
POWER.BSE_IDX,01/07/2025,11:54:44,6912.83,0,0,0,0,0,0
POWER.BSE_IDX,01/07/2025,11:54:52,6914.32,0,0,0,0,0,0
POWER.BSE_IDX,01/07/2025,11:55:00,6914.3,0,0,0,0,0,0
POWER.BSE_IDX,01/07/2025,11:55:08,6914.58,0,0,0,0,0,0
POWER.BSE_IDX,01/07/2025,11:55:17,6914.86,0,0,0,0,0,0
POWER.BSE_IDX,01/07/2025,11:55:24,6914.48,0,0,0,0,0,0
POWER.BSE_IDX,01/07/2025,11:55:32,6914.33,0,0,0,0,0,0
POWER.BSE_IDX,01/07/2025,11:55:40,6915.81,0,0,0,0,0,0
POWER.BSE_IDX,01/07/2025,11:55:48,6914.73,0,0,0,0,0,0
POWER.BSE_IDX,01/07/2025,11:55:56,6914.28,0,0,0,0,0,0
POWER.BSE_IDX,01/07/2025,11:56:05,6914.91,0,0,0,0,0,0
POWER.BSE_IDX,01/07/2025,11:56:12,6914.14,0,0,0,0,0,0
POWER.BSE_IDX,01/07/2025,11:56:20,6914.71,0,0,0,0,0,0
POWER.BSE_IDX,01/07/2025,11:56:28,6913.8,0,0,0,0,0,0
POWER.BSE_IDX,01/07/2025,11:56:36,6914.08,0,0,0,0,0,0
POWER.BSE_IDX,01/07/2025,11:56:44,6913.09,0,0,0,0,0,0
POWER.BSE_IDX,01/07/2025,11:56:52,6912.39,0,0,0,0,0,0
POWER.BSE_IDX,01/07/2025,11:57:00,6913.28,0,0,0,0,0,0
POWER.BSE_IDX,01/07/2025,11:57:08,6912.62,0,0,0,0,0,0
POWER.BSE_IDX,01/07/2025,11:57:16,6912.71,0,0,0,0,0,0
POWER.BSE_IDX,01/07/2025,11:57:24,6912.64,0,0,0,0,0,0
POWER.BSE_IDX,01/07/2025,11:57:32,6912.92,0,0,0,0,0,0
POWER.BSE_IDX,01/07/2025,11:57:40,6911.79,0,0,0,0,0,0
POWER.BSE_IDX,01/07/2025,11:57:48,6912.86,0,0,0,0,0,0
POWER.BSE_IDX,01/07/2025,11:57:56,6913.2,0,0,0,0,0,0
POWER.BSE_IDX,01/07/2025,11:58:04,6912.14,0,0,0,0,0,0
POWER.BSE_IDX,01/07/2025,11:58:12,6912,0,0,0,0,0,0
POWER.BSE_IDX,01/07/2025,11:58:20,6912.05,0,0,0,0,0,0
POWER.BSE_IDX,01/07/2025,11:58:28,6911.56,0,0,0,0,0,0
POWER.BSE_IDX,01/07/2025,11:58:36,6911.83,0,0,0,0,0,0
POWER.BSE_IDX,01/07/2025,11:58:44,6912.33,0,0,0,0,0,0
POWER.BSE_IDX,01/07/2025,11:58:52,6911.88,0,0,0,0,0,0
POWER.BSE_IDX,01/07/2025,11:59:00,6913.47,0,0,0,0,0,0
POWER.BSE_IDX,01/07/2025,11:59:08,6913.71,0,0,0,0,0,0
POWER.BSE_IDX,01/07/2025,11:59:16,6912.72,0,0,0,0,0,0
POWER.BSE_IDX,01/07/2025,11:59:24,6912.96,0,0,0,0,0,0
POWER.BSE_IDX,01/07/2025,11:59:32,6913.76,0,0,0,0,0,0
POWER.BSE_IDX,01/07/2025,11:59:40,6913.89,0,0,0,0,0,0
POWER.BSE_IDX,01/07/2025,11:59:48,6914.71,0,0,0,0,0,0
POWER.BSE_IDX,01/07/2025,11:59:56,6914.78,0,0,0,0,0,0
POWER.BSE_IDX,01/07/2025,12:00:05,6915.27,0,0,0,0,0,0
POWER.BSE_IDX,01/07/2025,12:00:12,6914.78,0,0,0,0,0,0
POWER.BSE_IDX,01/07/2025,12:00:20,6913.29,0,0,0,0,0,0
POWER.BSE_IDX,01/07/2025,12:00:28,6911.64,0,0,0,0,0,0
POWER.BSE_IDX,01/07/2025,12:00:37,6910.9,0,0,0,0,0,0
POWER.BSE_IDX,01/07/2025,12:00:44,6909.77,0,0,0,0,0,0
POWER.BSE_IDX,01/07/2025,12:00:52,6909.26,0,0,0,0,0,0
POWER.BSE_IDX,01/07/2025,12:01:00,6908.15,0,0,0,0,0,0
POWER.BSE_IDX,01/07/2025,12:01:08,6908.59,0,0,0,0,0,0
POWER.BSE_IDX,01/07/2025,12:01:16,6909.27,0,0,0,0,0,0
POWER.BSE_IDX,01/07/2025,12:01:24,6908.99,0,0,0,0,0,0
POWER.BSE_IDX,01/07/2025,12:01:32,6909.33,0,0,0,0,0,0
POWER.BSE_IDX,01/07/2025,12:01:40,6909.23,0,0,0,0,0,0
POWER.BSE_IDX,01/07/2025,12:01:48,6909.46,0,0,0,0,0,0
POWER.BSE_IDX,01/07/2025,12:01:57,6908.72,0,0,0,0,0,0
POWER.BSE_IDX,01/07/2025,12:02:04,6908.54,0,0,0,0,0,0
POWER.BSE_IDX,01/07/2025,12:02:12,6909.14,0,0,0,0,0,0
POWER.BSE_IDX,01/07/2025,12:02:20,6908.34,0,0,0,0,0,0
POWER.BSE_IDX,01/07/2025,12:02:28,6907.09,0,0,0,0,0,0
POWER.BSE_IDX,01/07/2025,12:02:36,6907.88,0,0,0,0,0,0
POWER.BSE_IDX,01/07/2025,12:02:44,6908.31,0,0,0,0,0,0
POWER.BSE_IDX,01/07/2025,12:02:52,6908.52,0,0,0,0,0,0
POWER.BSE_IDX,01/07/2025,12:03:00,6906.46,0,0,0,0,0,0
POWER.BSE_IDX,01/07/2025,12:03:08,6905.53,0,0,0,0,0,0
POWER.BSE_IDX,01/07/2025,12:03:17,6904.72,0,0,0,0,0,0
POWER.BSE_IDX,01/07/2025,12:03:24,6904.89,0,0,0,0,0,0
POWER.BSE_IDX,01/07/2025,12:03:32,6905.18,0,0,0,0,0,0
POWER.BSE_IDX,01/07/2025,12:03:40,6905.24,0,0,0,0,0,0
POWER.BSE_IDX,01/07/2025,12:03:48,6905.07,0,0,0,0,0,0
POWER.BSE_IDX,01/07/2025,12:03:56,6904.8,0,0,0,0,0,0
POWER.BSE_IDX,01/07/2025,12:04:04,6905.82,0,0,0,0,0,0
POWER.BSE_IDX,01/07/2025,12:04:12,6905.21,0,0,0,0,0,0
POWER.BSE_IDX,01/07/2025,12:04:20,6905.74,0,0,0,0,0,0
POWER.BSE_IDX,01/07/2025,12:04:28,6906.5,0,0,0,0,0,0
POWER.BSE_IDX,01/07/2025,12:04:36,6906.92,0,0,0,0,0,0
POWER.BSE_IDX,01/07/2025,12:04:44,6906.84,0,0,0,0,0,0
POWER.BSE_IDX,01/07/2025,12:04:52,6906.39,0,0,0,0,0,0
POWER.BSE_IDX,01/07/2025,12:05:01,6907.65,0,0,0,0,0,0
POWER.BSE_IDX,01/07/2025,12:05:08,6907.02,0,0,0,0,0,0
POWER.BSE_IDX,01/07/2025,12:05:16,6907.29,0,0,0,0,0,0
POWER.BSE_IDX,01/07/2025,12:05:24,6908.11,0,0,0,0,0,0
POWER.BSE_IDX,01/07/2025,12:05:32,6907.59,0,0,0,0,0,0
POWER.BSE_IDX,01/07/2025,12:05:40,6907.74,0,0,0,0,0,0
POWER.BSE_IDX,01/07/2025,12:05:48,6908.5,0,0,0,0,0,0
POWER.BSE_IDX,01/07/2025,12:05:56,6907.97,0,0,0,0,0,0
POWER.BSE_IDX,01/07/2025,12:06:04,6908.45,0,0,0,0,0,0
POWER.BSE_IDX,01/07/2025,12:06:12,6907.79,0,0,0,0,0,0
POWER.BSE_IDX,01/07/2025,12:06:20,6907.87,0,0,0,0,0,0
POWER.BSE_IDX,01/07/2025,12:06:28,6907.23,0,0,0,0,0,0
POWER.BSE_IDX,01/07/2025,12:06:36,6907.49,0,0,0,0,0,0
POWER.BSE_IDX,01/07/2025,12:06:44,6906.88,0,0,0,0,0,0
POWER.BSE_IDX,01/07/2025,12:06:53,6907.65,0,0,0,0,0,0
POWER.BSE_IDX,01/07/2025,12:07:00,6907.59,0,0,0,0,0,0
POWER.BSE_IDX,01/07/2025,12:07:08,6907.86,0,0,0,0,0,0
POWER.BSE_IDX,01/07/2025,12:07:16,6908.36,0,0,0,0,0,0
POWER.BSE_IDX,01/07/2025,12:07:24,6908.27,0,0,0,0,0,0
POWER.BSE_IDX,01/07/2025,12:07:32,6907.67,0,0,0,0,0,0
POWER.BSE_IDX,01/07/2025,12:07:40,6907.14,0,0,0,0,0,0
POWER.BSE_IDX,01/07/2025,12:07:48,6908.34,0,0,0,0,0,0
POWER.BSE_IDX,01/07/2025,12:07:56,6907.26,0,0,0,0,0,0
POWER.BSE_IDX,01/07/2025,12:08:04,6907.57,0,0,0,0,0,0
POWER.BSE_IDX,01/07/2025,12:08:12,6908.51,0,0,0,0,0,0
POWER.BSE_IDX,01/07/2025,12:08:20,6906.49,0,0,0,0,0,0
POWER.BSE_IDX,01/07/2025,12:08:28,6907.65,0,0,0,0,0,0
POWER.BSE_IDX,01/07/2025,12:08:36,6907.48,0,0,0,0,0,0
POWER.BSE_IDX,01/07/2025,12:08:44,6907.7,0,0,0,0,0,0
POWER.BSE_IDX,01/07/2025,12:08:52,6909.39,0,0,0,0,0,0
POWER.BSE_IDX,01/07/2025,12:09:00,6909.1,0,0,0,0,0,0
POWER.BSE_IDX,01/07/2025,12:09:08,6908.91,0,0,0,0,0,0
POWER.BSE_IDX,01/07/2025,12:09:16,6909.24,0,0,0,0,0,0
POWER.BSE_IDX,01/07/2025,12:09:25,6909.09,0,0,0,0,0,0
POWER.BSE_IDX,01/07/2025,12:09:32,6908.94,0,0,0,0,0,0
POWER.BSE_IDX,01/07/2025,12:09:40,6910.23,0,0,0,0,0,0
POWER.BSE_IDX,01/07/2025,12:09:48,6909.8,0,0,0,0,0,0
POWER.BSE_IDX,01/07/2025,12:09:57,6910.09,0,0,0,0,0,0
POWER.BSE_IDX,01/07/2025,12:10:05,6910.28,0,0,0,0,0,0
POWER.BSE_IDX,01/07/2025,12:10:13,6910.06,0,0,0,0,0,0
POWER.BSE_IDX,01/07/2025,12:10:22,6908.72,0,0,0,0,0,0
POWER.BSE_IDX,01/07/2025,12:10:28,6908.93,0,0,0,0,0,0
POWER.BSE_IDX,01/07/2025,12:10:36,6909.2,0,0,0,0,0,0
POWER.BSE_IDX,01/07/2025,12:10:45,6908.94,0,0,0,0,0,0
POWER.BSE_IDX,01/07/2025,12:10:52,6908.61,0,0,0,0,0,0
POWER.BSE_IDX,01/07/2025,12:11:00,6908.77,0,0,0,0,0,0
POWER.BSE_IDX,01/07/2025,12:11:08,6908.95,0,0,0,0,0,0
POWER.BSE_IDX,01/07/2025,12:11:17,6908.74,0,0,0,0,0,0
POWER.BSE_IDX,01/07/2025,12:11:24,6908.59,0,0,0,0,0,0
POWER.BSE_IDX,01/07/2025,12:11:32,6909.54,0,0,0,0,0,0
POWER.BSE_IDX,01/07/2025,12:11:40,6909.03,0,0,0,0,0,0
POWER.BSE_IDX,01/07/2025,12:11:49,6910.01,0,0,0,0,0,0
POWER.BSE_IDX,01/07/2025,12:11:57,6910.31,0,0,0,0,0,0
POWER.BSE_IDX,01/07/2025,12:12:05,6911.54,0,0,0,0,0,0
POWER.BSE_IDX,01/07/2025,12:12:13,6911.74,0,0,0,0,0,0
POWER.BSE_IDX,01/07/2025,12:12:21,6911.07,0,0,0,0,0,0
POWER.BSE_IDX,01/07/2025,12:12:29,6911.55,0,0,0,0,0,0
POWER.BSE_IDX,01/07/2025,12:12:37,6911.49,0,0,0,0,0,0
POWER.BSE_IDX,01/07/2025,12:12:45,6910.74,0,0,0,0,0,0
POWER.BSE_IDX,01/07/2025,12:12:53,6911.57,0,0,0,0,0,0
POWER.BSE_IDX,01/07/2025,12:13:01,6910.9,0,0,0,0,0,0
POWER.BSE_IDX,01/07/2025,12:13:09,6911.56,0,0,0,0,0,0
POWER.BSE_IDX,01/07/2025,12:13:17,6911.49,0,0,0,0,0,0
POWER.BSE_IDX,01/07/2025,12:13:25,6911.72,0,0,0,0,0,0
POWER.BSE_IDX,01/07/2025,12:13:33,6912.05,0,0,0,0,0,0
POWER.BSE_IDX,01/07/2025,12:13:41,6911.6,0,0,0,0,0,0
POWER.BSE_IDX,01/07/2025,12:13:49,6911.11,0,0,0,0,0,0
POWER.BSE_IDX,01/07/2025,12:13:57,6910.87,0,0,0,0,0,0
POWER.BSE_IDX,01/07/2025,12:14:05,6911.12,0,0,0,0,0,0
POWER.BSE_IDX,01/07/2025,12:14:13,6910.42,0,0,0,0,0,0
POWER.BSE_IDX,01/07/2025,12:14:21,6911.36,0,0,0,0,0,0
POWER.BSE_IDX,01/07/2025,12:14:29,6910.55,0,0,0,0,0,0
POWER.BSE_IDX,01/07/2025,12:14:37,6910.44,0,0,0,0,0,0
POWER.BSE_IDX,01/07/2025,12:14:46,6910.93,0,0,0,0,0,0
POWER.BSE_IDX,01/07/2025,12:14:54,6909.77,0,0,0,0,0,0
POWER.BSE_IDX,01/07/2025,12:15:01,6910.12,0,0,0,0,0,0
POWER.BSE_IDX,01/07/2025,12:15:09,6910.66,0,0,0,0,0,0
POWER.BSE_IDX,01/07/2025,12:15:17,6911.35,0,0,0,0,0,0
POWER.BSE_IDX,01/07/2025,12:15:25,6911.71,0,0,0,0,0,0
POWER.BSE_IDX,01/07/2025,12:15:33,6911.3,0,0,0,0,0,0
POWER.BSE_IDX,01/07/2025,12:15:41,6910.67,0,0,0,0,0,0
POWER.BSE_IDX,01/07/2025,12:15:49,6911.09,0,0,0,0,0,0
POWER.BSE_IDX,01/07/2025,12:15:57,6911.28,0,0,0,0,0,0
POWER.BSE_IDX,01/07/2025,12:16:05,6911.05,0,0,0,0,0,0
POWER.BSE_IDX,01/07/2025,12:16:13,6911.75,0,0,0,0,0,0
POWER.BSE_IDX,01/07/2025,12:16:21,6912.17,0,0,0,0,0,0
POWER.BSE_IDX,01/07/2025,12:16:29,6912.52,0,0,0,0,0,0
POWER.BSE_IDX,01/07/2025,12:16:37,6912.04,0,0,0,0,0,0
POWER.BSE_IDX,01/07/2025,12:16:45,6912.77,0,0,0,0,0,0
POWER.BSE_IDX,01/07/2025,12:16:53,6912.97,0,0,0,0,0,0
POWER.BSE_IDX,01/07/2025,12:17:01,6912.71,0,0,0,0,0,0
POWER.BSE_IDX,01/07/2025,12:17:09,6912.34,0,0,0,0,0,0
POWER.BSE_IDX,01/07/2025,12:17:17,6912.34,0,0,0,0,0,0
POWER.BSE_IDX,01/07/2025,12:17:25,6910.86,0,0,0,0,0,0
POWER.BSE_IDX,01/07/2025,12:17:33,6912.3,0,0,0,0,0,0
POWER.BSE_IDX,01/07/2025,12:17:41,6912.71,0,0,0,0,0,0
POWER.BSE_IDX,01/07/2025,12:17:49,6912.95,0,0,0,0,0,0
POWER.BSE_IDX,01/07/2025,12:17:57,6912.95,0,0,0,0,0,0
POWER.BSE_IDX,01/07/2025,12:18:05,6913.9,0,0,0,0,0,0
POWER.BSE_IDX,01/07/2025,12:18:13,6914.55,0,0,0,0,0,0
POWER.BSE_IDX,01/07/2025,12:18:21,6915.34,0,0,0,0,0,0
POWER.BSE_IDX,01/07/2025,12:18:29,6915.28,0,0,0,0,0,0
POWER.BSE_IDX,01/07/2025,12:18:37,6915.25,0,0,0,0,0,0
POWER.BSE_IDX,01/07/2025,12:18:45,6915.29,0,0,0,0,0,0
POWER.BSE_IDX,01/07/2025,12:18:53,6915.93,0,0,0,0,0,0
POWER.BSE_IDX,01/07/2025,12:19:01,6917.65,0,0,0,0,0,0
POWER.BSE_IDX,01/07/2025,12:19:09,6916.56,0,0,0,0,0,0
POWER.BSE_IDX,01/07/2025,12:19:17,6917.03,0,0,0,0,0,0
POWER.BSE_IDX,01/07/2025,12:19:25,6916.36,0,0,0,0,0,0
POWER.BSE_IDX,01/07/2025,12:19:33,6917.61,0,0,0,0,0,0
POWER.BSE_IDX,01/07/2025,12:19:41,6917.7,0,0,0,0,0,0
POWER.BSE_IDX,01/07/2025,12:19:49,6918.69,0,0,0,0,0,0
POWER.BSE_IDX,01/07/2025,12:19:57,6918.94,0,0,0,0,0,0
POWER.BSE_IDX,01/07/2025,12:20:05,6918.11,0,0,0,0,0,0
POWER.BSE_IDX,01/07/2025,12:20:13,6919.59,0,0,0,0,0,0
POWER.BSE_IDX,01/07/2025,12:20:21,6919.95,0,0,0,0,0,0
POWER.BSE_IDX,01/07/2025,12:20:29,6919.56,0,0,0,0,0,0
POWER.BSE_IDX,01/07/2025,12:20:37,6919.44,0,0,0,0,0,0
POWER.BSE_IDX,01/07/2025,12:20:45,6919.07,0,0,0,0,0,0
POWER.BSE_IDX,01/07/2025,12:20:53,6919.49,0,0,0,0,0,0
POWER.BSE_IDX,01/07/2025,12:21:01,6919.38,0,0,0,0,0,0
POWER.BSE_IDX,01/07/2025,12:21:09,6918.37,0,0,0,0,0,0
POWER.BSE_IDX,01/07/2025,12:21:17,6917.48,0,0,0,0,0,0
POWER.BSE_IDX,01/07/2025,12:21:25,6918.44,0,0,0,0,0,0
POWER.BSE_IDX,01/07/2025,12:21:33,6918.36,0,0,0,0,0,0
POWER.BSE_IDX,01/07/2025,12:21:41,6919.79,0,0,0,0,0,0
POWER.BSE_IDX,01/07/2025,12:21:49,6921.49,0,0,0,0,0,0
POWER.BSE_IDX,01/07/2025,12:21:57,6921.6,0,0,0,0,0,0
POWER.BSE_IDX,01/07/2025,12:22:05,6922.76,0,0,0,0,0,0
POWER.BSE_IDX,01/07/2025,12:22:13,6922.84,0,0,0,0,0,0
POWER.BSE_IDX,01/07/2025,12:22:21,6923.23,0,0,0,0,0,0
POWER.BSE_IDX,01/07/2025,12:22:29,6922.87,0,0,0,0,0,0
POWER.BSE_IDX,01/07/2025,12:22:37,6921.89,0,0,0,0,0,0
POWER.BSE_IDX,01/07/2025,12:22:45,6922.19,0,0,0,0,0,0
POWER.BSE_IDX,01/07/2025,12:22:53,6922.12,0,0,0,0,0,0
POWER.BSE_IDX,01/07/2025,12:23:02,6922.29,0,0,0,0,0,0
POWER.BSE_IDX,01/07/2025,12:23:09,6921.83,0,0,0,0,0,0
POWER.BSE_IDX,01/07/2025,12:23:17,6922.02,0,0,0,0,0,0
POWER.BSE_IDX,01/07/2025,12:23:25,6921.96,0,0,0,0,0,0
POWER.BSE_IDX,01/07/2025,12:23:33,6921.81,0,0,0,0,0,0
POWER.BSE_IDX,01/07/2025,12:23:41,6921.69,0,0,0,0,0,0
POWER.BSE_IDX,01/07/2025,12:23:49,6922.99,0,0,0,0,0,0
POWER.BSE_IDX,01/07/2025,12:23:57,6922.48,0,0,0,0,0,0
POWER.BSE_IDX,01/07/2025,12:24:05,6922.63,0,0,0,0,0,0
POWER.BSE_IDX,01/07/2025,12:24:13,6923.33,0,0,0,0,0,0
POWER.BSE_IDX,01/07/2025,12:24:21,6922.79,0,0,0,0,0,0
POWER.BSE_IDX,01/07/2025,12:24:29,6923.7,0,0,0,0,0,0
POWER.BSE_IDX,01/07/2025,12:24:37,6923.05,0,0,0,0,0,0
POWER.BSE_IDX,01/07/2025,12:24:45,6922.9,0,0,0,0,0,0
POWER.BSE_IDX,01/07/2025,12:24:53,6922.68,0,0,0,0,0,0
POWER.BSE_IDX,01/07/2025,12:25:01,6921.88,0,0,0,0,0,0
POWER.BSE_IDX,01/07/2025,12:25:09,6922.95,0,0,0,0,0,0
POWER.BSE_IDX,01/07/2025,12:25:17,6924.59,0,0,0,0,0,0
POWER.BSE_IDX,01/07/2025,12:25:25,6924.01,0,0,0,0,0,0
POWER.BSE_IDX,01/07/2025,12:25:33,6924.01,0,0,0,0,0,0
POWER.BSE_IDX,01/07/2025,12:25:41,6923.85,0,0,0,0,0,0
POWER.BSE_IDX,01/07/2025,12:25:49,6925.67,0,0,0,0,0,0
POWER.BSE_IDX,01/07/2025,12:25:57,6925.06,0,0,0,0,0,0
POWER.BSE_IDX,01/07/2025,12:26:05,6925.36,0,0,0,0,0,0
POWER.BSE_IDX,01/07/2025,12:26:13,6925.53,0,0,0,0,0,0
POWER.BSE_IDX,01/07/2025,12:26:21,6925.62,0,0,0,0,0,0
POWER.BSE_IDX,01/07/2025,12:26:31,6926.1,0,0,0,0,0,0
POWER.BSE_IDX,01/07/2025,12:26:37,6925.99,0,0,0,0,0,0
POWER.BSE_IDX,01/07/2025,12:26:45,6925.77,0,0,0,0,0,0
POWER.BSE_IDX,01/07/2025,12:26:53,6924.8,0,0,0,0,0,0
POWER.BSE_IDX,01/07/2025,12:27:01,6924.71,0,0,0,0,0,0
POWER.BSE_IDX,01/07/2025,12:27:09,6923.87,0,0,0,0,0,0
POWER.BSE_IDX,01/07/2025,12:27:17,6924.25,0,0,0,0,0,0
POWER.BSE_IDX,01/07/2025,12:27:25,6924.88,0,0,0,0,0,0
POWER.BSE_IDX,01/07/2025,12:27:33,6924.98,0,0,0,0,0,0
POWER.BSE_IDX,01/07/2025,12:27:41,6924.21,0,0,0,0,0,0
POWER.BSE_IDX,01/07/2025,12:27:49,6925.12,0,0,0,0,0,0
POWER.BSE_IDX,01/07/2025,12:27:57,6925.32,0,0,0,0,0,0
POWER.BSE_IDX,01/07/2025,12:28:05,6925.33,0,0,0,0,0,0
POWER.BSE_IDX,01/07/2025,12:28:13,6925.29,0,0,0,0,0,0
POWER.BSE_IDX,01/07/2025,12:28:21,6924.65,0,0,0,0,0,0
POWER.BSE_IDX,01/07/2025,12:28:29,6925.22,0,0,0,0,0,0
POWER.BSE_IDX,01/07/2025,12:28:37,6923.95,0,0,0,0,0,0
POWER.BSE_IDX,01/07/2025,12:28:45,6924.14,0,0,0,0,0,0
POWER.BSE_IDX,01/07/2025,12:28:53,6924.14,0,0,0,0,0,0
POWER.BSE_IDX,01/07/2025,12:29:01,6924.44,0,0,0,0,0,0
POWER.BSE_IDX,01/07/2025,12:29:10,6924.56,0,0,0,0,0,0
POWER.BSE_IDX,01/07/2025,12:29:18,6924.81,0,0,0,0,0,0
POWER.BSE_IDX,01/07/2025,12:29:25,6924.86,0,0,0,0,0,0
POWER.BSE_IDX,01/07/2025,12:29:33,6924.7,0,0,0,0,0,0
POWER.BSE_IDX,01/07/2025,12:29:41,6922.9,0,0,0,0,0,0
POWER.BSE_IDX,01/07/2025,12:29:49,6922.32,0,0,0,0,0,0
POWER.BSE_IDX,01/07/2025,12:29:57,6922.5,0,0,0,0,0,0
POWER.BSE_IDX,01/07/2025,12:30:05,6924.17,0,0,0,0,0,0
POWER.BSE_IDX,01/07/2025,12:30:13,6925.57,0,0,0,0,0,0
POWER.BSE_IDX,01/07/2025,12:30:22,6925.18,0,0,0,0,0,0
POWER.BSE_IDX,01/07/2025,12:30:29,6924.87,0,0,0,0,0,0
POWER.BSE_IDX,01/07/2025,12:30:37,6925.47,0,0,0,0,0,0
POWER.BSE_IDX,01/07/2025,12:30:45,6925.76,0,0,0,0,0,0
POWER.BSE_IDX,01/07/2025,12:30:53,6925.85,0,0,0,0,0,0
POWER.BSE_IDX,01/07/2025,12:31:01,6925.96,0,0,0,0,0,0
POWER.BSE_IDX,01/07/2025,12:31:09,6925.26,0,0,0,0,0,0
POWER.BSE_IDX,01/07/2025,12:31:17,6926.6,0,0,0,0,0,0
POWER.BSE_IDX,01/07/2025,12:31:25,6927.1,0,0,0,0,0,0
POWER.BSE_IDX,01/07/2025,12:31:34,6926.37,0,0,0,0,0,0
POWER.BSE_IDX,01/07/2025,12:31:41,6926.25,0,0,0,0,0,0
POWER.BSE_IDX,01/07/2025,12:31:49,6926.43,0,0,0,0,0,0
POWER.BSE_IDX,01/07/2025,12:31:57,6925.71,0,0,0,0,0,0
POWER.BSE_IDX,01/07/2025,12:32:05,6927.44,0,0,0,0,0,0
POWER.BSE_IDX,01/07/2025,12:32:13,6927.98,0,0,0,0,0,0
POWER.BSE_IDX,01/07/2025,12:32:21,6928.05,0,0,0,0,0,0
POWER.BSE_IDX,01/07/2025,12:32:29,6927.24,0,0,0,0,0,0
POWER.BSE_IDX,01/07/2025,12:32:37,6927.19,0,0,0,0,0,0
POWER.BSE_IDX,01/07/2025,12:32:45,6926.88,0,0,0,0,0,0
POWER.BSE_IDX,01/07/2025,12:32:53,6926.06,0,0,0,0,0,0
POWER.BSE_IDX,01/07/2025,12:33:01,6925.41,0,0,0,0,0,0
POWER.BSE_IDX,01/07/2025,12:33:09,6926.09,0,0,0,0,0,0
POWER.BSE_IDX,01/07/2025,12:33:17,6926.42,0,0,0,0,0,0
POWER.BSE_IDX,01/07/2025,12:33:26,6925.09,0,0,0,0,0,0
POWER.BSE_IDX,01/07/2025,12:33:33,6925.99,0,0,0,0,0,0
POWER.BSE_IDX,01/07/2025,12:33:41,6926.33,0,0,0,0,0,0
POWER.BSE_IDX,01/07/2025,12:33:49,6925.64,0,0,0,0,0,0
POWER.BSE_IDX,01/07/2025,12:33:57,6925.8,0,0,0,0,0,0
POWER.BSE_IDX,01/07/2025,12:34:05,6924.64,0,0,0,0,0,0
POWER.BSE_IDX,01/07/2025,12:34:13,6925.34,0,0,0,0,0,0
POWER.BSE_IDX,01/07/2025,12:34:21,6925.61,0,0,0,0,0,0
POWER.BSE_IDX,01/07/2025,12:34:29,6925.61,0,0,0,0,0,0
POWER.BSE_IDX,01/07/2025,12:34:37,6925.93,0,0,0,0,0,0
POWER.BSE_IDX,01/07/2025,12:34:45,6925.64,0,0,0,0,0,0
POWER.BSE_IDX,01/07/2025,12:34:53,6925.54,0,0,0,0,0,0
POWER.BSE_IDX,01/07/2025,12:35:01,6926.12,0,0,0,0,0,0
POWER.BSE_IDX,01/07/2025,12:35:09,6927.35,0,0,0,0,0,0
POWER.BSE_IDX,01/07/2025,12:35:17,6926.79,0,0,0,0,0,0
POWER.BSE_IDX,01/07/2025,12:35:25,6928.82,0,0,0,0,0,0
POWER.BSE_IDX,01/07/2025,12:35:33,6928.73,0,0,0,0,0,0
POWER.BSE_IDX,01/07/2025,12:35:41,6928.35,0,0,0,0,0,0
POWER.BSE_IDX,01/07/2025,12:35:49,6928.92,0,0,0,0,0,0
POWER.BSE_IDX,01/07/2025,12:35:57,6926.08,0,0,0,0,0,0
POWER.BSE_IDX,01/07/2025,12:36:05,6927.48,0,0,0,0,0,0
POWER.BSE_IDX,01/07/2025,12:36:13,6928.07,0,0,0,0,0,0
POWER.BSE_IDX,01/07/2025,12:36:21,6928.45,0,0,0,0,0,0
POWER.BSE_IDX,01/07/2025,12:36:29,6928.1,0,0,0,0,0,0
POWER.BSE_IDX,01/07/2025,12:36:37,6928.51,0,0,0,0,0,0
POWER.BSE_IDX,01/07/2025,12:36:45,6928,0,0,0,0,0,0
POWER.BSE_IDX,01/07/2025,12:36:53,6928.75,0,0,0,0,0,0
POWER.BSE_IDX,01/07/2025,12:37:01,6929.07,0,0,0,0,0,0
POWER.BSE_IDX,01/07/2025,12:37:09,6929.34,0,0,0,0,0,0
POWER.BSE_IDX,01/07/2025,12:37:17,6929.84,0,0,0,0,0,0
POWER.BSE_IDX,01/07/2025,12:37:25,6929.47,0,0,0,0,0,0
POWER.BSE_IDX,01/07/2025,12:37:33,6929.6,0,0,0,0,0,0
POWER.BSE_IDX,01/07/2025,12:37:41,6929.4,0,0,0,0,0,0
POWER.BSE_IDX,01/07/2025,12:37:49,6927.17,0,0,0,0,0,0
POWER.BSE_IDX,01/07/2025,12:37:57,6926.84,0,0,0,0,0,0
POWER.BSE_IDX,01/07/2025,12:38:05,6926.99,0,0,0,0,0,0
POWER.BSE_IDX,01/07/2025,12:38:13,6926.63,0,0,0,0,0,0
POWER.BSE_IDX,01/07/2025,12:38:22,6926.73,0,0,0,0,0,0
POWER.BSE_IDX,01/07/2025,12:38:29,6926.01,0,0,0,0,0,0
POWER.BSE_IDX,01/07/2025,12:38:39,6927.73,0,0,0,0,0,0
POWER.BSE_IDX,01/07/2025,12:38:45,6926.85,0,0,0,0,0,0
POWER.BSE_IDX,01/07/2025,12:38:53,6927.99,0,0,0,0,0,0
POWER.BSE_IDX,01/07/2025,12:39:01,6927.32,0,0,0,0,0,0
POWER.BSE_IDX,01/07/2025,12:39:10,6927.52,0,0,0,0,0,0
POWER.BSE_IDX,01/07/2025,12:39:17,6927.56,0,0,0,0,0,0
POWER.BSE_IDX,01/07/2025,12:39:25,6927.43,0,0,0,0,0,0
POWER.BSE_IDX,01/07/2025,12:39:34,6926.69,0,0,0,0,0,0
POWER.BSE_IDX,01/07/2025,12:39:42,6927.97,0,0,0,0,0,0
POWER.BSE_IDX,01/07/2025,12:39:49,6926.88,0,0,0,0,0,0
POWER.BSE_IDX,01/07/2025,12:39:57,6927.37,0,0,0,0,0,0
POWER.BSE_IDX,01/07/2025,12:40:05,6928.12,0,0,0,0,0,0
POWER.BSE_IDX,01/07/2025,12:40:14,6926.57,0,0,0,0,0,0
POWER.BSE_IDX,01/07/2025,12:40:21,6928.29,0,0,0,0,0,0
POWER.BSE_IDX,01/07/2025,12:40:29,6927.38,0,0,0,0,0,0
POWER.BSE_IDX,01/07/2025,12:40:37,6927.1,0,0,0,0,0,0
POWER.BSE_IDX,01/07/2025,12:40:45,6928.26,0,0,0,0,0,0
POWER.BSE_IDX,01/07/2025,12:40:54,6927.75,0,0,0,0,0,0
POWER.BSE_IDX,01/07/2025,12:41:01,6927.57,0,0,0,0,0,0
POWER.BSE_IDX,01/07/2025,12:41:09,6926.74,0,0,0,0,0,0
POWER.BSE_IDX,01/07/2025,12:41:17,6925.92,0,0,0,0,0,0
POWER.BSE_IDX,01/07/2025,12:41:25,6925.86,0,0,0,0,0,0
POWER.BSE_IDX,01/07/2025,12:41:33,6925.61,0,0,0,0,0,0
POWER.BSE_IDX,01/07/2025,12:41:41,6924.4,0,0,0,0,0,0
POWER.BSE_IDX,01/07/2025,12:41:49,6925.45,0,0,0,0,0,0
POWER.BSE_IDX,01/07/2025,12:41:57,6923.96,0,0,0,0,0,0
POWER.BSE_IDX,01/07/2025,12:42:05,6924.07,0,0,0,0,0,0
POWER.BSE_IDX,01/07/2025,12:42:13,6924.5,0,0,0,0,0,0
POWER.BSE_IDX,01/07/2025,12:42:21,6924.67,0,0,0,0,0,0
POWER.BSE_IDX,01/07/2025,12:42:29,6924.54,0,0,0,0,0,0
POWER.BSE_IDX,01/07/2025,12:42:37,6923.78,0,0,0,0,0,0
POWER.BSE_IDX,01/07/2025,12:42:45,6922.87,0,0,0,0,0,0
POWER.BSE_IDX,01/07/2025,12:42:53,6923.32,0,0,0,0,0,0
POWER.BSE_IDX,01/07/2025,12:43:01,6923.36,0,0,0,0,0,0
POWER.BSE_IDX,01/07/2025,12:43:10,6923.85,0,0,0,0,0,0
POWER.BSE_IDX,01/07/2025,12:43:17,6923.54,0,0,0,0,0,0
POWER.BSE_IDX,01/07/2025,12:43:26,6923.56,0,0,0,0,0,0
POWER.BSE_IDX,01/07/2025,12:43:33,6924.04,0,0,0,0,0,0
POWER.BSE_IDX,01/07/2025,12:43:41,6924.42,0,0,0,0,0,0
POWER.BSE_IDX,01/07/2025,12:43:49,6924.01,0,0,0,0,0,0
POWER.BSE_IDX,01/07/2025,12:43:58,6923.75,0,0,0,0,0,0
POWER.BSE_IDX,01/07/2025,12:44:05,6922.76,0,0,0,0,0,0
POWER.BSE_IDX,01/07/2025,12:44:14,6922.83,0,0,0,0,0,0
POWER.BSE_IDX,01/07/2025,12:44:21,6922.5,0,0,0,0,0,0
POWER.BSE_IDX,01/07/2025,12:44:29,6921.69,0,0,0,0,0,0
POWER.BSE_IDX,01/07/2025,12:44:38,6921.3,0,0,0,0,0,0
POWER.BSE_IDX,01/07/2025,12:44:45,6921.05,0,0,0,0,0,0
POWER.BSE_IDX,01/07/2025,12:44:53,6921.16,0,0,0,0,0,0
POWER.BSE_IDX,01/07/2025,12:45:01,6920.73,0,0,0,0,0,0
POWER.BSE_IDX,01/07/2025,12:45:11,6919.81,0,0,0,0,0,0
POWER.BSE_IDX,01/07/2025,12:45:17,6919.17,0,0,0,0,0,0
POWER.BSE_IDX,01/07/2025,12:45:25,6919.21,0,0,0,0,0,0
POWER.BSE_IDX,01/07/2025,12:45:34,6919.59,0,0,0,0,0,0
POWER.BSE_IDX,01/07/2025,12:45:42,6918.97,0,0,0,0,0,0
POWER.BSE_IDX,01/07/2025,12:45:50,6918.88,0,0,0,0,0,0
POWER.BSE_IDX,01/07/2025,12:45:58,6919.2,0,0,0,0,0,0
POWER.BSE_IDX,01/07/2025,12:46:06,6919.37,0,0,0,0,0,0
POWER.BSE_IDX,01/07/2025,12:46:14,6919.06,0,0,0,0,0,0
POWER.BSE_IDX,01/07/2025,12:46:22,6918.77,0,0,0,0,0,0
POWER.BSE_IDX,01/07/2025,12:46:30,6918.04,0,0,0,0,0,0
POWER.BSE_IDX,01/07/2025,12:46:38,6917.14,0,0,0,0,0,0
POWER.BSE_IDX,01/07/2025,12:46:46,6917.89,0,0,0,0,0,0
POWER.BSE_IDX,01/07/2025,12:46:54,6916.79,0,0,0,0,0,0
POWER.BSE_IDX,01/07/2025,12:47:02,6916.41,0,0,0,0,0,0
POWER.BSE_IDX,01/07/2025,12:47:10,6916.15,0,0,0,0,0,0
POWER.BSE_IDX,01/07/2025,12:47:18,6916.34,0,0,0,0,0,0
POWER.BSE_IDX,01/07/2025,12:47:26,6917.99,0,0,0,0,0,0
POWER.BSE_IDX,01/07/2025,12:47:34,6918.1,0,0,0,0,0,0
POWER.BSE_IDX,01/07/2025,12:47:42,6917.49,0,0,0,0,0,0
POWER.BSE_IDX,01/07/2025,12:47:50,6916.77,0,0,0,0,0,0
POWER.BSE_IDX,01/07/2025,12:47:58,6916.94,0,0,0,0,0,0
POWER.BSE_IDX,01/07/2025,12:48:06,6916.9,0,0,0,0,0,0
POWER.BSE_IDX,01/07/2025,12:48:14,6915.77,0,0,0,0,0,0
POWER.BSE_IDX,01/07/2025,12:48:22,6916.66,0,0,0,0,0,0
POWER.BSE_IDX,01/07/2025,12:48:30,6916.18,0,0,0,0,0,0
POWER.BSE_IDX,01/07/2025,12:48:38,6915.85,0,0,0,0,0,0
POWER.BSE_IDX,01/07/2025,12:48:46,6915.69,0,0,0,0,0,0
POWER.BSE_IDX,01/07/2025,12:48:54,6915.13,0,0,0,0,0,0
POWER.BSE_IDX,01/07/2025,12:49:02,6915.43,0,0,0,0,0,0
POWER.BSE_IDX,01/07/2025,12:49:10,6915.9,0,0,0,0,0,0
POWER.BSE_IDX,01/07/2025,12:49:18,6915.19,0,0,0,0,0,0
POWER.BSE_IDX,01/07/2025,12:49:26,6914.14,0,0,0,0,0,0
POWER.BSE_IDX,01/07/2025,12:49:34,6915.02,0,0,0,0,0,0
POWER.BSE_IDX,01/07/2025,12:49:42,6915.41,0,0,0,0,0,0
POWER.BSE_IDX,01/07/2025,12:49:50,6914.44,0,0,0,0,0,0
POWER.BSE_IDX,01/07/2025,12:49:58,6914.77,0,0,0,0,0,0
POWER.BSE_IDX,01/07/2025,12:50:06,6913.84,0,0,0,0,0,0
POWER.BSE_IDX,01/07/2025,12:50:14,6913.82,0,0,0,0,0,0
POWER.BSE_IDX,01/07/2025,12:50:22,6914.98,0,0,0,0,0,0
POWER.BSE_IDX,01/07/2025,12:50:30,6916.77,0,0,0,0,0,0
POWER.BSE_IDX,01/07/2025,12:50:38,6916.89,0,0,0,0,0,0
POWER.BSE_IDX,01/07/2025,12:50:47,6916.59,0,0,0,0,0,0
POWER.BSE_IDX,01/07/2025,12:50:54,6916.55,0,0,0,0,0,0
POWER.BSE_IDX,01/07/2025,12:51:02,6915.72,0,0,0,0,0,0
POWER.BSE_IDX,01/07/2025,12:51:10,6915.54,0,0,0,0,0,0
POWER.BSE_IDX,01/07/2025,12:51:19,6915.53,0,0,0,0,0,0
POWER.BSE_IDX,01/07/2025,12:51:26,6915.07,0,0,0,0,0,0
POWER.BSE_IDX,01/07/2025,12:51:34,6915.53,0,0,0,0,0,0
POWER.BSE_IDX,01/07/2025,12:51:42,6915.35,0,0,0,0,0,0
POWER.BSE_IDX,01/07/2025,12:51:50,6915.63,0,0,0,0,0,0
POWER.BSE_IDX,01/07/2025,12:51:58,6915.85,0,0,0,0,0,0
POWER.BSE_IDX,01/07/2025,12:52:06,6915.76,0,0,0,0,0,0
POWER.BSE_IDX,01/07/2025,12:52:14,6916.1,0,0,0,0,0,0
POWER.BSE_IDX,01/07/2025,12:52:22,6914.32,0,0,0,0,0,0
POWER.BSE_IDX,01/07/2025,12:52:30,6914.47,0,0,0,0,0,0
POWER.BSE_IDX,01/07/2025,12:52:38,6914.22,0,0,0,0,0,0
POWER.BSE_IDX,01/07/2025,12:52:46,6913.94,0,0,0,0,0,0
POWER.BSE_IDX,01/07/2025,12:52:54,6915.23,0,0,0,0,0,0
POWER.BSE_IDX,01/07/2025,12:53:02,6916.49,0,0,0,0,0,0
POWER.BSE_IDX,01/07/2025,12:53:10,6916.56,0,0,0,0,0,0
POWER.BSE_IDX,01/07/2025,12:53:18,6915.99,0,0,0,0,0,0
POWER.BSE_IDX,01/07/2025,12:53:26,6915.54,0,0,0,0,0,0
POWER.BSE_IDX,01/07/2025,12:53:34,6914.92,0,0,0,0,0,0
POWER.BSE_IDX,01/07/2025,12:53:42,6915.15,0,0,0,0,0,0
POWER.BSE_IDX,01/07/2025,12:53:50,6914.01,0,0,0,0,0,0
POWER.BSE_IDX,01/07/2025,12:53:58,6913.95,0,0,0,0,0,0
POWER.BSE_IDX,01/07/2025,12:54:06,6914.47,0,0,0,0,0,0
POWER.BSE_IDX,01/07/2025,12:54:14,6914.25,0,0,0,0,0,0
POWER.BSE_IDX,01/07/2025,12:54:22,6915.06,0,0,0,0,0,0
POWER.BSE_IDX,01/07/2025,12:54:30,6915.56,0,0,0,0,0,0
POWER.BSE_IDX,01/07/2025,12:54:38,6915.5,0,0,0,0,0,0
POWER.BSE_IDX,01/07/2025,12:54:46,6914.22,0,0,0,0,0,0
POWER.BSE_IDX,01/07/2025,12:54:54,6914.52,0,0,0,0,0,0
POWER.BSE_IDX,01/07/2025,12:55:02,6914.83,0,0,0,0,0,0
POWER.BSE_IDX,01/07/2025,12:55:10,6915.05,0,0,0,0,0,0
POWER.BSE_IDX,01/07/2025,12:55:18,6915.09,0,0,0,0,0,0
POWER.BSE_IDX,01/07/2025,12:55:26,6914.21,0,0,0,0,0,0
POWER.BSE_IDX,01/07/2025,12:55:34,6914.42,0,0,0,0,0,0
POWER.BSE_IDX,01/07/2025,12:55:42,6914.79,0,0,0,0,0,0
POWER.BSE_IDX,01/07/2025,12:55:50,6915.02,0,0,0,0,0,0
POWER.BSE_IDX,01/07/2025,12:55:58,6914.28,0,0,0,0,0,0
POWER.BSE_IDX,01/07/2025,12:56:06,6915.68,0,0,0,0,0,0
POWER.BSE_IDX,01/07/2025,12:56:15,6915.26,0,0,0,0,0,0
POWER.BSE_IDX,01/07/2025,12:56:22,6915.41,0,0,0,0,0,0
POWER.BSE_IDX,01/07/2025,12:56:30,6915.05,0,0,0,0,0,0
POWER.BSE_IDX,01/07/2025,12:56:38,6914.49,0,0,0,0,0,0
POWER.BSE_IDX,01/07/2025,12:56:46,6914.1,0,0,0,0,0,0
POWER.BSE_IDX,01/07/2025,12:56:54,6913.14,0,0,0,0,0,0
POWER.BSE_IDX,01/07/2025,12:57:02,6912.45,0,0,0,0,0,0
POWER.BSE_IDX,01/07/2025,12:57:10,6912.25,0,0,0,0,0,0
POWER.BSE_IDX,01/07/2025,12:57:18,6914.27,0,0,0,0,0,0
POWER.BSE_IDX,01/07/2025,12:57:26,6913.85,0,0,0,0,0,0
POWER.BSE_IDX,01/07/2025,12:57:34,6912.71,0,0,0,0,0,0
POWER.BSE_IDX,01/07/2025,12:57:42,6912.89,0,0,0,0,0,0
POWER.BSE_IDX,01/07/2025,12:57:51,6912.11,0,0,0,0,0,0
POWER.BSE_IDX,01/07/2025,12:57:58,6912.37,0,0,0,0,0,0
POWER.BSE_IDX,01/07/2025,12:58:06,6911.98,0,0,0,0,0,0
POWER.BSE_IDX,01/07/2025,12:58:14,6912.76,0,0,0,0,0,0
POWER.BSE_IDX,01/07/2025,12:58:22,6911.87,0,0,0,0,0,0
POWER.BSE_IDX,01/07/2025,12:58:30,6912.39,0,0,0,0,0,0
POWER.BSE_IDX,01/07/2025,12:58:38,6912.67,0,0,0,0,0,0
POWER.BSE_IDX,01/07/2025,12:58:46,6912.14,0,0,0,0,0,0
POWER.BSE_IDX,01/07/2025,12:58:54,6912.32,0,0,0,0,0,0
POWER.BSE_IDX,01/07/2025,12:59:02,6911.62,0,0,0,0,0,0
POWER.BSE_IDX,01/07/2025,12:59:10,6911.2,0,0,0,0,0,0
POWER.BSE_IDX,01/07/2025,12:59:18,6911.51,0,0,0,0,0,0
POWER.BSE_IDX,01/07/2025,12:59:26,6911.71,0,0,0,0,0,0
POWER.BSE_IDX,01/07/2025,12:59:34,6911.29,0,0,0,0,0,0
POWER.BSE_IDX,01/07/2025,12:59:42,6911.6,0,0,0,0,0,0
POWER.BSE_IDX,01/07/2025,12:59:50,6911.53,0,0,0,0,0,0
POWER.BSE_IDX,01/07/2025,12:59:58,6911.4,0,0,0,0,0,0
POWER.BSE_IDX,01/07/2025,13:00:06,6911.41,0,0,0,0,0,0
POWER.BSE_IDX,01/07/2025,13:00:14,6912.36,0,0,0,0,0,0
POWER.BSE_IDX,01/07/2025,13:00:22,6911.74,0,0,0,0,0,0
POWER.BSE_IDX,01/07/2025,13:00:30,6911.48,0,0,0,0,0,0
POWER.BSE_IDX,01/07/2025,13:00:38,6909.55,0,0,0,0,0,0
POWER.BSE_IDX,01/07/2025,13:00:46,6908.58,0,0,0,0,0,0
POWER.BSE_IDX,01/07/2025,13:00:54,6908.69,0,0,0,0,0,0
POWER.BSE_IDX,01/07/2025,13:01:02,6908.92,0,0,0,0,0,0
POWER.BSE_IDX,01/07/2025,13:01:10,6907.34,0,0,0,0,0,0
POWER.BSE_IDX,01/07/2025,13:01:18,6906.81,0,0,0,0,0,0
POWER.BSE_IDX,01/07/2025,13:01:26,6907.46,0,0,0,0,0,0
POWER.BSE_IDX,01/07/2025,13:01:35,6907.29,0,0,0,0,0,0
POWER.BSE_IDX,01/07/2025,13:01:42,6907.3,0,0,0,0,0,0
POWER.BSE_IDX,01/07/2025,13:01:50,6907.09,0,0,0,0,0,0
POWER.BSE_IDX,01/07/2025,13:01:58,6907.32,0,0,0,0,0,0
POWER.BSE_IDX,01/07/2025,13:02:06,6908.02,0,0,0,0,0,0
POWER.BSE_IDX,01/07/2025,13:02:14,6907.19,0,0,0,0,0,0
POWER.BSE_IDX,01/07/2025,13:02:22,6907.49,0,0,0,0,0,0
POWER.BSE_IDX,01/07/2025,13:02:30,6907.8,0,0,0,0,0,0
POWER.BSE_IDX,01/07/2025,13:02:39,6908.02,0,0,0,0,0,0
POWER.BSE_IDX,01/07/2025,13:02:46,6908.08,0,0,0,0,0,0
