Ticker,Date,Time,LTP,BuyPrice,BuyQty,SellPrice,SellQty,LTQ,OpenInterest
POWENE.BSE_IDX,01/07/2025,09:00:00,3874.09,0,0,0,0,0,0
POWENE.BSE_IDX,01/07/2025,09:00:07,3844.38,0,0,0,0,0,0
POWENE.BSE_IDX,01/07/2025,09:00:15,3859.58,0,0,0,0,0,0
POWENE.BSE_IDX,01/07/2025,09:00:23,3859.53,0,0,0,0,0,0
POWENE.BSE_IDX,01/07/2025,09:00:31,3859.64,0,0,0,0,0,0
POWENE.BSE_IDX,01/07/2025,09:00:39,3859.92,0,0,0,0,0,0
POWENE.BSE_IDX,01/07/2025,09:00:47,3858.87,0,0,0,0,0,0
POWENE.BSE_IDX,01/07/2025,09:00:55,3863.33,0,0,0,0,0,0
POWENE.BSE_IDX,01/07/2025,09:01:03,3863.67,0,0,0,0,0,0
POWENE.BSE_IDX,01/07/2025,09:01:11,3863.67,0,0,0,0,0,0
POWENE.BSE_IDX,01/07/2025,09:01:19,3862.7,0,0,0,0,0,0
POWENE.BSE_IDX,01/07/2025,09:01:27,3872.95,0,0,0,0,0,0
POWENE.BSE_IDX,01/07/2025,09:01:35,3872.53,0,0,0,0,0,0
POWENE.BSE_IDX,01/07/2025,09:01:43,3872.29,0,0,0,0,0,0
POWENE.BSE_IDX,01/07/2025,09:01:51,3872.29,0,0,0,0,0,0
POWENE.BSE_IDX,01/07/2025,09:01:59,3874.65,0,0,0,0,0,0
POWENE.BSE_IDX,01/07/2025,09:02:07,3874.41,0,0,0,0,0,0
POWENE.BSE_IDX,01/07/2025,09:02:15,3875.34,0,0,0,0,0,0
POWENE.BSE_IDX,01/07/2025,09:02:23,3874.94,0,0,0,0,0,0
POWENE.BSE_IDX,01/07/2025,09:02:31,3875.74,0,0,0,0,0,0
POWENE.BSE_IDX,01/07/2025,09:02:39,3876.17,0,0,0,0,0,0
POWENE.BSE_IDX,01/07/2025,09:02:47,3875.44,0,0,0,0,0,0
POWENE.BSE_IDX,01/07/2025,09:02:55,3875.44,0,0,0,0,0,0
POWENE.BSE_IDX,01/07/2025,09:03:03,3876.86,0,0,0,0,0,0
POWENE.BSE_IDX,01/07/2025,09:03:11,3875.39,0,0,0,0,0,0
POWENE.BSE_IDX,01/07/2025,09:03:19,3873.51,0,0,0,0,0,0
POWENE.BSE_IDX,01/07/2025,09:03:27,3873.55,0,0,0,0,0,0
POWENE.BSE_IDX,01/07/2025,09:03:35,3873.42,0,0,0,0,0,0
POWENE.BSE_IDX,01/07/2025,09:03:43,3873.73,0,0,0,0,0,0
POWENE.BSE_IDX,01/07/2025,09:03:51,3873.6,0,0,0,0,0,0
POWENE.BSE_IDX,01/07/2025,09:03:59,3873.48,0,0,0,0,0,0
POWENE.BSE_IDX,01/07/2025,09:04:07,3872.09,0,0,0,0,0,0
POWENE.BSE_IDX,01/07/2025,09:04:15,3872.16,0,0,0,0,0,0
POWENE.BSE_IDX,01/07/2025,09:04:23,3871.9,0,0,0,0,0,0
POWENE.BSE_IDX,01/07/2025,09:04:31,3873.03,0,0,0,0,0,0
POWENE.BSE_IDX,01/07/2025,09:04:39,3874.29,0,0,0,0,0,0
POWENE.BSE_IDX,01/07/2025,09:04:47,3873.33,0,0,0,0,0,0
POWENE.BSE_IDX,01/07/2025,09:04:55,3873.42,0,0,0,0,0,0
POWENE.BSE_IDX,01/07/2025,09:05:03,3873.58,0,0,0,0,0,0
POWENE.BSE_IDX,01/07/2025,09:05:11,3873.4,0,0,0,0,0,0
POWENE.BSE_IDX,01/07/2025,09:05:19,3873.72,0,0,0,0,0,0
POWENE.BSE_IDX,01/07/2025,09:05:27,3873.92,0,0,0,0,0,0
POWENE.BSE_IDX,01/07/2025,09:05:35,3873.35,0,0,0,0,0,0
POWENE.BSE_IDX,01/07/2025,09:05:43,3873.75,0,0,0,0,0,0
POWENE.BSE_IDX,01/07/2025,09:05:51,3873.35,0,0,0,0,0,0
POWENE.BSE_IDX,01/07/2025,09:05:59,3874.33,0,0,0,0,0,0
POWENE.BSE_IDX,01/07/2025,09:06:07,3874.89,0,0,0,0,0,0
POWENE.BSE_IDX,01/07/2025,09:06:15,3875.6,0,0,0,0,0,0
POWENE.BSE_IDX,01/07/2025,09:06:23,3876.04,0,0,0,0,0,0
POWENE.BSE_IDX,01/07/2025,09:06:31,3879.48,0,0,0,0,0,0
POWENE.BSE_IDX,01/07/2025,09:06:39,3881.58,0,0,0,0,0,0
POWENE.BSE_IDX,01/07/2025,09:06:47,3881.13,0,0,0,0,0,0
POWENE.BSE_IDX,01/07/2025,09:06:55,3881.29,0,0,0,0,0,0
POWENE.BSE_IDX,01/07/2025,09:07:04,3882.01,0,0,0,0,0,0
POWENE.BSE_IDX,01/07/2025,09:07:11,3882.01,0,0,0,0,0,0
POWENE.BSE_IDX,01/07/2025,09:07:19,3882.01,0,0,0,0,0,0
POWENE.BSE_IDX,01/07/2025,09:07:27,3882.01,0,0,0,0,0,0
POWENE.BSE_IDX,01/07/2025,09:07:35,3882.01,0,0,0,0,0,0
POWENE.BSE_IDX,01/07/2025,09:07:43,3882.01,0,0,0,0,0,0
POWENE.BSE_IDX,01/07/2025,09:07:51,3882.01,0,0,0,0,0,0
POWENE.BSE_IDX,01/07/2025,09:07:59,3882.01,0,0,0,0,0,0
POWENE.BSE_IDX,01/07/2025,09:08:07,3882.01,0,0,0,0,0,0
POWENE.BSE_IDX,01/07/2025,09:08:15,3882.01,0,0,0,0,0,0
POWENE.BSE_IDX,01/07/2025,09:08:23,3882.01,0,0,0,0,0,0
POWENE.BSE_IDX,01/07/2025,09:08:31,3882.01,0,0,0,0,0,0
POWENE.BSE_IDX,01/07/2025,09:08:39,3882.01,0,0,0,0,0,0
POWENE.BSE_IDX,01/07/2025,09:08:47,3882.01,0,0,0,0,0,0
POWENE.BSE_IDX,01/07/2025,09:08:55,3882.01,0,0,0,0,0,0
POWENE.BSE_IDX,01/07/2025,09:09:03,3881.91,0,0,0,0,0,0
POWENE.BSE_IDX,01/07/2025,09:09:11,3881.91,0,0,0,0,0,0
POWENE.BSE_IDX,01/07/2025,09:09:20,3881.91,0,0,0,0,0,0
POWENE.BSE_IDX,01/07/2025,09:09:27,3881.91,0,0,0,0,0,0
POWENE.BSE_IDX,01/07/2025,09:09:36,3881.91,0,0,0,0,0,0
POWENE.BSE_IDX,01/07/2025,09:09:43,3881.91,0,0,0,0,0,0
POWENE.BSE_IDX,01/07/2025,09:09:51,3881.91,0,0,0,0,0,0
POWENE.BSE_IDX,01/07/2025,09:09:59,3881.91,0,0,0,0,0,0
POWENE.BSE_IDX,01/07/2025,09:10:07,3881.91,0,0,0,0,0,0
POWENE.BSE_IDX,01/07/2025,09:10:16,3881.91,0,0,0,0,0,0
POWENE.BSE_IDX,01/07/2025,09:10:24,3881.91,0,0,0,0,0,0
POWENE.BSE_IDX,01/07/2025,09:10:32,3881.91,0,0,0,0,0,0
POWENE.BSE_IDX,01/07/2025,09:10:39,3881.91,0,0,0,0,0,0
POWENE.BSE_IDX,01/07/2025,09:10:47,3881.91,0,0,0,0,0,0
POWENE.BSE_IDX,01/07/2025,09:10:55,3881.91,0,0,0,0,0,0
POWENE.BSE_IDX,01/07/2025,09:11:03,3881.91,0,0,0,0,0,0
POWENE.BSE_IDX,01/07/2025,09:11:11,3881.91,0,0,0,0,0,0
POWENE.BSE_IDX,01/07/2025,09:11:19,3881.91,0,0,0,0,0,0
POWENE.BSE_IDX,01/07/2025,09:11:27,3881.91,0,0,0,0,0,0
POWENE.BSE_IDX,01/07/2025,09:11:35,3881.91,0,0,0,0,0,0
POWENE.BSE_IDX,01/07/2025,09:11:43,3881.91,0,0,0,0,0,0
POWENE.BSE_IDX,01/07/2025,09:11:51,3881.91,0,0,0,0,0,0
POWENE.BSE_IDX,01/07/2025,09:11:59,3881.91,0,0,0,0,0,0
POWENE.BSE_IDX,01/07/2025,09:12:07,3881.91,0,0,0,0,0,0
POWENE.BSE_IDX,01/07/2025,09:12:16,3881.91,0,0,0,0,0,0
POWENE.BSE_IDX,01/07/2025,09:12:23,3881.91,0,0,0,0,0,0
POWENE.BSE_IDX,01/07/2025,09:12:31,3881.91,0,0,0,0,0,0
POWENE.BSE_IDX,01/07/2025,09:12:39,3881.91,0,0,0,0,0,0
POWENE.BSE_IDX,01/07/2025,09:12:47,3881.91,0,0,0,0,0,0
POWENE.BSE_IDX,01/07/2025,09:12:55,3881.91,0,0,0,0,0,0
POWENE.BSE_IDX,01/07/2025,09:13:03,3881.91,0,0,0,0,0,0
POWENE.BSE_IDX,01/07/2025,09:13:11,3881.91,0,0,0,0,0,0
POWENE.BSE_IDX,01/07/2025,09:13:19,3881.91,0,0,0,0,0,0
POWENE.BSE_IDX,01/07/2025,09:13:27,3881.91,0,0,0,0,0,0
POWENE.BSE_IDX,01/07/2025,09:13:35,3881.91,0,0,0,0,0,0
POWENE.BSE_IDX,01/07/2025,09:13:43,3881.91,0,0,0,0,0,0
POWENE.BSE_IDX,01/07/2025,09:13:51,3881.91,0,0,0,0,0,0
POWENE.BSE_IDX,01/07/2025,09:13:59,3881.91,0,0,0,0,0,0
POWENE.BSE_IDX,01/07/2025,09:14:07,3881.91,0,0,0,0,0,0
POWENE.BSE_IDX,01/07/2025,09:14:15,3881.91,0,0,0,0,0,0
POWENE.BSE_IDX,01/07/2025,09:14:23,3881.91,0,0,0,0,0,0
POWENE.BSE_IDX,01/07/2025,09:14:31,3881.91,0,0,0,0,0,0
POWENE.BSE_IDX,01/07/2025,09:14:39,3881.91,0,0,0,0,0,0
POWENE.BSE_IDX,01/07/2025,09:14:47,3881.91,0,0,0,0,0,0
POWENE.BSE_IDX,01/07/2025,09:14:55,3881.91,0,0,0,0,0,0
POWENE.BSE_IDX,01/07/2025,09:15:04,3881.11,0,0,0,0,0,0
POWENE.BSE_IDX,01/07/2025,09:15:11,3882.05,0,0,0,0,0,0
POWENE.BSE_IDX,01/07/2025,09:15:19,3879.82,0,0,0,0,0,0
POWENE.BSE_IDX,01/07/2025,09:15:27,3877,0,0,0,0,0,0
POWENE.BSE_IDX,01/07/2025,09:15:35,3876.86,0,0,0,0,0,0
POWENE.BSE_IDX,01/07/2025,09:15:43,3875.74,0,0,0,0,0,0
POWENE.BSE_IDX,01/07/2025,09:15:51,3876.63,0,0,0,0,0,0
POWENE.BSE_IDX,01/07/2025,09:15:59,3877.63,0,0,0,0,0,0
POWENE.BSE_IDX,01/07/2025,09:16:07,3875.28,0,0,0,0,0,0
POWENE.BSE_IDX,01/07/2025,09:16:15,3877.01,0,0,0,0,0,0
POWENE.BSE_IDX,01/07/2025,09:16:24,3876.97,0,0,0,0,0,0
POWENE.BSE_IDX,01/07/2025,09:16:31,3877.28,0,0,0,0,0,0
POWENE.BSE_IDX,01/07/2025,09:16:39,3876.98,0,0,0,0,0,0
POWENE.BSE_IDX,01/07/2025,09:16:48,3875.32,0,0,0,0,0,0
POWENE.BSE_IDX,01/07/2025,09:16:55,3875.33,0,0,0,0,0,0
POWENE.BSE_IDX,01/07/2025,09:17:03,3876.17,0,0,0,0,0,0
POWENE.BSE_IDX,01/07/2025,09:17:12,3877.84,0,0,0,0,0,0
POWENE.BSE_IDX,01/07/2025,09:17:19,3877.46,0,0,0,0,0,0
POWENE.BSE_IDX,01/07/2025,09:17:27,3879.07,0,0,0,0,0,0
POWENE.BSE_IDX,01/07/2025,09:17:35,3879.01,0,0,0,0,0,0
POWENE.BSE_IDX,01/07/2025,09:17:44,3879.76,0,0,0,0,0,0
POWENE.BSE_IDX,01/07/2025,09:17:51,3880.16,0,0,0,0,0,0
POWENE.BSE_IDX,01/07/2025,09:17:59,3879.97,0,0,0,0,0,0
POWENE.BSE_IDX,01/07/2025,09:18:07,3880.91,0,0,0,0,0,0
POWENE.BSE_IDX,01/07/2025,09:18:15,3881.53,0,0,0,0,0,0
POWENE.BSE_IDX,01/07/2025,09:18:23,3881.3,0,0,0,0,0,0
POWENE.BSE_IDX,01/07/2025,09:18:31,3880.64,0,0,0,0,0,0
POWENE.BSE_IDX,01/07/2025,09:18:39,3880.72,0,0,0,0,0,0
POWENE.BSE_IDX,01/07/2025,09:18:47,3881.03,0,0,0,0,0,0
POWENE.BSE_IDX,01/07/2025,09:18:56,3881.12,0,0,0,0,0,0
POWENE.BSE_IDX,01/07/2025,09:19:03,3881.59,0,0,0,0,0,0
POWENE.BSE_IDX,01/07/2025,09:19:11,3881.17,0,0,0,0,0,0
POWENE.BSE_IDX,01/07/2025,09:19:19,3882.29,0,0,0,0,0,0
POWENE.BSE_IDX,01/07/2025,09:19:28,3882.09,0,0,0,0,0,0
POWENE.BSE_IDX,01/07/2025,09:19:35,3882.99,0,0,0,0,0,0
POWENE.BSE_IDX,01/07/2025,09:19:43,3881.91,0,0,0,0,0,0
POWENE.BSE_IDX,01/07/2025,09:19:52,3882.76,0,0,0,0,0,0
POWENE.BSE_IDX,01/07/2025,09:19:59,3882.44,0,0,0,0,0,0
POWENE.BSE_IDX,01/07/2025,09:20:07,3882.28,0,0,0,0,0,0
POWENE.BSE_IDX,01/07/2025,09:20:15,3883.07,0,0,0,0,0,0
POWENE.BSE_IDX,01/07/2025,09:20:24,3883.48,0,0,0,0,0,0
POWENE.BSE_IDX,01/07/2025,09:20:31,3883.15,0,0,0,0,0,0
POWENE.BSE_IDX,01/07/2025,09:20:39,3883.7,0,0,0,0,0,0
POWENE.BSE_IDX,01/07/2025,09:20:47,3883.25,0,0,0,0,0,0
POWENE.BSE_IDX,01/07/2025,09:20:55,3883.34,0,0,0,0,0,0
POWENE.BSE_IDX,01/07/2025,09:21:03,3882.62,0,0,0,0,0,0
POWENE.BSE_IDX,01/07/2025,09:21:11,3883.44,0,0,0,0,0,0
POWENE.BSE_IDX,01/07/2025,09:21:19,3884.79,0,0,0,0,0,0
POWENE.BSE_IDX,01/07/2025,09:21:27,3884.43,0,0,0,0,0,0
POWENE.BSE_IDX,01/07/2025,09:21:36,3883.29,0,0,0,0,0,0
POWENE.BSE_IDX,01/07/2025,09:21:43,3883.39,0,0,0,0,0,0
POWENE.BSE_IDX,01/07/2025,09:21:51,3884.04,0,0,0,0,0,0
POWENE.BSE_IDX,01/07/2025,09:22:00,3883.73,0,0,0,0,0,0
POWENE.BSE_IDX,01/07/2025,09:22:07,3883.66,0,0,0,0,0,0
POWENE.BSE_IDX,01/07/2025,09:22:15,3884.3,0,0,0,0,0,0
POWENE.BSE_IDX,01/07/2025,09:22:23,3885.07,0,0,0,0,0,0
POWENE.BSE_IDX,01/07/2025,09:22:31,3886.46,0,0,0,0,0,0
POWENE.BSE_IDX,01/07/2025,09:22:39,3887.15,0,0,0,0,0,0
POWENE.BSE_IDX,01/07/2025,09:22:47,3886.8,0,0,0,0,0,0
POWENE.BSE_IDX,01/07/2025,09:22:55,3887.24,0,0,0,0,0,0
POWENE.BSE_IDX,01/07/2025,09:23:03,3887.34,0,0,0,0,0,0
POWENE.BSE_IDX,01/07/2025,09:23:11,3886.69,0,0,0,0,0,0
POWENE.BSE_IDX,01/07/2025,09:23:20,3886.7,0,0,0,0,0,0
POWENE.BSE_IDX,01/07/2025,09:23:27,3886.9,0,0,0,0,0,0
POWENE.BSE_IDX,01/07/2025,09:23:35,3886.39,0,0,0,0,0,0
POWENE.BSE_IDX,01/07/2025,09:23:44,3886.62,0,0,0,0,0,0
POWENE.BSE_IDX,01/07/2025,09:23:51,3886.33,0,0,0,0,0,0
POWENE.BSE_IDX,01/07/2025,09:23:59,3886.33,0,0,0,0,0,0
POWENE.BSE_IDX,01/07/2025,09:24:08,3886.29,0,0,0,0,0,0
POWENE.BSE_IDX,01/07/2025,09:24:16,3887.51,0,0,0,0,0,0
POWENE.BSE_IDX,01/07/2025,09:24:23,3887.4,0,0,0,0,0,0
POWENE.BSE_IDX,01/07/2025,09:24:32,3887.57,0,0,0,0,0,0
POWENE.BSE_IDX,01/07/2025,09:24:39,3887.78,0,0,0,0,0,0
POWENE.BSE_IDX,01/07/2025,09:24:48,3888.48,0,0,0,0,0,0
POWENE.BSE_IDX,01/07/2025,09:24:57,3889.05,0,0,0,0,0,0
POWENE.BSE_IDX,01/07/2025,09:25:03,3888.81,0,0,0,0,0,0
POWENE.BSE_IDX,01/07/2025,09:25:12,3888.76,0,0,0,0,0,0
POWENE.BSE_IDX,01/07/2025,09:25:20,3889.95,0,0,0,0,0,0
POWENE.BSE_IDX,01/07/2025,09:25:29,3890.59,0,0,0,0,0,0
POWENE.BSE_IDX,01/07/2025,09:25:35,3891.4,0,0,0,0,0,0
POWENE.BSE_IDX,01/07/2025,09:25:43,3891.75,0,0,0,0,0,0
POWENE.BSE_IDX,01/07/2025,09:25:51,3891.03,0,0,0,0,0,0
POWENE.BSE_IDX,01/07/2025,09:25:59,3891.35,0,0,0,0,0,0
POWENE.BSE_IDX,01/07/2025,09:26:08,3891.24,0,0,0,0,0,0
POWENE.BSE_IDX,01/07/2025,09:26:15,3890.99,0,0,0,0,0,0
POWENE.BSE_IDX,01/07/2025,09:26:24,3891.59,0,0,0,0,0,0
POWENE.BSE_IDX,01/07/2025,09:26:31,3891.3,0,0,0,0,0,0
POWENE.BSE_IDX,01/07/2025,09:26:40,3890.51,0,0,0,0,0,0
POWENE.BSE_IDX,01/07/2025,09:26:48,3890.6,0,0,0,0,0,0
POWENE.BSE_IDX,01/07/2025,09:26:55,3891.25,0,0,0,0,0,0
POWENE.BSE_IDX,01/07/2025,09:27:04,3892.24,0,0,0,0,0,0
POWENE.BSE_IDX,01/07/2025,09:27:12,3891.65,0,0,0,0,0,0
POWENE.BSE_IDX,01/07/2025,09:27:19,3891.26,0,0,0,0,0,0
POWENE.BSE_IDX,01/07/2025,09:27:28,3891.34,0,0,0,0,0,0
POWENE.BSE_IDX,01/07/2025,09:27:36,3890.9,0,0,0,0,0,0
POWENE.BSE_IDX,01/07/2025,09:27:44,3890.76,0,0,0,0,0,0
POWENE.BSE_IDX,01/07/2025,09:27:52,3890.86,0,0,0,0,0,0
POWENE.BSE_IDX,01/07/2025,09:28:00,3891.41,0,0,0,0,0,0
POWENE.BSE_IDX,01/07/2025,09:28:08,3890.83,0,0,0,0,0,0
POWENE.BSE_IDX,01/07/2025,09:28:16,3890.53,0,0,0,0,0,0
POWENE.BSE_IDX,01/07/2025,09:28:24,3890.21,0,0,0,0,0,0
POWENE.BSE_IDX,01/07/2025,09:28:32,3890.44,0,0,0,0,0,0
POWENE.BSE_IDX,01/07/2025,09:28:40,3890.77,0,0,0,0,0,0
POWENE.BSE_IDX,01/07/2025,09:28:48,3890.83,0,0,0,0,0,0
POWENE.BSE_IDX,01/07/2025,09:28:56,3890.88,0,0,0,0,0,0
POWENE.BSE_IDX,01/07/2025,09:29:04,3891.44,0,0,0,0,0,0
POWENE.BSE_IDX,01/07/2025,09:29:12,3891.78,0,0,0,0,0,0
POWENE.BSE_IDX,01/07/2025,09:29:20,3891.55,0,0,0,0,0,0
POWENE.BSE_IDX,01/07/2025,09:29:28,3891.36,0,0,0,0,0,0
POWENE.BSE_IDX,01/07/2025,09:29:36,3891.34,0,0,0,0,0,0
POWENE.BSE_IDX,01/07/2025,09:29:44,3890.05,0,0,0,0,0,0
POWENE.BSE_IDX,01/07/2025,09:29:52,3890.58,0,0,0,0,0,0
POWENE.BSE_IDX,01/07/2025,09:30:00,3890.36,0,0,0,0,0,0
POWENE.BSE_IDX,01/07/2025,09:30:08,3891.08,0,0,0,0,0,0
POWENE.BSE_IDX,01/07/2025,09:30:16,3893.27,0,0,0,0,0,0
POWENE.BSE_IDX,01/07/2025,09:30:24,3893.97,0,0,0,0,0,0
POWENE.BSE_IDX,01/07/2025,09:30:32,3894.85,0,0,0,0,0,0
POWENE.BSE_IDX,01/07/2025,09:30:40,3895.51,0,0,0,0,0,0
POWENE.BSE_IDX,01/07/2025,09:30:48,3894.8,0,0,0,0,0,0
POWENE.BSE_IDX,01/07/2025,09:30:56,3893.47,0,0,0,0,0,0
POWENE.BSE_IDX,01/07/2025,09:31:04,3893.53,0,0,0,0,0,0
POWENE.BSE_IDX,01/07/2025,09:31:12,3892.01,0,0,0,0,0,0
POWENE.BSE_IDX,01/07/2025,09:31:20,3891.33,0,0,0,0,0,0
POWENE.BSE_IDX,01/07/2025,09:31:28,3890.55,0,0,0,0,0,0
POWENE.BSE_IDX,01/07/2025,09:31:36,3890.29,0,0,0,0,0,0
POWENE.BSE_IDX,01/07/2025,09:31:44,3889.71,0,0,0,0,0,0
POWENE.BSE_IDX,01/07/2025,09:31:52,3889.25,0,0,0,0,0,0
POWENE.BSE_IDX,01/07/2025,09:32:00,3889.39,0,0,0,0,0,0
POWENE.BSE_IDX,01/07/2025,09:32:08,3888.29,0,0,0,0,0,0
POWENE.BSE_IDX,01/07/2025,09:32:16,3888.02,0,0,0,0,0,0
POWENE.BSE_IDX,01/07/2025,09:32:24,3887.58,0,0,0,0,0,0
POWENE.BSE_IDX,01/07/2025,09:32:32,3887.74,0,0,0,0,0,0
POWENE.BSE_IDX,01/07/2025,09:32:40,3888.21,0,0,0,0,0,0
POWENE.BSE_IDX,01/07/2025,09:32:48,3888.61,0,0,0,0,0,0
POWENE.BSE_IDX,01/07/2025,09:32:56,3889.3,0,0,0,0,0,0
POWENE.BSE_IDX,01/07/2025,09:33:04,3889.18,0,0,0,0,0,0
POWENE.BSE_IDX,01/07/2025,09:33:12,3889,0,0,0,0,0,0
POWENE.BSE_IDX,01/07/2025,09:33:20,3888.85,0,0,0,0,0,0
POWENE.BSE_IDX,01/07/2025,09:33:28,3889.62,0,0,0,0,0,0
POWENE.BSE_IDX,01/07/2025,09:33:36,3889.68,0,0,0,0,0,0
POWENE.BSE_IDX,01/07/2025,09:33:44,3889.31,0,0,0,0,0,0
POWENE.BSE_IDX,01/07/2025,09:33:52,3888.73,0,0,0,0,0,0
POWENE.BSE_IDX,01/07/2025,09:34:00,3888.9,0,0,0,0,0,0
POWENE.BSE_IDX,01/07/2025,09:34:08,3888.39,0,0,0,0,0,0
POWENE.BSE_IDX,01/07/2025,09:34:16,3888.06,0,0,0,0,0,0
POWENE.BSE_IDX,01/07/2025,09:34:24,3888.58,0,0,0,0,0,0
POWENE.BSE_IDX,01/07/2025,09:34:32,3888.91,0,0,0,0,0,0
POWENE.BSE_IDX,01/07/2025,09:34:40,3888.54,0,0,0,0,0,0
POWENE.BSE_IDX,01/07/2025,09:34:48,3889.06,0,0,0,0,0,0
POWENE.BSE_IDX,01/07/2025,09:34:56,3889.29,0,0,0,0,0,0
POWENE.BSE_IDX,01/07/2025,09:35:05,3888.63,0,0,0,0,0,0
POWENE.BSE_IDX,01/07/2025,09:35:12,3888.67,0,0,0,0,0,0
POWENE.BSE_IDX,01/07/2025,09:35:20,3888.03,0,0,0,0,0,0
POWENE.BSE_IDX,01/07/2025,09:35:28,3887.51,0,0,0,0,0,0
POWENE.BSE_IDX,01/07/2025,09:35:36,3887.39,0,0,0,0,0,0
POWENE.BSE_IDX,01/07/2025,09:35:44,3887.77,0,0,0,0,0,0
POWENE.BSE_IDX,01/07/2025,09:35:52,3887.15,0,0,0,0,0,0
POWENE.BSE_IDX,01/07/2025,09:36:00,3886.61,0,0,0,0,0,0
POWENE.BSE_IDX,01/07/2025,09:36:08,3886.12,0,0,0,0,0,0
POWENE.BSE_IDX,01/07/2025,09:36:16,3886.52,0,0,0,0,0,0
POWENE.BSE_IDX,01/07/2025,09:36:24,3886.44,0,0,0,0,0,0
POWENE.BSE_IDX,01/07/2025,09:36:33,3886.04,0,0,0,0,0,0
POWENE.BSE_IDX,01/07/2025,09:36:40,3885.03,0,0,0,0,0,0
POWENE.BSE_IDX,01/07/2025,09:36:48,3886.03,0,0,0,0,0,0
POWENE.BSE_IDX,01/07/2025,09:36:56,3885.85,0,0,0,0,0,0
POWENE.BSE_IDX,01/07/2025,09:37:04,3886.18,0,0,0,0,0,0
POWENE.BSE_IDX,01/07/2025,09:37:12,3885.89,0,0,0,0,0,0
POWENE.BSE_IDX,01/07/2025,09:37:20,3886.58,0,0,0,0,0,0
POWENE.BSE_IDX,01/07/2025,09:37:28,3886.7,0,0,0,0,0,0
POWENE.BSE_IDX,01/07/2025,09:37:36,3886.52,0,0,0,0,0,0
POWENE.BSE_IDX,01/07/2025,09:37:44,3886.78,0,0,0,0,0,0
POWENE.BSE_IDX,01/07/2025,09:37:52,3886.5,0,0,0,0,0,0
POWENE.BSE_IDX,01/07/2025,09:38:00,3886.47,0,0,0,0,0,0
POWENE.BSE_IDX,01/07/2025,09:38:08,3885.55,0,0,0,0,0,0
POWENE.BSE_IDX,01/07/2025,09:38:16,3884.3,0,0,0,0,0,0
POWENE.BSE_IDX,01/07/2025,09:38:24,3885.07,0,0,0,0,0,0
POWENE.BSE_IDX,01/07/2025,09:38:32,3884.12,0,0,0,0,0,0
POWENE.BSE_IDX,01/07/2025,09:38:40,3883.75,0,0,0,0,0,0
POWENE.BSE_IDX,01/07/2025,09:38:48,3883.29,0,0,0,0,0,0
POWENE.BSE_IDX,01/07/2025,09:38:56,3883.23,0,0,0,0,0,0
POWENE.BSE_IDX,01/07/2025,09:39:04,3882.89,0,0,0,0,0,0
POWENE.BSE_IDX,01/07/2025,09:39:12,3882.99,0,0,0,0,0,0
POWENE.BSE_IDX,01/07/2025,09:39:20,3882.83,0,0,0,0,0,0
POWENE.BSE_IDX,01/07/2025,09:39:28,3883.05,0,0,0,0,0,0
POWENE.BSE_IDX,01/07/2025,09:39:36,3883.15,0,0,0,0,0,0
POWENE.BSE_IDX,01/07/2025,09:39:44,3883.6,0,0,0,0,0,0
POWENE.BSE_IDX,01/07/2025,09:39:52,3883.86,0,0,0,0,0,0
POWENE.BSE_IDX,01/07/2025,09:40:00,3883.8,0,0,0,0,0,0
POWENE.BSE_IDX,01/07/2025,09:40:08,3884.09,0,0,0,0,0,0
POWENE.BSE_IDX,01/07/2025,09:40:16,3884.53,0,0,0,0,0,0
POWENE.BSE_IDX,01/07/2025,09:40:24,3885.01,0,0,0,0,0,0
POWENE.BSE_IDX,01/07/2025,09:40:32,3884.84,0,0,0,0,0,0
POWENE.BSE_IDX,01/07/2025,09:40:40,3884.42,0,0,0,0,0,0
POWENE.BSE_IDX,01/07/2025,09:40:48,3884.53,0,0,0,0,0,0
POWENE.BSE_IDX,01/07/2025,09:40:56,3884.68,0,0,0,0,0,0
POWENE.BSE_IDX,01/07/2025,09:41:04,3884.22,0,0,0,0,0,0
POWENE.BSE_IDX,01/07/2025,09:41:12,3884.71,0,0,0,0,0,0
POWENE.BSE_IDX,01/07/2025,09:41:20,3884.46,0,0,0,0,0,0
POWENE.BSE_IDX,01/07/2025,09:41:28,3884.64,0,0,0,0,0,0
POWENE.BSE_IDX,01/07/2025,09:41:36,3884.14,0,0,0,0,0,0
POWENE.BSE_IDX,01/07/2025,09:41:44,3884.22,0,0,0,0,0,0
POWENE.BSE_IDX,01/07/2025,09:41:52,3883.36,0,0,0,0,0,0
POWENE.BSE_IDX,01/07/2025,09:42:00,3883.61,0,0,0,0,0,0
POWENE.BSE_IDX,01/07/2025,09:42:08,3883.74,0,0,0,0,0,0
POWENE.BSE_IDX,01/07/2025,09:42:16,3882.61,0,0,0,0,0,0
POWENE.BSE_IDX,01/07/2025,09:42:24,3882.29,0,0,0,0,0,0
POWENE.BSE_IDX,01/07/2025,09:42:32,3881.82,0,0,0,0,0,0
POWENE.BSE_IDX,01/07/2025,09:42:40,3881.73,0,0,0,0,0,0
POWENE.BSE_IDX,01/07/2025,09:42:48,3882.05,0,0,0,0,0,0
POWENE.BSE_IDX,01/07/2025,09:42:56,3883.22,0,0,0,0,0,0
POWENE.BSE_IDX,01/07/2025,09:43:04,3883.1,0,0,0,0,0,0
POWENE.BSE_IDX,01/07/2025,09:43:12,3882.88,0,0,0,0,0,0
POWENE.BSE_IDX,01/07/2025,09:43:20,3882.71,0,0,0,0,0,0
POWENE.BSE_IDX,01/07/2025,09:43:28,3883.01,0,0,0,0,0,0
POWENE.BSE_IDX,01/07/2025,09:43:36,3883.26,0,0,0,0,0,0
POWENE.BSE_IDX,01/07/2025,09:43:44,3883.47,0,0,0,0,0,0
POWENE.BSE_IDX,01/07/2025,09:43:53,3882.8,0,0,0,0,0,0
POWENE.BSE_IDX,01/07/2025,09:44:00,3882.92,0,0,0,0,0,0
POWENE.BSE_IDX,01/07/2025,09:44:08,3882.81,0,0,0,0,0,0
POWENE.BSE_IDX,01/07/2025,09:44:16,3882.84,0,0,0,0,0,0
POWENE.BSE_IDX,01/07/2025,09:44:24,3883.5,0,0,0,0,0,0
POWENE.BSE_IDX,01/07/2025,09:44:32,3883.46,0,0,0,0,0,0
POWENE.BSE_IDX,01/07/2025,09:44:40,3883.01,0,0,0,0,0,0
POWENE.BSE_IDX,01/07/2025,09:44:48,3882.99,0,0,0,0,0,0
POWENE.BSE_IDX,01/07/2025,09:44:56,3882.24,0,0,0,0,0,0
POWENE.BSE_IDX,01/07/2025,09:45:05,3881.54,0,0,0,0,0,0
POWENE.BSE_IDX,01/07/2025,09:45:12,3881.16,0,0,0,0,0,0
POWENE.BSE_IDX,01/07/2025,09:45:20,3880.77,0,0,0,0,0,0
POWENE.BSE_IDX,01/07/2025,09:45:28,3881.6,0,0,0,0,0,0
POWENE.BSE_IDX,01/07/2025,09:45:36,3881.24,0,0,0,0,0,0
POWENE.BSE_IDX,01/07/2025,09:45:44,3880.7,0,0,0,0,0,0
POWENE.BSE_IDX,01/07/2025,09:45:52,3881.24,0,0,0,0,0,0
POWENE.BSE_IDX,01/07/2025,09:46:01,3881.27,0,0,0,0,0,0
POWENE.BSE_IDX,01/07/2025,09:46:08,3881.26,0,0,0,0,0,0
POWENE.BSE_IDX,01/07/2025,09:46:16,3881.73,0,0,0,0,0,0
POWENE.BSE_IDX,01/07/2025,09:46:24,3881.64,0,0,0,0,0,0
POWENE.BSE_IDX,01/07/2025,09:46:32,3881.11,0,0,0,0,0,0
POWENE.BSE_IDX,01/07/2025,09:46:40,3881.3,0,0,0,0,0,0
POWENE.BSE_IDX,01/07/2025,09:46:48,3881.58,0,0,0,0,0,0
POWENE.BSE_IDX,01/07/2025,09:46:56,3881.44,0,0,0,0,0,0
POWENE.BSE_IDX,01/07/2025,09:47:04,3881.07,0,0,0,0,0,0
POWENE.BSE_IDX,01/07/2025,09:47:12,3881.33,0,0,0,0,0,0
POWENE.BSE_IDX,01/07/2025,09:47:20,3881.33,0,0,0,0,0,0
POWENE.BSE_IDX,01/07/2025,09:47:28,3881.33,0,0,0,0,0,0
POWENE.BSE_IDX,01/07/2025,09:47:36,3880.98,0,0,0,0,0,0
POWENE.BSE_IDX,01/07/2025,09:47:44,3881.25,0,0,0,0,0,0
POWENE.BSE_IDX,01/07/2025,09:47:52,3881.23,0,0,0,0,0,0
POWENE.BSE_IDX,01/07/2025,09:48:00,3882.12,0,0,0,0,0,0
POWENE.BSE_IDX,01/07/2025,09:48:08,3882.62,0,0,0,0,0,0
POWENE.BSE_IDX,01/07/2025,09:48:16,3882.96,0,0,0,0,0,0
POWENE.BSE_IDX,01/07/2025,09:48:24,3883.59,0,0,0,0,0,0
POWENE.BSE_IDX,01/07/2025,09:48:32,3884.2,0,0,0,0,0,0
POWENE.BSE_IDX,01/07/2025,09:48:40,3883.87,0,0,0,0,0,0
POWENE.BSE_IDX,01/07/2025,09:48:48,3883.37,0,0,0,0,0,0
POWENE.BSE_IDX,01/07/2025,09:48:56,3883.47,0,0,0,0,0,0
POWENE.BSE_IDX,01/07/2025,09:49:04,3883.38,0,0,0,0,0,0
POWENE.BSE_IDX,01/07/2025,09:49:12,3883.94,0,0,0,0,0,0
POWENE.BSE_IDX,01/07/2025,09:49:20,3884.3,0,0,0,0,0,0
POWENE.BSE_IDX,01/07/2025,09:49:28,3885.21,0,0,0,0,0,0
POWENE.BSE_IDX,01/07/2025,09:49:36,3884.99,0,0,0,0,0,0
POWENE.BSE_IDX,01/07/2025,09:49:44,3885.23,0,0,0,0,0,0
POWENE.BSE_IDX,01/07/2025,09:49:52,3885.45,0,0,0,0,0,0
POWENE.BSE_IDX,01/07/2025,09:50:00,3885.56,0,0,0,0,0,0
POWENE.BSE_IDX,01/07/2025,09:50:08,3885.7,0,0,0,0,0,0
POWENE.BSE_IDX,01/07/2025,09:50:16,3885.84,0,0,0,0,0,0
POWENE.BSE_IDX,01/07/2025,09:50:24,3885.77,0,0,0,0,0,0
POWENE.BSE_IDX,01/07/2025,09:50:32,3885.78,0,0,0,0,0,0
POWENE.BSE_IDX,01/07/2025,09:50:40,3885.14,0,0,0,0,0,0
POWENE.BSE_IDX,01/07/2025,09:50:48,3885.34,0,0,0,0,0,0
POWENE.BSE_IDX,01/07/2025,09:50:57,3883.6,0,0,0,0,0,0
POWENE.BSE_IDX,01/07/2025,09:51:04,3883.75,0,0,0,0,0,0
POWENE.BSE_IDX,01/07/2025,09:51:12,3884.68,0,0,0,0,0,0
POWENE.BSE_IDX,01/07/2025,09:51:20,3884.43,0,0,0,0,0,0
POWENE.BSE_IDX,01/07/2025,09:51:28,3884.38,0,0,0,0,0,0
POWENE.BSE_IDX,01/07/2025,09:51:37,3883.76,0,0,0,0,0,0
POWENE.BSE_IDX,01/07/2025,09:51:44,3884.04,0,0,0,0,0,0
POWENE.BSE_IDX,01/07/2025,09:51:52,3883.99,0,0,0,0,0,0
POWENE.BSE_IDX,01/07/2025,09:52:01,3883.85,0,0,0,0,0,0
POWENE.BSE_IDX,01/07/2025,09:52:08,3883.7,0,0,0,0,0,0
POWENE.BSE_IDX,01/07/2025,09:52:17,3882.76,0,0,0,0,0,0
POWENE.BSE_IDX,01/07/2025,09:52:24,3882.5,0,0,0,0,0,0
POWENE.BSE_IDX,01/07/2025,09:52:32,3882.96,0,0,0,0,0,0
POWENE.BSE_IDX,01/07/2025,09:52:40,3884.13,0,0,0,0,0,0
POWENE.BSE_IDX,01/07/2025,09:52:48,3883.46,0,0,0,0,0,0
POWENE.BSE_IDX,01/07/2025,09:52:57,3883.8,0,0,0,0,0,0
POWENE.BSE_IDX,01/07/2025,09:53:04,3883.87,0,0,0,0,0,0
POWENE.BSE_IDX,01/07/2025,09:53:13,3883.71,0,0,0,0,0,0
POWENE.BSE_IDX,01/07/2025,09:53:20,3883.25,0,0,0,0,0,0
POWENE.BSE_IDX,01/07/2025,09:53:28,3883.61,0,0,0,0,0,0
POWENE.BSE_IDX,01/07/2025,09:53:36,3883.19,0,0,0,0,0,0
POWENE.BSE_IDX,01/07/2025,09:53:44,3882.78,0,0,0,0,0,0
POWENE.BSE_IDX,01/07/2025,09:53:52,3882.59,0,0,0,0,0,0
POWENE.BSE_IDX,01/07/2025,09:54:00,3881.67,0,0,0,0,0,0
POWENE.BSE_IDX,01/07/2025,09:54:08,3881.75,0,0,0,0,0,0
POWENE.BSE_IDX,01/07/2025,09:54:16,3882.1,0,0,0,0,0,0
POWENE.BSE_IDX,01/07/2025,09:54:24,3881.78,0,0,0,0,0,0
POWENE.BSE_IDX,01/07/2025,09:54:32,3882.15,0,0,0,0,0,0
POWENE.BSE_IDX,01/07/2025,09:54:40,3881.89,0,0,0,0,0,0
POWENE.BSE_IDX,01/07/2025,09:54:48,3882.17,0,0,0,0,0,0
POWENE.BSE_IDX,01/07/2025,09:54:56,3881.89,0,0,0,0,0,0
POWENE.BSE_IDX,01/07/2025,09:55:04,3881.06,0,0,0,0,0,0
POWENE.BSE_IDX,01/07/2025,09:55:12,3880.59,0,0,0,0,0,0
POWENE.BSE_IDX,01/07/2025,09:55:20,3880.73,0,0,0,0,0,0
POWENE.BSE_IDX,01/07/2025,09:55:28,3880.89,0,0,0,0,0,0
POWENE.BSE_IDX,01/07/2025,09:55:36,3881.49,0,0,0,0,0,0
POWENE.BSE_IDX,01/07/2025,09:55:44,3881.54,0,0,0,0,0,0
POWENE.BSE_IDX,01/07/2025,09:55:52,3881.47,0,0,0,0,0,0
POWENE.BSE_IDX,01/07/2025,09:56:00,3881.65,0,0,0,0,0,0
POWENE.BSE_IDX,01/07/2025,09:56:08,3881.8,0,0,0,0,0,0
POWENE.BSE_IDX,01/07/2025,09:56:16,3881.67,0,0,0,0,0,0
POWENE.BSE_IDX,01/07/2025,09:56:25,3882.34,0,0,0,0,0,0
POWENE.BSE_IDX,01/07/2025,09:56:33,3882.16,0,0,0,0,0,0
POWENE.BSE_IDX,01/07/2025,09:56:41,3881.51,0,0,0,0,0,0
POWENE.BSE_IDX,01/07/2025,09:56:48,3881.82,0,0,0,0,0,0
POWENE.BSE_IDX,01/07/2025,09:56:57,3881.1,0,0,0,0,0,0
POWENE.BSE_IDX,01/07/2025,09:57:04,3881.41,0,0,0,0,0,0
POWENE.BSE_IDX,01/07/2025,09:57:12,3882.04,0,0,0,0,0,0
POWENE.BSE_IDX,01/07/2025,09:57:20,3882.54,0,0,0,0,0,0
POWENE.BSE_IDX,01/07/2025,09:57:28,3882.2,0,0,0,0,0,0
POWENE.BSE_IDX,01/07/2025,09:57:36,3882.19,0,0,0,0,0,0
POWENE.BSE_IDX,01/07/2025,09:57:44,3882.57,0,0,0,0,0,0
POWENE.BSE_IDX,01/07/2025,09:57:52,3882.76,0,0,0,0,0,0
POWENE.BSE_IDX,01/07/2025,09:58:00,3882.53,0,0,0,0,0,0
POWENE.BSE_IDX,01/07/2025,09:58:08,3882.29,0,0,0,0,0,0
POWENE.BSE_IDX,01/07/2025,09:58:16,3882.37,0,0,0,0,0,0
POWENE.BSE_IDX,01/07/2025,09:58:24,3882.56,0,0,0,0,0,0
POWENE.BSE_IDX,01/07/2025,09:58:32,3882.76,0,0,0,0,0,0
POWENE.BSE_IDX,01/07/2025,09:58:40,3882.74,0,0,0,0,0,0
POWENE.BSE_IDX,01/07/2025,09:58:48,3883.31,0,0,0,0,0,0
POWENE.BSE_IDX,01/07/2025,09:58:56,3883.31,0,0,0,0,0,0
POWENE.BSE_IDX,01/07/2025,09:59:05,3883.1,0,0,0,0,0,0
POWENE.BSE_IDX,01/07/2025,09:59:12,3883.02,0,0,0,0,0,0
POWENE.BSE_IDX,01/07/2025,09:59:20,3883.3,0,0,0,0,0,0
POWENE.BSE_IDX,01/07/2025,09:59:28,3883.77,0,0,0,0,0,0
POWENE.BSE_IDX,01/07/2025,09:59:36,3883.36,0,0,0,0,0,0
POWENE.BSE_IDX,01/07/2025,09:59:45,3883.41,0,0,0,0,0,0
POWENE.BSE_IDX,01/07/2025,09:59:52,3883.68,0,0,0,0,0,0
POWENE.BSE_IDX,01/07/2025,10:00:01,3882.4,0,0,0,0,0,0
POWENE.BSE_IDX,01/07/2025,10:00:08,3882.58,0,0,0,0,0,0
POWENE.BSE_IDX,01/07/2025,10:00:16,3883.36,0,0,0,0,0,0
POWENE.BSE_IDX,01/07/2025,10:00:25,3883.06,0,0,0,0,0,0
POWENE.BSE_IDX,01/07/2025,10:00:32,3882.87,0,0,0,0,0,0
POWENE.BSE_IDX,01/07/2025,10:00:40,3883.15,0,0,0,0,0,0
POWENE.BSE_IDX,01/07/2025,10:00:49,3882.95,0,0,0,0,0,0
POWENE.BSE_IDX,01/07/2025,10:00:57,3883.04,0,0,0,0,0,0
POWENE.BSE_IDX,01/07/2025,10:01:04,3882.71,0,0,0,0,0,0
POWENE.BSE_IDX,01/07/2025,10:01:12,3881.82,0,0,0,0,0,0
POWENE.BSE_IDX,01/07/2025,10:01:21,3881.83,0,0,0,0,0,0
POWENE.BSE_IDX,01/07/2025,10:01:29,3881.36,0,0,0,0,0,0
POWENE.BSE_IDX,01/07/2025,10:01:37,3881.01,0,0,0,0,0,0
POWENE.BSE_IDX,01/07/2025,10:01:44,3881.4,0,0,0,0,0,0
POWENE.BSE_IDX,01/07/2025,10:01:52,3881.32,0,0,0,0,0,0
POWENE.BSE_IDX,01/07/2025,10:02:00,3881,0,0,0,0,0,0
POWENE.BSE_IDX,01/07/2025,10:02:09,3881.08,0,0,0,0,0,0
POWENE.BSE_IDX,01/07/2025,10:02:17,3880.49,0,0,0,0,0,0
POWENE.BSE_IDX,01/07/2025,10:02:24,3879.76,0,0,0,0,0,0
POWENE.BSE_IDX,01/07/2025,10:02:32,3879.27,0,0,0,0,0,0
POWENE.BSE_IDX,01/07/2025,10:02:41,3879.23,0,0,0,0,0,0
POWENE.BSE_IDX,01/07/2025,10:02:49,3880.06,0,0,0,0,0,0
POWENE.BSE_IDX,01/07/2025,10:02:57,3879.67,0,0,0,0,0,0
POWENE.BSE_IDX,01/07/2025,10:03:04,3879.73,0,0,0,0,0,0
POWENE.BSE_IDX,01/07/2025,10:03:13,3879.99,0,0,0,0,0,0
POWENE.BSE_IDX,01/07/2025,10:03:20,3878.99,0,0,0,0,0,0
POWENE.BSE_IDX,01/07/2025,10:03:29,3878.77,0,0,0,0,0,0
POWENE.BSE_IDX,01/07/2025,10:03:37,3878.66,0,0,0,0,0,0
POWENE.BSE_IDX,01/07/2025,10:03:45,3878.88,0,0,0,0,0,0
POWENE.BSE_IDX,01/07/2025,10:03:53,3878.6,0,0,0,0,0,0
POWENE.BSE_IDX,01/07/2025,10:04:01,3878.46,0,0,0,0,0,0
POWENE.BSE_IDX,01/07/2025,10:04:09,3878.39,0,0,0,0,0,0
POWENE.BSE_IDX,01/07/2025,10:04:17,3878.2,0,0,0,0,0,0
POWENE.BSE_IDX,01/07/2025,10:04:25,3878.15,0,0,0,0,0,0
POWENE.BSE_IDX,01/07/2025,10:04:33,3878.5,0,0,0,0,0,0
POWENE.BSE_IDX,01/07/2025,10:04:41,3878.86,0,0,0,0,0,0
POWENE.BSE_IDX,01/07/2025,10:04:50,3879.21,0,0,0,0,0,0
POWENE.BSE_IDX,01/07/2025,10:04:57,3879.13,0,0,0,0,0,0
POWENE.BSE_IDX,01/07/2025,10:05:05,3878.66,0,0,0,0,0,0
POWENE.BSE_IDX,01/07/2025,10:05:14,3878.47,0,0,0,0,0,0
POWENE.BSE_IDX,01/07/2025,10:05:21,3878.09,0,0,0,0,0,0
POWENE.BSE_IDX,01/07/2025,10:05:29,3877.54,0,0,0,0,0,0
POWENE.BSE_IDX,01/07/2025,10:05:37,3876.71,0,0,0,0,0,0
POWENE.BSE_IDX,01/07/2025,10:05:45,3878.01,0,0,0,0,0,0
POWENE.BSE_IDX,01/07/2025,10:05:53,3878.7,0,0,0,0,0,0
POWENE.BSE_IDX,01/07/2025,10:06:01,3878.98,0,0,0,0,0,0
POWENE.BSE_IDX,01/07/2025,10:06:09,3878.83,0,0,0,0,0,0
POWENE.BSE_IDX,01/07/2025,10:06:17,3878.29,0,0,0,0,0,0
POWENE.BSE_IDX,01/07/2025,10:06:25,3878.99,0,0,0,0,0,0
POWENE.BSE_IDX,01/07/2025,10:06:33,3879.67,0,0,0,0,0,0
POWENE.BSE_IDX,01/07/2025,10:06:41,3879.82,0,0,0,0,0,0
POWENE.BSE_IDX,01/07/2025,10:06:49,3879.36,0,0,0,0,0,0
POWENE.BSE_IDX,01/07/2025,10:06:57,3879.43,0,0,0,0,0,0
POWENE.BSE_IDX,01/07/2025,10:07:05,3879.76,0,0,0,0,0,0
POWENE.BSE_IDX,01/07/2025,10:07:13,3880.56,0,0,0,0,0,0
POWENE.BSE_IDX,01/07/2025,10:07:21,3880.73,0,0,0,0,0,0
POWENE.BSE_IDX,01/07/2025,10:07:29,3880.43,0,0,0,0,0,0
POWENE.BSE_IDX,01/07/2025,10:07:37,3881.58,0,0,0,0,0,0
POWENE.BSE_IDX,01/07/2025,10:07:45,3881.91,0,0,0,0,0,0
POWENE.BSE_IDX,01/07/2025,10:07:53,3881.89,0,0,0,0,0,0
POWENE.BSE_IDX,01/07/2025,10:08:01,3882.01,0,0,0,0,0,0
POWENE.BSE_IDX,01/07/2025,10:08:09,3881.85,0,0,0,0,0,0
POWENE.BSE_IDX,01/07/2025,10:08:17,3882.44,0,0,0,0,0,0
POWENE.BSE_IDX,01/07/2025,10:08:25,3882.4,0,0,0,0,0,0
POWENE.BSE_IDX,01/07/2025,10:08:33,3882.5,0,0,0,0,0,0
POWENE.BSE_IDX,01/07/2025,10:08:41,3881.81,0,0,0,0,0,0
POWENE.BSE_IDX,01/07/2025,10:08:49,3882.47,0,0,0,0,0,0
POWENE.BSE_IDX,01/07/2025,10:08:57,3881.78,0,0,0,0,0,0
POWENE.BSE_IDX,01/07/2025,10:09:05,3880.96,0,0,0,0,0,0
POWENE.BSE_IDX,01/07/2025,10:09:13,3880.91,0,0,0,0,0,0
POWENE.BSE_IDX,01/07/2025,10:09:21,3881.43,0,0,0,0,0,0
POWENE.BSE_IDX,01/07/2025,10:09:29,3881.05,0,0,0,0,0,0
POWENE.BSE_IDX,01/07/2025,10:09:37,3881.22,0,0,0,0,0,0
POWENE.BSE_IDX,01/07/2025,10:09:45,3881.19,0,0,0,0,0,0
POWENE.BSE_IDX,01/07/2025,10:09:53,3881.48,0,0,0,0,0,0
POWENE.BSE_IDX,01/07/2025,10:10:01,3881.87,0,0,0,0,0,0
POWENE.BSE_IDX,01/07/2025,10:10:09,3881.66,0,0,0,0,0,0
POWENE.BSE_IDX,01/07/2025,10:10:17,3882.2,0,0,0,0,0,0
POWENE.BSE_IDX,01/07/2025,10:10:25,3882.17,0,0,0,0,0,0
POWENE.BSE_IDX,01/07/2025,10:10:33,3882.36,0,0,0,0,0,0
POWENE.BSE_IDX,01/07/2025,10:10:41,3882.3,0,0,0,0,0,0
POWENE.BSE_IDX,01/07/2025,10:10:49,3882.14,0,0,0,0,0,0
POWENE.BSE_IDX,01/07/2025,10:10:57,3882.4,0,0,0,0,0,0
POWENE.BSE_IDX,01/07/2025,10:11:05,3882.48,0,0,0,0,0,0
POWENE.BSE_IDX,01/07/2025,10:11:13,3881.95,0,0,0,0,0,0
POWENE.BSE_IDX,01/07/2025,10:11:22,3881.13,0,0,0,0,0,0
POWENE.BSE_IDX,01/07/2025,10:11:29,3880.74,0,0,0,0,0,0
POWENE.BSE_IDX,01/07/2025,10:11:37,3880.39,0,0,0,0,0,0
POWENE.BSE_IDX,01/07/2025,10:11:45,3879.95,0,0,0,0,0,0
POWENE.BSE_IDX,01/07/2025,10:11:53,3880.05,0,0,0,0,0,0
POWENE.BSE_IDX,01/07/2025,10:12:01,3880.24,0,0,0,0,0,0
POWENE.BSE_IDX,01/07/2025,10:12:09,3880.09,0,0,0,0,0,0
POWENE.BSE_IDX,01/07/2025,10:12:17,3879.02,0,0,0,0,0,0
POWENE.BSE_IDX,01/07/2025,10:12:25,3879.42,0,0,0,0,0,0
POWENE.BSE_IDX,01/07/2025,10:12:33,3879.36,0,0,0,0,0,0
POWENE.BSE_IDX,01/07/2025,10:12:41,3879.51,0,0,0,0,0,0
POWENE.BSE_IDX,01/07/2025,10:12:49,3878.99,0,0,0,0,0,0
POWENE.BSE_IDX,01/07/2025,10:12:57,3878.41,0,0,0,0,0,0
POWENE.BSE_IDX,01/07/2025,10:13:05,3878.49,0,0,0,0,0,0
POWENE.BSE_IDX,01/07/2025,10:13:13,3878.15,0,0,0,0,0,0
POWENE.BSE_IDX,01/07/2025,10:13:21,3878.89,0,0,0,0,0,0
POWENE.BSE_IDX,01/07/2025,10:13:29,3878.85,0,0,0,0,0,0
POWENE.BSE_IDX,01/07/2025,10:13:37,3878.57,0,0,0,0,0,0
POWENE.BSE_IDX,01/07/2025,10:13:45,3878.56,0,0,0,0,0,0
POWENE.BSE_IDX,01/07/2025,10:13:53,3878.06,0,0,0,0,0,0
POWENE.BSE_IDX,01/07/2025,10:14:01,3876.96,0,0,0,0,0,0
POWENE.BSE_IDX,01/07/2025,10:14:09,3876.06,0,0,0,0,0,0
POWENE.BSE_IDX,01/07/2025,10:14:17,3876.24,0,0,0,0,0,0
POWENE.BSE_IDX,01/07/2025,10:14:25,3876.6,0,0,0,0,0,0
POWENE.BSE_IDX,01/07/2025,10:14:33,3876.78,0,0,0,0,0,0
POWENE.BSE_IDX,01/07/2025,10:14:41,3875.62,0,0,0,0,0,0
POWENE.BSE_IDX,01/07/2025,10:14:49,3875.65,0,0,0,0,0,0
POWENE.BSE_IDX,01/07/2025,10:14:57,3876.2,0,0,0,0,0,0
POWENE.BSE_IDX,01/07/2025,10:15:05,3875.44,0,0,0,0,0,0
POWENE.BSE_IDX,01/07/2025,10:15:13,3874.32,0,0,0,0,0,0
POWENE.BSE_IDX,01/07/2025,10:15:21,3874.9,0,0,0,0,0,0
POWENE.BSE_IDX,01/07/2025,10:15:29,3873.86,0,0,0,0,0,0
POWENE.BSE_IDX,01/07/2025,10:15:37,3874.29,0,0,0,0,0,0
POWENE.BSE_IDX,01/07/2025,10:15:45,3874.32,0,0,0,0,0,0
POWENE.BSE_IDX,01/07/2025,10:15:53,3873.6,0,0,0,0,0,0
POWENE.BSE_IDX,01/07/2025,10:16:01,3874.18,0,0,0,0,0,0
POWENE.BSE_IDX,01/07/2025,10:16:09,3874.31,0,0,0,0,0,0
POWENE.BSE_IDX,01/07/2025,10:16:17,3873.89,0,0,0,0,0,0
POWENE.BSE_IDX,01/07/2025,10:16:25,3874.03,0,0,0,0,0,0
POWENE.BSE_IDX,01/07/2025,10:16:33,3874.21,0,0,0,0,0,0
POWENE.BSE_IDX,01/07/2025,10:16:41,3874.14,0,0,0,0,0,0
POWENE.BSE_IDX,01/07/2025,10:16:49,3873.93,0,0,0,0,0,0
POWENE.BSE_IDX,01/07/2025,10:16:57,3873.98,0,0,0,0,0,0
POWENE.BSE_IDX,01/07/2025,10:17:05,3873.89,0,0,0,0,0,0
POWENE.BSE_IDX,01/07/2025,10:17:13,3873.62,0,0,0,0,0,0
POWENE.BSE_IDX,01/07/2025,10:17:21,3873.6,0,0,0,0,0,0
POWENE.BSE_IDX,01/07/2025,10:17:29,3873.48,0,0,0,0,0,0
POWENE.BSE_IDX,01/07/2025,10:17:37,3873.85,0,0,0,0,0,0
POWENE.BSE_IDX,01/07/2025,10:17:45,3874.39,0,0,0,0,0,0
POWENE.BSE_IDX,01/07/2025,10:17:53,3874.64,0,0,0,0,0,0
POWENE.BSE_IDX,01/07/2025,10:18:01,3874.88,0,0,0,0,0,0
POWENE.BSE_IDX,01/07/2025,10:18:09,3875.27,0,0,0,0,0,0
POWENE.BSE_IDX,01/07/2025,10:18:17,3876.02,0,0,0,0,0,0
POWENE.BSE_IDX,01/07/2025,10:18:25,3876.53,0,0,0,0,0,0
POWENE.BSE_IDX,01/07/2025,10:18:33,3875.72,0,0,0,0,0,0
POWENE.BSE_IDX,01/07/2025,10:18:41,3875.57,0,0,0,0,0,0
POWENE.BSE_IDX,01/07/2025,10:18:49,3875.37,0,0,0,0,0,0
POWENE.BSE_IDX,01/07/2025,10:18:57,3874.76,0,0,0,0,0,0
POWENE.BSE_IDX,01/07/2025,10:19:05,3874.54,0,0,0,0,0,0
POWENE.BSE_IDX,01/07/2025,10:19:13,3874.71,0,0,0,0,0,0
POWENE.BSE_IDX,01/07/2025,10:19:21,3875.16,0,0,0,0,0,0
POWENE.BSE_IDX,01/07/2025,10:19:29,3875.06,0,0,0,0,0,0
POWENE.BSE_IDX,01/07/2025,10:19:37,3874.95,0,0,0,0,0,0
POWENE.BSE_IDX,01/07/2025,10:19:45,3875.1,0,0,0,0,0,0
POWENE.BSE_IDX,01/07/2025,10:19:53,3874.77,0,0,0,0,0,0
POWENE.BSE_IDX,01/07/2025,10:20:01,3874.9,0,0,0,0,0,0
POWENE.BSE_IDX,01/07/2025,10:20:09,3875.4,0,0,0,0,0,0
POWENE.BSE_IDX,01/07/2025,10:20:17,3875.59,0,0,0,0,0,0
POWENE.BSE_IDX,01/07/2025,10:20:25,3875.86,0,0,0,0,0,0
POWENE.BSE_IDX,01/07/2025,10:20:33,3876.18,0,0,0,0,0,0
POWENE.BSE_IDX,01/07/2025,10:20:41,3876.12,0,0,0,0,0,0
POWENE.BSE_IDX,01/07/2025,10:20:49,3875.76,0,0,0,0,0,0
POWENE.BSE_IDX,01/07/2025,10:20:57,3875.23,0,0,0,0,0,0
POWENE.BSE_IDX,01/07/2025,10:21:05,3875.55,0,0,0,0,0,0
POWENE.BSE_IDX,01/07/2025,10:21:13,3875.42,0,0,0,0,0,0
POWENE.BSE_IDX,01/07/2025,10:21:21,3875.58,0,0,0,0,0,0
POWENE.BSE_IDX,01/07/2025,10:21:29,3875.77,0,0,0,0,0,0
POWENE.BSE_IDX,01/07/2025,10:21:37,3875.54,0,0,0,0,0,0
POWENE.BSE_IDX,01/07/2025,10:21:45,3874.92,0,0,0,0,0,0
POWENE.BSE_IDX,01/07/2025,10:21:53,3875.14,0,0,0,0,0,0
POWENE.BSE_IDX,01/07/2025,10:22:01,3874.8,0,0,0,0,0,0
POWENE.BSE_IDX,01/07/2025,10:22:09,3875.42,0,0,0,0,0,0
POWENE.BSE_IDX,01/07/2025,10:22:17,3874.97,0,0,0,0,0,0
POWENE.BSE_IDX,01/07/2025,10:22:25,3875.03,0,0,0,0,0,0
POWENE.BSE_IDX,01/07/2025,10:22:33,3874.8,0,0,0,0,0,0
POWENE.BSE_IDX,01/07/2025,10:22:41,3874.7,0,0,0,0,0,0
POWENE.BSE_IDX,01/07/2025,10:22:49,3874.51,0,0,0,0,0,0
POWENE.BSE_IDX,01/07/2025,10:22:57,3874.89,0,0,0,0,0,0
POWENE.BSE_IDX,01/07/2025,10:23:05,3875.02,0,0,0,0,0,0
POWENE.BSE_IDX,01/07/2025,10:23:13,3874.57,0,0,0,0,0,0
POWENE.BSE_IDX,01/07/2025,10:23:21,3874.52,0,0,0,0,0,0
POWENE.BSE_IDX,01/07/2025,10:23:29,3875,0,0,0,0,0,0
POWENE.BSE_IDX,01/07/2025,10:23:37,3874.93,0,0,0,0,0,0
POWENE.BSE_IDX,01/07/2025,10:23:45,3875.02,0,0,0,0,0,0
POWENE.BSE_IDX,01/07/2025,10:23:53,3875.03,0,0,0,0,0,0
POWENE.BSE_IDX,01/07/2025,10:24:01,3875.1,0,0,0,0,0,0
POWENE.BSE_IDX,01/07/2025,10:24:09,3874.75,0,0,0,0,0,0
POWENE.BSE_IDX,01/07/2025,10:24:17,3873.65,0,0,0,0,0,0
POWENE.BSE_IDX,01/07/2025,10:24:25,3873.74,0,0,0,0,0,0
POWENE.BSE_IDX,01/07/2025,10:24:33,3873.73,0,0,0,0,0,0
POWENE.BSE_IDX,01/07/2025,10:24:41,3873.33,0,0,0,0,0,0
POWENE.BSE_IDX,01/07/2025,10:24:49,3873.39,0,0,0,0,0,0
POWENE.BSE_IDX,01/07/2025,10:24:57,3873.63,0,0,0,0,0,0
POWENE.BSE_IDX,01/07/2025,10:25:05,3873.25,0,0,0,0,0,0
POWENE.BSE_IDX,01/07/2025,10:25:13,3873.73,0,0,0,0,0,0
POWENE.BSE_IDX,01/07/2025,10:25:21,3873.66,0,0,0,0,0,0
POWENE.BSE_IDX,01/07/2025,10:25:29,3873.49,0,0,0,0,0,0
POWENE.BSE_IDX,01/07/2025,10:25:37,3873.89,0,0,0,0,0,0
POWENE.BSE_IDX,01/07/2025,10:25:45,3874.09,0,0,0,0,0,0
POWENE.BSE_IDX,01/07/2025,10:25:53,3874.1,0,0,0,0,0,0
POWENE.BSE_IDX,01/07/2025,10:26:01,3874.73,0,0,0,0,0,0
POWENE.BSE_IDX,01/07/2025,10:26:09,3875.2,0,0,0,0,0,0
POWENE.BSE_IDX,01/07/2025,10:26:17,3875.13,0,0,0,0,0,0
POWENE.BSE_IDX,01/07/2025,10:26:25,3874.83,0,0,0,0,0,0
POWENE.BSE_IDX,01/07/2025,10:26:33,3874.96,0,0,0,0,0,0
POWENE.BSE_IDX,01/07/2025,10:26:41,3875.79,0,0,0,0,0,0
POWENE.BSE_IDX,01/07/2025,10:26:49,3875.8,0,0,0,0,0,0
POWENE.BSE_IDX,01/07/2025,10:26:57,3876.01,0,0,0,0,0,0
POWENE.BSE_IDX,01/07/2025,10:27:05,3876.3,0,0,0,0,0,0
POWENE.BSE_IDX,01/07/2025,10:27:13,3876.94,0,0,0,0,0,0
POWENE.BSE_IDX,01/07/2025,10:27:21,3877.41,0,0,0,0,0,0
POWENE.BSE_IDX,01/07/2025,10:27:29,3877.66,0,0,0,0,0,0
POWENE.BSE_IDX,01/07/2025,10:27:37,3877.8,0,0,0,0,0,0
POWENE.BSE_IDX,01/07/2025,10:27:45,3877.79,0,0,0,0,0,0
POWENE.BSE_IDX,01/07/2025,10:27:53,3878,0,0,0,0,0,0
POWENE.BSE_IDX,01/07/2025,10:28:01,3878.99,0,0,0,0,0,0
POWENE.BSE_IDX,01/07/2025,10:28:09,3879.42,0,0,0,0,0,0
POWENE.BSE_IDX,01/07/2025,10:28:17,3879.26,0,0,0,0,0,0
POWENE.BSE_IDX,01/07/2025,10:28:25,3879.29,0,0,0,0,0,0
POWENE.BSE_IDX,01/07/2025,10:28:33,3879.54,0,0,0,0,0,0
POWENE.BSE_IDX,01/07/2025,10:28:41,3878.86,0,0,0,0,0,0
POWENE.BSE_IDX,01/07/2025,10:28:49,3879.11,0,0,0,0,0,0
POWENE.BSE_IDX,01/07/2025,10:28:57,3878.54,0,0,0,0,0,0
POWENE.BSE_IDX,01/07/2025,10:29:05,3879.26,0,0,0,0,0,0
POWENE.BSE_IDX,01/07/2025,10:29:13,3879.21,0,0,0,0,0,0
POWENE.BSE_IDX,01/07/2025,10:29:21,3879.37,0,0,0,0,0,0
POWENE.BSE_IDX,01/07/2025,10:29:29,3879.4,0,0,0,0,0,0
POWENE.BSE_IDX,01/07/2025,10:29:37,3879.64,0,0,0,0,0,0
POWENE.BSE_IDX,01/07/2025,10:29:46,3879.68,0,0,0,0,0,0
POWENE.BSE_IDX,01/07/2025,10:29:54,3879.87,0,0,0,0,0,0
POWENE.BSE_IDX,01/07/2025,10:30:01,3879.88,0,0,0,0,0,0
POWENE.BSE_IDX,01/07/2025,10:30:09,3879.82,0,0,0,0,0,0
POWENE.BSE_IDX,01/07/2025,10:30:17,3880.02,0,0,0,0,0,0
POWENE.BSE_IDX,01/07/2025,10:30:25,3880.49,0,0,0,0,0,0
POWENE.BSE_IDX,01/07/2025,10:30:33,3880.01,0,0,0,0,0,0
POWENE.BSE_IDX,01/07/2025,10:30:41,3880.32,0,0,0,0,0,0
POWENE.BSE_IDX,01/07/2025,10:30:49,3879.76,0,0,0,0,0,0
POWENE.BSE_IDX,01/07/2025,10:30:57,3879.16,0,0,0,0,0,0
POWENE.BSE_IDX,01/07/2025,10:31:05,3879.41,0,0,0,0,0,0
POWENE.BSE_IDX,01/07/2025,10:31:13,3878.97,0,0,0,0,0,0
POWENE.BSE_IDX,01/07/2025,10:31:22,3879.09,0,0,0,0,0,0
POWENE.BSE_IDX,01/07/2025,10:31:29,3879.27,0,0,0,0,0,0
POWENE.BSE_IDX,01/07/2025,10:31:37,3879.4,0,0,0,0,0,0
POWENE.BSE_IDX,01/07/2025,10:31:46,3879.23,0,0,0,0,0,0
POWENE.BSE_IDX,01/07/2025,10:31:53,3879.48,0,0,0,0,0,0
POWENE.BSE_IDX,01/07/2025,10:32:01,3879.71,0,0,0,0,0,0
POWENE.BSE_IDX,01/07/2025,10:32:10,3879.83,0,0,0,0,0,0
POWENE.BSE_IDX,01/07/2025,10:32:17,3879.42,0,0,0,0,0,0
POWENE.BSE_IDX,01/07/2025,10:32:25,3879.54,0,0,0,0,0,0
POWENE.BSE_IDX,01/07/2025,10:32:33,3880.09,0,0,0,0,0,0
POWENE.BSE_IDX,01/07/2025,10:32:41,3880.52,0,0,0,0,0,0
POWENE.BSE_IDX,01/07/2025,10:32:49,3880.57,0,0,0,0,0,0
POWENE.BSE_IDX,01/07/2025,10:32:57,3880.97,0,0,0,0,0,0
POWENE.BSE_IDX,01/07/2025,10:33:06,3880.82,0,0,0,0,0,0
POWENE.BSE_IDX,01/07/2025,10:33:13,3881.31,0,0,0,0,0,0
POWENE.BSE_IDX,01/07/2025,10:33:22,3880.88,0,0,0,0,0,0
POWENE.BSE_IDX,01/07/2025,10:33:29,3881.16,0,0,0,0,0,0
POWENE.BSE_IDX,01/07/2025,10:33:37,3881.85,0,0,0,0,0,0
POWENE.BSE_IDX,01/07/2025,10:33:45,3881.96,0,0,0,0,0,0
POWENE.BSE_IDX,01/07/2025,10:33:53,3882.12,0,0,0,0,0,0
POWENE.BSE_IDX,01/07/2025,10:34:01,3881.74,0,0,0,0,0,0
POWENE.BSE_IDX,01/07/2025,10:34:09,3881.87,0,0,0,0,0,0
POWENE.BSE_IDX,01/07/2025,10:34:17,3881.7,0,0,0,0,0,0
POWENE.BSE_IDX,01/07/2025,10:34:25,3881.95,0,0,0,0,0,0
POWENE.BSE_IDX,01/07/2025,10:34:33,3882.22,0,0,0,0,0,0
POWENE.BSE_IDX,01/07/2025,10:34:41,3881.75,0,0,0,0,0,0
POWENE.BSE_IDX,01/07/2025,10:34:49,3882.02,0,0,0,0,0,0
POWENE.BSE_IDX,01/07/2025,10:34:58,3881.54,0,0,0,0,0,0
POWENE.BSE_IDX,01/07/2025,10:35:06,3881.89,0,0,0,0,0,0
POWENE.BSE_IDX,01/07/2025,10:35:14,3881.72,0,0,0,0,0,0
POWENE.BSE_IDX,01/07/2025,10:35:21,3881.37,0,0,0,0,0,0
POWENE.BSE_IDX,01/07/2025,10:35:29,3880.45,0,0,0,0,0,0
POWENE.BSE_IDX,01/07/2025,10:35:37,3879.92,0,0,0,0,0,0
POWENE.BSE_IDX,01/07/2025,10:35:45,3879.28,0,0,0,0,0,0
POWENE.BSE_IDX,01/07/2025,10:35:54,3879.32,0,0,0,0,0,0
POWENE.BSE_IDX,01/07/2025,10:36:02,3879.47,0,0,0,0,0,0
POWENE.BSE_IDX,01/07/2025,10:36:10,3879.63,0,0,0,0,0,0
POWENE.BSE_IDX,01/07/2025,10:36:18,3879.26,0,0,0,0,0,0
POWENE.BSE_IDX,01/07/2025,10:36:25,3878.92,0,0,0,0,0,0
POWENE.BSE_IDX,01/07/2025,10:36:34,3879.8,0,0,0,0,0,0
POWENE.BSE_IDX,01/07/2025,10:36:42,3880.09,0,0,0,0,0,0
POWENE.BSE_IDX,01/07/2025,10:36:49,3879.71,0,0,0,0,0,0
POWENE.BSE_IDX,01/07/2025,10:36:58,3879.55,0,0,0,0,0,0
POWENE.BSE_IDX,01/07/2025,10:37:06,3879.45,0,0,0,0,0,0
POWENE.BSE_IDX,01/07/2025,10:37:14,3879.31,0,0,0,0,0,0
POWENE.BSE_IDX,01/07/2025,10:37:22,3879.44,0,0,0,0,0,0
POWENE.BSE_IDX,01/07/2025,10:37:30,3879.25,0,0,0,0,0,0
POWENE.BSE_IDX,01/07/2025,10:37:38,3879.34,0,0,0,0,0,0
POWENE.BSE_IDX,01/07/2025,10:37:46,3878.55,0,0,0,0,0,0
POWENE.BSE_IDX,01/07/2025,10:37:54,3878.79,0,0,0,0,0,0
POWENE.BSE_IDX,01/07/2025,10:38:02,3878.4,0,0,0,0,0,0
POWENE.BSE_IDX,01/07/2025,10:38:10,3879.21,0,0,0,0,0,0
POWENE.BSE_IDX,01/07/2025,10:38:18,3879.01,0,0,0,0,0,0
POWENE.BSE_IDX,01/07/2025,10:38:26,3880.06,0,0,0,0,0,0
POWENE.BSE_IDX,01/07/2025,10:38:34,3879.72,0,0,0,0,0,0
POWENE.BSE_IDX,01/07/2025,10:38:42,3880.09,0,0,0,0,0,0
POWENE.BSE_IDX,01/07/2025,10:38:50,3880.15,0,0,0,0,0,0
POWENE.BSE_IDX,01/07/2025,10:38:58,3880.73,0,0,0,0,0,0
POWENE.BSE_IDX,01/07/2025,10:39:06,3881.45,0,0,0,0,0,0
POWENE.BSE_IDX,01/07/2025,10:39:14,3881.74,0,0,0,0,0,0
POWENE.BSE_IDX,01/07/2025,10:39:22,3882.09,0,0,0,0,0,0
POWENE.BSE_IDX,01/07/2025,10:39:30,3882.23,0,0,0,0,0,0
POWENE.BSE_IDX,01/07/2025,10:39:38,3882.33,0,0,0,0,0,0
POWENE.BSE_IDX,01/07/2025,10:39:46,3882.07,0,0,0,0,0,0
POWENE.BSE_IDX,01/07/2025,10:39:54,3882.62,0,0,0,0,0,0
POWENE.BSE_IDX,01/07/2025,10:40:02,3883.01,0,0,0,0,0,0
POWENE.BSE_IDX,01/07/2025,10:40:10,3882.34,0,0,0,0,0,0
POWENE.BSE_IDX,01/07/2025,10:40:18,3882.94,0,0,0,0,0,0
POWENE.BSE_IDX,01/07/2025,10:40:26,3882.05,0,0,0,0,0,0
POWENE.BSE_IDX,01/07/2025,10:40:34,3882.26,0,0,0,0,0,0
POWENE.BSE_IDX,01/07/2025,10:40:42,3882.1,0,0,0,0,0,0
POWENE.BSE_IDX,01/07/2025,10:40:50,3881.89,0,0,0,0,0,0
POWENE.BSE_IDX,01/07/2025,10:40:58,3881.83,0,0,0,0,0,0
POWENE.BSE_IDX,01/07/2025,10:41:06,3881.98,0,0,0,0,0,0
POWENE.BSE_IDX,01/07/2025,10:41:14,3881.49,0,0,0,0,0,0
POWENE.BSE_IDX,01/07/2025,10:41:22,3881.74,0,0,0,0,0,0
POWENE.BSE_IDX,01/07/2025,10:41:30,3882.04,0,0,0,0,0,0
POWENE.BSE_IDX,01/07/2025,10:41:38,3882.03,0,0,0,0,0,0
POWENE.BSE_IDX,01/07/2025,10:41:46,3882.45,0,0,0,0,0,0
POWENE.BSE_IDX,01/07/2025,10:41:54,3882.08,0,0,0,0,0,0
POWENE.BSE_IDX,01/07/2025,10:42:02,3881.73,0,0,0,0,0,0
POWENE.BSE_IDX,01/07/2025,10:42:10,3882,0,0,0,0,0,0
POWENE.BSE_IDX,01/07/2025,10:42:18,3882.19,0,0,0,0,0,0
POWENE.BSE_IDX,01/07/2025,10:42:26,3882.52,0,0,0,0,0,0
POWENE.BSE_IDX,01/07/2025,10:42:34,3882.13,0,0,0,0,0,0
POWENE.BSE_IDX,01/07/2025,10:42:42,3881.97,0,0,0,0,0,0
POWENE.BSE_IDX,01/07/2025,10:42:50,3882.22,0,0,0,0,0,0
POWENE.BSE_IDX,01/07/2025,10:42:58,3881.27,0,0,0,0,0,0
POWENE.BSE_IDX,01/07/2025,10:43:06,3881.36,0,0,0,0,0,0
POWENE.BSE_IDX,01/07/2025,10:43:14,3881.35,0,0,0,0,0,0
POWENE.BSE_IDX,01/07/2025,10:43:22,3881.6,0,0,0,0,0,0
POWENE.BSE_IDX,01/07/2025,10:43:30,3881.42,0,0,0,0,0,0
POWENE.BSE_IDX,01/07/2025,10:43:38,3881.76,0,0,0,0,0,0
POWENE.BSE_IDX,01/07/2025,10:43:46,3881.71,0,0,0,0,0,0
POWENE.BSE_IDX,01/07/2025,10:43:54,3881.2,0,0,0,0,0,0
POWENE.BSE_IDX,01/07/2025,10:44:02,3880.87,0,0,0,0,0,0
POWENE.BSE_IDX,01/07/2025,10:44:10,3880.63,0,0,0,0,0,0
POWENE.BSE_IDX,01/07/2025,10:44:18,3880.45,0,0,0,0,0,0
POWENE.BSE_IDX,01/07/2025,10:44:26,3880,0,0,0,0,0,0
POWENE.BSE_IDX,01/07/2025,10:44:34,3880.16,0,0,0,0,0,0
POWENE.BSE_IDX,01/07/2025,10:44:42,3880.68,0,0,0,0,0,0
POWENE.BSE_IDX,01/07/2025,10:44:50,3880.32,0,0,0,0,0,0
POWENE.BSE_IDX,01/07/2025,10:44:58,3879.07,0,0,0,0,0,0
POWENE.BSE_IDX,01/07/2025,10:45:07,3878.76,0,0,0,0,0,0
POWENE.BSE_IDX,01/07/2025,10:45:14,3878.93,0,0,0,0,0,0
POWENE.BSE_IDX,01/07/2025,10:45:22,3878.3,0,0,0,0,0,0
POWENE.BSE_IDX,01/07/2025,10:45:30,3878.75,0,0,0,0,0,0
POWENE.BSE_IDX,01/07/2025,10:45:38,3878.44,0,0,0,0,0,0
POWENE.BSE_IDX,01/07/2025,10:45:46,3878.65,0,0,0,0,0,0
POWENE.BSE_IDX,01/07/2025,10:45:54,3878.43,0,0,0,0,0,0
POWENE.BSE_IDX,01/07/2025,10:46:02,3878.53,0,0,0,0,0,0
POWENE.BSE_IDX,01/07/2025,10:46:10,3878.44,0,0,0,0,0,0
POWENE.BSE_IDX,01/07/2025,10:46:18,3878.51,0,0,0,0,0,0
POWENE.BSE_IDX,01/07/2025,10:46:26,3878.99,0,0,0,0,0,0
POWENE.BSE_IDX,01/07/2025,10:46:34,3879.42,0,0,0,0,0,0
POWENE.BSE_IDX,01/07/2025,10:46:42,3879.14,0,0,0,0,0,0
POWENE.BSE_IDX,01/07/2025,10:46:50,3878.61,0,0,0,0,0,0
POWENE.BSE_IDX,01/07/2025,10:46:58,3878.92,0,0,0,0,0,0
POWENE.BSE_IDX,01/07/2025,10:47:06,3878.71,0,0,0,0,0,0
POWENE.BSE_IDX,01/07/2025,10:47:14,3878.17,0,0,0,0,0,0
POWENE.BSE_IDX,01/07/2025,10:47:22,3878.05,0,0,0,0,0,0
POWENE.BSE_IDX,01/07/2025,10:47:30,3878.1,0,0,0,0,0,0
POWENE.BSE_IDX,01/07/2025,10:47:38,3878.14,0,0,0,0,0,0
POWENE.BSE_IDX,01/07/2025,10:47:46,3878.69,0,0,0,0,0,0
POWENE.BSE_IDX,01/07/2025,10:47:54,3878.87,0,0,0,0,0,0
POWENE.BSE_IDX,01/07/2025,10:48:02,3879,0,0,0,0,0,0
POWENE.BSE_IDX,01/07/2025,10:48:10,3879.26,0,0,0,0,0,0
POWENE.BSE_IDX,01/07/2025,10:48:18,3878.74,0,0,0,0,0,0
POWENE.BSE_IDX,01/07/2025,10:48:26,3878.72,0,0,0,0,0,0
POWENE.BSE_IDX,01/07/2025,10:48:34,3878.65,0,0,0,0,0,0
POWENE.BSE_IDX,01/07/2025,10:48:42,3878.47,0,0,0,0,0,0
POWENE.BSE_IDX,01/07/2025,10:48:50,3878.19,0,0,0,0,0,0
POWENE.BSE_IDX,01/07/2025,10:48:58,3877.93,0,0,0,0,0,0
POWENE.BSE_IDX,01/07/2025,10:49:06,3878.12,0,0,0,0,0,0
POWENE.BSE_IDX,01/07/2025,10:49:14,3876.86,0,0,0,0,0,0
POWENE.BSE_IDX,01/07/2025,10:49:22,3876.77,0,0,0,0,0,0
POWENE.BSE_IDX,01/07/2025,10:49:30,3876.54,0,0,0,0,0,0
POWENE.BSE_IDX,01/07/2025,10:49:38,3876.19,0,0,0,0,0,0
POWENE.BSE_IDX,01/07/2025,10:49:46,3876.66,0,0,0,0,0,0
POWENE.BSE_IDX,01/07/2025,10:49:54,3876.51,0,0,0,0,0,0
POWENE.BSE_IDX,01/07/2025,10:50:02,3876.15,0,0,0,0,0,0
POWENE.BSE_IDX,01/07/2025,10:50:10,3875.57,0,0,0,0,0,0
POWENE.BSE_IDX,01/07/2025,10:50:18,3875.98,0,0,0,0,0,0
POWENE.BSE_IDX,01/07/2025,10:50:26,3875.78,0,0,0,0,0,0
POWENE.BSE_IDX,01/07/2025,10:50:34,3876.05,0,0,0,0,0,0
POWENE.BSE_IDX,01/07/2025,10:50:42,3876.32,0,0,0,0,0,0
POWENE.BSE_IDX,01/07/2025,10:50:50,3876.31,0,0,0,0,0,0
POWENE.BSE_IDX,01/07/2025,10:50:58,3876.15,0,0,0,0,0,0
POWENE.BSE_IDX,01/07/2025,10:51:06,3875.57,0,0,0,0,0,0
POWENE.BSE_IDX,01/07/2025,10:51:14,3875.82,0,0,0,0,0,0
POWENE.BSE_IDX,01/07/2025,10:51:22,3875.45,0,0,0,0,0,0
POWENE.BSE_IDX,01/07/2025,10:51:30,3875.41,0,0,0,0,0,0
POWENE.BSE_IDX,01/07/2025,10:51:38,3875.18,0,0,0,0,0,0
POWENE.BSE_IDX,01/07/2025,10:51:46,3874.98,0,0,0,0,0,0
POWENE.BSE_IDX,01/07/2025,10:51:54,3874.4,0,0,0,0,0,0
POWENE.BSE_IDX,01/07/2025,10:52:02,3873.85,0,0,0,0,0,0
POWENE.BSE_IDX,01/07/2025,10:52:10,3874.44,0,0,0,0,0,0
POWENE.BSE_IDX,01/07/2025,10:52:18,3874.47,0,0,0,0,0,0
POWENE.BSE_IDX,01/07/2025,10:52:26,3873.94,0,0,0,0,0,0
POWENE.BSE_IDX,01/07/2025,10:52:34,3874,0,0,0,0,0,0
POWENE.BSE_IDX,01/07/2025,10:52:43,3873.09,0,0,0,0,0,0
POWENE.BSE_IDX,01/07/2025,10:52:50,3872.77,0,0,0,0,0,0
POWENE.BSE_IDX,01/07/2025,10:52:58,3872.96,0,0,0,0,0,0
POWENE.BSE_IDX,01/07/2025,10:53:06,3872.08,0,0,0,0,0,0
POWENE.BSE_IDX,01/07/2025,10:53:14,3872.55,0,0,0,0,0,0
POWENE.BSE_IDX,01/07/2025,10:53:22,3872.53,0,0,0,0,0,0
POWENE.BSE_IDX,01/07/2025,10:53:30,3872.43,0,0,0,0,0,0
POWENE.BSE_IDX,01/07/2025,10:53:38,3872.02,0,0,0,0,0,0
POWENE.BSE_IDX,01/07/2025,10:53:46,3872.04,0,0,0,0,0,0
POWENE.BSE_IDX,01/07/2025,10:53:54,3871.94,0,0,0,0,0,0
POWENE.BSE_IDX,01/07/2025,10:54:02,3872.02,0,0,0,0,0,0
POWENE.BSE_IDX,01/07/2025,10:54:10,3872.71,0,0,0,0,0,0
POWENE.BSE_IDX,01/07/2025,10:54:18,3872.38,0,0,0,0,0,0
POWENE.BSE_IDX,01/07/2025,10:54:26,3872.8,0,0,0,0,0,0
POWENE.BSE_IDX,01/07/2025,10:54:34,3872.78,0,0,0,0,0,0
POWENE.BSE_IDX,01/07/2025,10:54:42,3872.89,0,0,0,0,0,0
POWENE.BSE_IDX,01/07/2025,10:54:51,3872.92,0,0,0,0,0,0
POWENE.BSE_IDX,01/07/2025,10:54:58,3872.88,0,0,0,0,0,0
POWENE.BSE_IDX,01/07/2025,10:55:06,3873.62,0,0,0,0,0,0
POWENE.BSE_IDX,01/07/2025,10:55:14,3873.22,0,0,0,0,0,0
POWENE.BSE_IDX,01/07/2025,10:55:22,3873.99,0,0,0,0,0,0
POWENE.BSE_IDX,01/07/2025,10:55:30,3874.14,0,0,0,0,0,0
POWENE.BSE_IDX,01/07/2025,10:55:38,3874.37,0,0,0,0,0,0
POWENE.BSE_IDX,01/07/2025,10:55:46,3874.56,0,0,0,0,0,0
POWENE.BSE_IDX,01/07/2025,10:55:54,3874.65,0,0,0,0,0,0
POWENE.BSE_IDX,01/07/2025,10:56:02,3874.74,0,0,0,0,0,0
POWENE.BSE_IDX,01/07/2025,10:56:10,3874.68,0,0,0,0,0,0
POWENE.BSE_IDX,01/07/2025,10:56:18,3874.66,0,0,0,0,0,0
POWENE.BSE_IDX,01/07/2025,10:56:26,3874.48,0,0,0,0,0,0
POWENE.BSE_IDX,01/07/2025,10:56:34,3874.64,0,0,0,0,0,0
POWENE.BSE_IDX,01/07/2025,10:56:42,3874.34,0,0,0,0,0,0
POWENE.BSE_IDX,01/07/2025,10:56:50,3873.98,0,0,0,0,0,0
POWENE.BSE_IDX,01/07/2025,10:56:58,3873.99,0,0,0,0,0,0
POWENE.BSE_IDX,01/07/2025,10:57:06,3873.49,0,0,0,0,0,0
POWENE.BSE_IDX,01/07/2025,10:57:14,3873.17,0,0,0,0,0,0
POWENE.BSE_IDX,01/07/2025,10:57:22,3873.4,0,0,0,0,0,0
POWENE.BSE_IDX,01/07/2025,10:57:30,3872.93,0,0,0,0,0,0
POWENE.BSE_IDX,01/07/2025,10:57:39,3872.62,0,0,0,0,0,0
POWENE.BSE_IDX,01/07/2025,10:57:46,3873.1,0,0,0,0,0,0
POWENE.BSE_IDX,01/07/2025,10:57:54,3872.94,0,0,0,0,0,0
POWENE.BSE_IDX,01/07/2025,10:58:02,3873.33,0,0,0,0,0,0
POWENE.BSE_IDX,01/07/2025,10:58:10,3873,0,0,0,0,0,0
POWENE.BSE_IDX,01/07/2025,10:58:18,3873.04,0,0,0,0,0,0
POWENE.BSE_IDX,01/07/2025,10:58:26,3873.09,0,0,0,0,0,0
POWENE.BSE_IDX,01/07/2025,10:58:34,3873.2,0,0,0,0,0,0
POWENE.BSE_IDX,01/07/2025,10:58:42,3873.04,0,0,0,0,0,0
POWENE.BSE_IDX,01/07/2025,10:58:50,3873.32,0,0,0,0,0,0
POWENE.BSE_IDX,01/07/2025,10:58:58,3872.92,0,0,0,0,0,0
POWENE.BSE_IDX,01/07/2025,10:59:06,3873.29,0,0,0,0,0,0
POWENE.BSE_IDX,01/07/2025,10:59:14,3873.3,0,0,0,0,0,0
POWENE.BSE_IDX,01/07/2025,10:59:22,3873.1,0,0,0,0,0,0
POWENE.BSE_IDX,01/07/2025,10:59:30,3873.1,0,0,0,0,0,0
POWENE.BSE_IDX,01/07/2025,10:59:38,3872.52,0,0,0,0,0,0
POWENE.BSE_IDX,01/07/2025,10:59:47,3872.45,0,0,0,0,0,0
POWENE.BSE_IDX,01/07/2025,10:59:55,3872.45,0,0,0,0,0,0
POWENE.BSE_IDX,01/07/2025,11:00:03,3872.16,0,0,0,0,0,0
POWENE.BSE_IDX,01/07/2025,11:00:11,3872.13,0,0,0,0,0,0
POWENE.BSE_IDX,01/07/2025,11:00:18,3872.45,0,0,0,0,0,0
POWENE.BSE_IDX,01/07/2025,11:00:26,3872.63,0,0,0,0,0,0
POWENE.BSE_IDX,01/07/2025,11:00:34,3872.09,0,0,0,0,0,0
POWENE.BSE_IDX,01/07/2025,11:00:42,3871.7,0,0,0,0,0,0
POWENE.BSE_IDX,01/07/2025,11:00:50,3871.91,0,0,0,0,0,0
POWENE.BSE_IDX,01/07/2025,11:00:58,3872.61,0,0,0,0,0,0
POWENE.BSE_IDX,01/07/2025,11:01:06,3872.71,0,0,0,0,0,0
POWENE.BSE_IDX,01/07/2025,11:01:15,3873.22,0,0,0,0,0,0
POWENE.BSE_IDX,01/07/2025,11:01:22,3873.31,0,0,0,0,0,0
POWENE.BSE_IDX,01/07/2025,11:01:30,3872.89,0,0,0,0,0,0
POWENE.BSE_IDX,01/07/2025,11:01:38,3872.38,0,0,0,0,0,0
POWENE.BSE_IDX,01/07/2025,11:01:46,3872.27,0,0,0,0,0,0
POWENE.BSE_IDX,01/07/2025,11:01:54,3872.03,0,0,0,0,0,0
POWENE.BSE_IDX,01/07/2025,11:02:02,3872.71,0,0,0,0,0,0
POWENE.BSE_IDX,01/07/2025,11:02:10,3872.48,0,0,0,0,0,0
POWENE.BSE_IDX,01/07/2025,11:02:18,3872.5,0,0,0,0,0,0
POWENE.BSE_IDX,01/07/2025,11:02:27,3872.18,0,0,0,0,0,0
POWENE.BSE_IDX,01/07/2025,11:02:34,3872.02,0,0,0,0,0,0
POWENE.BSE_IDX,01/07/2025,11:02:42,3871.3,0,0,0,0,0,0
POWENE.BSE_IDX,01/07/2025,11:02:51,3871.19,0,0,0,0,0,0
POWENE.BSE_IDX,01/07/2025,11:02:58,3871.27,0,0,0,0,0,0
POWENE.BSE_IDX,01/07/2025,11:03:06,3870.82,0,0,0,0,0,0
POWENE.BSE_IDX,01/07/2025,11:03:14,3870.95,0,0,0,0,0,0
POWENE.BSE_IDX,01/07/2025,11:03:22,3870.78,0,0,0,0,0,0
POWENE.BSE_IDX,01/07/2025,11:03:31,3870.57,0,0,0,0,0,0
POWENE.BSE_IDX,01/07/2025,11:03:38,3870.33,0,0,0,0,0,0
POWENE.BSE_IDX,01/07/2025,11:03:46,3870.53,0,0,0,0,0,0
POWENE.BSE_IDX,01/07/2025,11:03:54,3870.44,0,0,0,0,0,0
POWENE.BSE_IDX,01/07/2025,11:04:02,3870.82,0,0,0,0,0,0
POWENE.BSE_IDX,01/07/2025,11:04:10,3870.38,0,0,0,0,0,0
POWENE.BSE_IDX,01/07/2025,11:04:18,3870.66,0,0,0,0,0,0
POWENE.BSE_IDX,01/07/2025,11:04:27,3870.52,0,0,0,0,0,0
POWENE.BSE_IDX,01/07/2025,11:04:34,3870.95,0,0,0,0,0,0
POWENE.BSE_IDX,01/07/2025,11:04:42,3870.89,0,0,0,0,0,0
POWENE.BSE_IDX,01/07/2025,11:04:51,3870.93,0,0,0,0,0,0
POWENE.BSE_IDX,01/07/2025,11:04:58,3871.36,0,0,0,0,0,0
POWENE.BSE_IDX,01/07/2025,11:05:06,3871.21,0,0,0,0,0,0
POWENE.BSE_IDX,01/07/2025,11:05:14,3871.29,0,0,0,0,0,0
POWENE.BSE_IDX,01/07/2025,11:05:22,3871.55,0,0,0,0,0,0
POWENE.BSE_IDX,01/07/2025,11:05:31,3871.42,0,0,0,0,0,0
POWENE.BSE_IDX,01/07/2025,11:05:39,3871.13,0,0,0,0,0,0
POWENE.BSE_IDX,01/07/2025,11:05:46,3871.55,0,0,0,0,0,0
POWENE.BSE_IDX,01/07/2025,11:05:54,3871.19,0,0,0,0,0,0
POWENE.BSE_IDX,01/07/2025,11:06:03,3871.41,0,0,0,0,0,0
POWENE.BSE_IDX,01/07/2025,11:06:11,3872.27,0,0,0,0,0,0
POWENE.BSE_IDX,01/07/2025,11:06:19,3872.68,0,0,0,0,0,0
POWENE.BSE_IDX,01/07/2025,11:06:27,3872.87,0,0,0,0,0,0
POWENE.BSE_IDX,01/07/2025,11:06:34,3872.77,0,0,0,0,0,0
POWENE.BSE_IDX,01/07/2025,11:06:43,3873.16,0,0,0,0,0,0
POWENE.BSE_IDX,01/07/2025,11:06:51,3872.9,0,0,0,0,0,0
POWENE.BSE_IDX,01/07/2025,11:06:58,3873.44,0,0,0,0,0,0
POWENE.BSE_IDX,01/07/2025,11:07:06,3873.84,0,0,0,0,0,0
POWENE.BSE_IDX,01/07/2025,11:07:15,3873.89,0,0,0,0,0,0
POWENE.BSE_IDX,01/07/2025,11:07:22,3874.36,0,0,0,0,0,0
POWENE.BSE_IDX,01/07/2025,11:07:31,3874.4,0,0,0,0,0,0
POWENE.BSE_IDX,01/07/2025,11:07:39,3874.95,0,0,0,0,0,0
POWENE.BSE_IDX,01/07/2025,11:07:46,3874.73,0,0,0,0,0,0
POWENE.BSE_IDX,01/07/2025,11:07:55,3875.38,0,0,0,0,0,0
POWENE.BSE_IDX,01/07/2025,11:08:02,3875.46,0,0,0,0,0,0
POWENE.BSE_IDX,01/07/2025,11:08:11,3875.44,0,0,0,0,0,0
POWENE.BSE_IDX,01/07/2025,11:08:18,3875.9,0,0,0,0,0,0
POWENE.BSE_IDX,01/07/2025,11:08:27,3876.21,0,0,0,0,0,0
POWENE.BSE_IDX,01/07/2025,11:08:35,3875.98,0,0,0,0,0,0
POWENE.BSE_IDX,01/07/2025,11:08:43,3875.83,0,0,0,0,0,0
POWENE.BSE_IDX,01/07/2025,11:08:51,3875.73,0,0,0,0,0,0
POWENE.BSE_IDX,01/07/2025,11:08:58,3875.86,0,0,0,0,0,0
POWENE.BSE_IDX,01/07/2025,11:09:07,3875.73,0,0,0,0,0,0
POWENE.BSE_IDX,01/07/2025,11:09:15,3875.61,0,0,0,0,0,0
POWENE.BSE_IDX,01/07/2025,11:09:23,3875.64,0,0,0,0,0,0
POWENE.BSE_IDX,01/07/2025,11:09:31,3875.44,0,0,0,0,0,0
POWENE.BSE_IDX,01/07/2025,11:09:39,3875.06,0,0,0,0,0,0
POWENE.BSE_IDX,01/07/2025,11:09:47,3875.3,0,0,0,0,0,0
POWENE.BSE_IDX,01/07/2025,11:09:55,3874.89,0,0,0,0,0,0
POWENE.BSE_IDX,01/07/2025,11:10:03,3874.82,0,0,0,0,0,0
POWENE.BSE_IDX,01/07/2025,11:10:11,3875.34,0,0,0,0,0,0
POWENE.BSE_IDX,01/07/2025,11:10:19,3875.39,0,0,0,0,0,0
POWENE.BSE_IDX,01/07/2025,11:10:27,3875.43,0,0,0,0,0,0
POWENE.BSE_IDX,01/07/2025,11:10:35,3875.69,0,0,0,0,0,0
POWENE.BSE_IDX,01/07/2025,11:10:43,3875.68,0,0,0,0,0,0
POWENE.BSE_IDX,01/07/2025,11:10:51,3876.25,0,0,0,0,0,0
POWENE.BSE_IDX,01/07/2025,11:10:59,3876.33,0,0,0,0,0,0
POWENE.BSE_IDX,01/07/2025,11:11:07,3876.45,0,0,0,0,0,0
POWENE.BSE_IDX,01/07/2025,11:11:15,3876.26,0,0,0,0,0,0
POWENE.BSE_IDX,01/07/2025,11:11:23,3876.02,0,0,0,0,0,0
POWENE.BSE_IDX,01/07/2025,11:11:31,3876.05,0,0,0,0,0,0
POWENE.BSE_IDX,01/07/2025,11:11:39,3876.06,0,0,0,0,0,0
POWENE.BSE_IDX,01/07/2025,11:11:47,3875.48,0,0,0,0,0,0
POWENE.BSE_IDX,01/07/2025,11:11:55,3875.41,0,0,0,0,0,0
POWENE.BSE_IDX,01/07/2025,11:12:03,3875.33,0,0,0,0,0,0
POWENE.BSE_IDX,01/07/2025,11:12:11,3875.92,0,0,0,0,0,0
POWENE.BSE_IDX,01/07/2025,11:12:19,3875.91,0,0,0,0,0,0
POWENE.BSE_IDX,01/07/2025,11:12:27,3875.76,0,0,0,0,0,0
POWENE.BSE_IDX,01/07/2025,11:12:35,3875.94,0,0,0,0,0,0
POWENE.BSE_IDX,01/07/2025,11:12:43,3875.51,0,0,0,0,0,0
POWENE.BSE_IDX,01/07/2025,11:12:51,3875.79,0,0,0,0,0,0
POWENE.BSE_IDX,01/07/2025,11:12:59,3875.7,0,0,0,0,0,0
POWENE.BSE_IDX,01/07/2025,11:13:07,3875.69,0,0,0,0,0,0
POWENE.BSE_IDX,01/07/2025,11:13:16,3875.37,0,0,0,0,0,0
POWENE.BSE_IDX,01/07/2025,11:13:23,3875.43,0,0,0,0,0,0
POWENE.BSE_IDX,01/07/2025,11:13:31,3875.66,0,0,0,0,0,0
POWENE.BSE_IDX,01/07/2025,11:13:39,3875.71,0,0,0,0,0,0
POWENE.BSE_IDX,01/07/2025,11:13:47,3875.78,0,0,0,0,0,0
POWENE.BSE_IDX,01/07/2025,11:13:55,3876.37,0,0,0,0,0,0
POWENE.BSE_IDX,01/07/2025,11:14:03,3876.75,0,0,0,0,0,0
POWENE.BSE_IDX,01/07/2025,11:14:11,3877.22,0,0,0,0,0,0
POWENE.BSE_IDX,01/07/2025,11:14:19,3877.17,0,0,0,0,0,0
POWENE.BSE_IDX,01/07/2025,11:14:27,3877.85,0,0,0,0,0,0
POWENE.BSE_IDX,01/07/2025,11:14:35,3878.25,0,0,0,0,0,0
POWENE.BSE_IDX,01/07/2025,11:14:43,3877.87,0,0,0,0,0,0
POWENE.BSE_IDX,01/07/2025,11:14:51,3877.96,0,0,0,0,0,0
POWENE.BSE_IDX,01/07/2025,11:14:59,3877.74,0,0,0,0,0,0
POWENE.BSE_IDX,01/07/2025,11:15:07,3878.2,0,0,0,0,0,0
POWENE.BSE_IDX,01/07/2025,11:15:15,3878.27,0,0,0,0,0,0
POWENE.BSE_IDX,01/07/2025,11:15:23,3878.02,0,0,0,0,0,0
POWENE.BSE_IDX,01/07/2025,11:15:31,3877.79,0,0,0,0,0,0
POWENE.BSE_IDX,01/07/2025,11:15:39,3878.1,0,0,0,0,0,0
POWENE.BSE_IDX,01/07/2025,11:15:47,3878.58,0,0,0,0,0,0
POWENE.BSE_IDX,01/07/2025,11:15:56,3878.82,0,0,0,0,0,0
POWENE.BSE_IDX,01/07/2025,11:16:03,3878.76,0,0,0,0,0,0
POWENE.BSE_IDX,01/07/2025,11:16:11,3878.53,0,0,0,0,0,0
POWENE.BSE_IDX,01/07/2025,11:16:19,3878.55,0,0,0,0,0,0
POWENE.BSE_IDX,01/07/2025,11:16:27,3877.93,0,0,0,0,0,0
POWENE.BSE_IDX,01/07/2025,11:16:35,3878.14,0,0,0,0,0,0
POWENE.BSE_IDX,01/07/2025,11:16:43,3877.66,0,0,0,0,0,0
POWENE.BSE_IDX,01/07/2025,11:16:51,3877.72,0,0,0,0,0,0
POWENE.BSE_IDX,01/07/2025,11:16:59,3877.28,0,0,0,0,0,0
POWENE.BSE_IDX,01/07/2025,11:17:07,3877.62,0,0,0,0,0,0
POWENE.BSE_IDX,01/07/2025,11:17:15,3877.96,0,0,0,0,0,0
POWENE.BSE_IDX,01/07/2025,11:17:23,3877.75,0,0,0,0,0,0
POWENE.BSE_IDX,01/07/2025,11:17:31,3877.92,0,0,0,0,0,0
POWENE.BSE_IDX,01/07/2025,11:17:39,3878.13,0,0,0,0,0,0
POWENE.BSE_IDX,01/07/2025,11:17:47,3878.9,0,0,0,0,0,0
POWENE.BSE_IDX,01/07/2025,11:17:57,3878.98,0,0,0,0,0,0
POWENE.BSE_IDX,01/07/2025,11:18:03,3878.75,0,0,0,0,0,0
POWENE.BSE_IDX,01/07/2025,11:18:11,3878.66,0,0,0,0,0,0
POWENE.BSE_IDX,01/07/2025,11:18:19,3878.96,0,0,0,0,0,0
POWENE.BSE_IDX,01/07/2025,11:18:27,3879.12,0,0,0,0,0,0
POWENE.BSE_IDX,01/07/2025,11:18:35,3879.01,0,0,0,0,0,0
POWENE.BSE_IDX,01/07/2025,11:18:44,3878.81,0,0,0,0,0,0
POWENE.BSE_IDX,01/07/2025,11:18:51,3879.12,0,0,0,0,0,0
POWENE.BSE_IDX,01/07/2025,11:18:59,3878.72,0,0,0,0,0,0
POWENE.BSE_IDX,01/07/2025,11:19:08,3878.32,0,0,0,0,0,0
POWENE.BSE_IDX,01/07/2025,11:19:15,3878.54,0,0,0,0,0,0
POWENE.BSE_IDX,01/07/2025,11:19:23,3878.83,0,0,0,0,0,0
POWENE.BSE_IDX,01/07/2025,11:19:31,3878.18,0,0,0,0,0,0
POWENE.BSE_IDX,01/07/2025,11:19:39,3878.19,0,0,0,0,0,0
POWENE.BSE_IDX,01/07/2025,11:19:47,3877.64,0,0,0,0,0,0
POWENE.BSE_IDX,01/07/2025,11:19:55,3876.93,0,0,0,0,0,0
POWENE.BSE_IDX,01/07/2025,11:20:03,3877.38,0,0,0,0,0,0
POWENE.BSE_IDX,01/07/2025,11:20:11,3877.55,0,0,0,0,0,0
POWENE.BSE_IDX,01/07/2025,11:20:19,3877.44,0,0,0,0,0,0
POWENE.BSE_IDX,01/07/2025,11:20:27,3877.56,0,0,0,0,0,0
POWENE.BSE_IDX,01/07/2025,11:20:35,3877.63,0,0,0,0,0,0
POWENE.BSE_IDX,01/07/2025,11:20:43,3877.84,0,0,0,0,0,0
POWENE.BSE_IDX,01/07/2025,11:20:51,3877.9,0,0,0,0,0,0
POWENE.BSE_IDX,01/07/2025,11:20:59,3878.11,0,0,0,0,0,0
POWENE.BSE_IDX,01/07/2025,11:21:07,3878.21,0,0,0,0,0,0
POWENE.BSE_IDX,01/07/2025,11:21:15,3878.53,0,0,0,0,0,0
POWENE.BSE_IDX,01/07/2025,11:21:24,3878.98,0,0,0,0,0,0
POWENE.BSE_IDX,01/07/2025,11:21:31,3878.7,0,0,0,0,0,0
POWENE.BSE_IDX,01/07/2025,11:21:39,3877.54,0,0,0,0,0,0
POWENE.BSE_IDX,01/07/2025,11:21:47,3877.96,0,0,0,0,0,0
POWENE.BSE_IDX,01/07/2025,11:21:56,3878.42,0,0,0,0,0,0
POWENE.BSE_IDX,01/07/2025,11:22:03,3878.73,0,0,0,0,0,0
POWENE.BSE_IDX,01/07/2025,11:22:11,3878.61,0,0,0,0,0,0
POWENE.BSE_IDX,01/07/2025,11:22:19,3878.6,0,0,0,0,0,0
POWENE.BSE_IDX,01/07/2025,11:22:28,3878.95,0,0,0,0,0,0
POWENE.BSE_IDX,01/07/2025,11:22:35,3878.5,0,0,0,0,0,0
POWENE.BSE_IDX,01/07/2025,11:22:43,3878.55,0,0,0,0,0,0
POWENE.BSE_IDX,01/07/2025,11:22:51,3878.3,0,0,0,0,0,0
POWENE.BSE_IDX,01/07/2025,11:22:59,3878.47,0,0,0,0,0,0
POWENE.BSE_IDX,01/07/2025,11:23:07,3878.48,0,0,0,0,0,0
POWENE.BSE_IDX,01/07/2025,11:23:15,3878.29,0,0,0,0,0,0
POWENE.BSE_IDX,01/07/2025,11:23:23,3878.33,0,0,0,0,0,0
POWENE.BSE_IDX,01/07/2025,11:23:31,3877.66,0,0,0,0,0,0
POWENE.BSE_IDX,01/07/2025,11:23:39,3877.74,0,0,0,0,0,0
POWENE.BSE_IDX,01/07/2025,11:23:47,3878.17,0,0,0,0,0,0
POWENE.BSE_IDX,01/07/2025,11:23:55,3878.43,0,0,0,0,0,0
POWENE.BSE_IDX,01/07/2025,11:24:04,3877.76,0,0,0,0,0,0
POWENE.BSE_IDX,01/07/2025,11:24:11,3878.11,0,0,0,0,0,0
POWENE.BSE_IDX,01/07/2025,11:24:19,3878.42,0,0,0,0,0,0
POWENE.BSE_IDX,01/07/2025,11:24:27,3878.47,0,0,0,0,0,0
POWENE.BSE_IDX,01/07/2025,11:24:35,3878.24,0,0,0,0,0,0
POWENE.BSE_IDX,01/07/2025,11:24:43,3877.97,0,0,0,0,0,0
POWENE.BSE_IDX,01/07/2025,11:24:52,3878.13,0,0,0,0,0,0
POWENE.BSE_IDX,01/07/2025,11:25:00,3878.52,0,0,0,0,0,0
POWENE.BSE_IDX,01/07/2025,11:25:07,3878.32,0,0,0,0,0,0
POWENE.BSE_IDX,01/07/2025,11:25:15,3878.37,0,0,0,0,0,0
POWENE.BSE_IDX,01/07/2025,11:25:23,3878.18,0,0,0,0,0,0
POWENE.BSE_IDX,01/07/2025,11:25:31,3878.11,0,0,0,0,0,0
POWENE.BSE_IDX,01/07/2025,11:25:41,3877.77,0,0,0,0,0,0
POWENE.BSE_IDX,01/07/2025,11:25:47,3877.65,0,0,0,0,0,0
POWENE.BSE_IDX,01/07/2025,11:25:55,3877.16,0,0,0,0,0,0
POWENE.BSE_IDX,01/07/2025,11:26:03,3877.82,0,0,0,0,0,0
POWENE.BSE_IDX,01/07/2025,11:26:11,3877.76,0,0,0,0,0,0
POWENE.BSE_IDX,01/07/2025,11:26:19,3877.69,0,0,0,0,0,0
POWENE.BSE_IDX,01/07/2025,11:26:27,3877.78,0,0,0,0,0,0
POWENE.BSE_IDX,01/07/2025,11:26:35,3878.33,0,0,0,0,0,0
POWENE.BSE_IDX,01/07/2025,11:26:43,3878.2,0,0,0,0,0,0
POWENE.BSE_IDX,01/07/2025,11:26:51,3877.8,0,0,0,0,0,0
POWENE.BSE_IDX,01/07/2025,11:26:59,3878.39,0,0,0,0,0,0
POWENE.BSE_IDX,01/07/2025,11:27:07,3878.61,0,0,0,0,0,0
POWENE.BSE_IDX,01/07/2025,11:27:15,3878.92,0,0,0,0,0,0
POWENE.BSE_IDX,01/07/2025,11:27:23,3878.53,0,0,0,0,0,0
POWENE.BSE_IDX,01/07/2025,11:27:31,3878.73,0,0,0,0,0,0
POWENE.BSE_IDX,01/07/2025,11:27:39,3878.8,0,0,0,0,0,0
POWENE.BSE_IDX,01/07/2025,11:27:47,3878.64,0,0,0,0,0,0
POWENE.BSE_IDX,01/07/2025,11:27:55,3878.42,0,0,0,0,0,0
POWENE.BSE_IDX,01/07/2025,11:28:03,3878.49,0,0,0,0,0,0
POWENE.BSE_IDX,01/07/2025,11:28:11,3878.86,0,0,0,0,0,0
POWENE.BSE_IDX,01/07/2025,11:28:19,3878.48,0,0,0,0,0,0
POWENE.BSE_IDX,01/07/2025,11:28:27,3878.43,0,0,0,0,0,0
POWENE.BSE_IDX,01/07/2025,11:28:36,3878.93,0,0,0,0,0,0
POWENE.BSE_IDX,01/07/2025,11:28:43,3878.3,0,0,0,0,0,0
POWENE.BSE_IDX,01/07/2025,11:28:51,3878.46,0,0,0,0,0,0
POWENE.BSE_IDX,01/07/2025,11:28:59,3878.4,0,0,0,0,0,0
POWENE.BSE_IDX,01/07/2025,11:29:07,3878.48,0,0,0,0,0,0
POWENE.BSE_IDX,01/07/2025,11:29:16,3878.29,0,0,0,0,0,0
POWENE.BSE_IDX,01/07/2025,11:29:24,3877.81,0,0,0,0,0,0
POWENE.BSE_IDX,01/07/2025,11:29:31,3877.79,0,0,0,0,0,0
POWENE.BSE_IDX,01/07/2025,11:29:39,3877.77,0,0,0,0,0,0
POWENE.BSE_IDX,01/07/2025,11:29:47,3878.19,0,0,0,0,0,0
POWENE.BSE_IDX,01/07/2025,11:29:55,3877.93,0,0,0,0,0,0
POWENE.BSE_IDX,01/07/2025,11:30:03,3878.1,0,0,0,0,0,0
POWENE.BSE_IDX,01/07/2025,11:30:11,3877.61,0,0,0,0,0,0
POWENE.BSE_IDX,01/07/2025,11:30:19,3877.26,0,0,0,0,0,0
POWENE.BSE_IDX,01/07/2025,11:30:27,3877.51,0,0,0,0,0,0
POWENE.BSE_IDX,01/07/2025,11:30:35,3877.29,0,0,0,0,0,0
POWENE.BSE_IDX,01/07/2025,11:30:43,3877.74,0,0,0,0,0,0
POWENE.BSE_IDX,01/07/2025,11:30:52,3877.63,0,0,0,0,0,0
POWENE.BSE_IDX,01/07/2025,11:30:59,3876.98,0,0,0,0,0,0
POWENE.BSE_IDX,01/07/2025,11:31:07,3876.95,0,0,0,0,0,0
POWENE.BSE_IDX,01/07/2025,11:31:16,3876.18,0,0,0,0,0,0
POWENE.BSE_IDX,01/07/2025,11:31:23,3875.77,0,0,0,0,0,0
POWENE.BSE_IDX,01/07/2025,11:31:31,3876.2,0,0,0,0,0,0
POWENE.BSE_IDX,01/07/2025,11:31:39,3876.13,0,0,0,0,0,0
POWENE.BSE_IDX,01/07/2025,11:31:47,3876,0,0,0,0,0,0
POWENE.BSE_IDX,01/07/2025,11:31:55,3875.69,0,0,0,0,0,0
POWENE.BSE_IDX,01/07/2025,11:32:04,3876.04,0,0,0,0,0,0
POWENE.BSE_IDX,01/07/2025,11:32:11,3875.74,0,0,0,0,0,0
POWENE.BSE_IDX,01/07/2025,11:32:19,3875.42,0,0,0,0,0,0
POWENE.BSE_IDX,01/07/2025,11:32:27,3875.28,0,0,0,0,0,0
POWENE.BSE_IDX,01/07/2025,11:32:35,3875.56,0,0,0,0,0,0
POWENE.BSE_IDX,01/07/2025,11:32:43,3875.27,0,0,0,0,0,0
POWENE.BSE_IDX,01/07/2025,11:32:51,3874.9,0,0,0,0,0,0
POWENE.BSE_IDX,01/07/2025,11:32:59,3875.07,0,0,0,0,0,0
POWENE.BSE_IDX,01/07/2025,11:33:07,3874.42,0,0,0,0,0,0
POWENE.BSE_IDX,01/07/2025,11:33:15,3874.36,0,0,0,0,0,0
POWENE.BSE_IDX,01/07/2025,11:33:23,3874.31,0,0,0,0,0,0
POWENE.BSE_IDX,01/07/2025,11:33:31,3874.15,0,0,0,0,0,0
POWENE.BSE_IDX,01/07/2025,11:33:39,3874.39,0,0,0,0,0,0
POWENE.BSE_IDX,01/07/2025,11:33:47,3874.5,0,0,0,0,0,0
POWENE.BSE_IDX,01/07/2025,11:33:55,3874.81,0,0,0,0,0,0
POWENE.BSE_IDX,01/07/2025,11:34:03,3874.78,0,0,0,0,0,0
POWENE.BSE_IDX,01/07/2025,11:34:12,3874.99,0,0,0,0,0,0
POWENE.BSE_IDX,01/07/2025,11:34:19,3875.15,0,0,0,0,0,0
POWENE.BSE_IDX,01/07/2025,11:34:27,3874.78,0,0,0,0,0,0
POWENE.BSE_IDX,01/07/2025,11:34:35,3874.74,0,0,0,0,0,0
POWENE.BSE_IDX,01/07/2025,11:34:43,3874.69,0,0,0,0,0,0
POWENE.BSE_IDX,01/07/2025,11:34:52,3874.84,0,0,0,0,0,0
POWENE.BSE_IDX,01/07/2025,11:35:00,3874.7,0,0,0,0,0,0
POWENE.BSE_IDX,01/07/2025,11:35:07,3874.74,0,0,0,0,0,0
POWENE.BSE_IDX,01/07/2025,11:35:16,3875.48,0,0,0,0,0,0
POWENE.BSE_IDX,01/07/2025,11:35:23,3875.21,0,0,0,0,0,0
POWENE.BSE_IDX,01/07/2025,11:35:32,3875.26,0,0,0,0,0,0
POWENE.BSE_IDX,01/07/2025,11:35:40,3875.37,0,0,0,0,0,0
POWENE.BSE_IDX,01/07/2025,11:35:47,3875.08,0,0,0,0,0,0
POWENE.BSE_IDX,01/07/2025,11:35:55,3875.12,0,0,0,0,0,0
POWENE.BSE_IDX,01/07/2025,11:36:04,3875.12,0,0,0,0,0,0
POWENE.BSE_IDX,01/07/2025,11:36:11,3875.41,0,0,0,0,0,0
POWENE.BSE_IDX,01/07/2025,11:36:20,3875.32,0,0,0,0,0,0
POWENE.BSE_IDX,01/07/2025,11:36:28,3875.45,0,0,0,0,0,0
POWENE.BSE_IDX,01/07/2025,11:36:35,3874.75,0,0,0,0,0,0
POWENE.BSE_IDX,01/07/2025,11:36:44,3874.83,0,0,0,0,0,0
POWENE.BSE_IDX,01/07/2025,11:36:54,3875,0,0,0,0,0,0
POWENE.BSE_IDX,01/07/2025,11:36:59,3875.24,0,0,0,0,0,0
POWENE.BSE_IDX,01/07/2025,11:37:08,3875.42,0,0,0,0,0,0
POWENE.BSE_IDX,01/07/2025,11:37:15,3875.34,0,0,0,0,0,0
POWENE.BSE_IDX,01/07/2025,11:37:23,3875.1,0,0,0,0,0,0
POWENE.BSE_IDX,01/07/2025,11:37:32,3875.41,0,0,0,0,0,0
POWENE.BSE_IDX,01/07/2025,11:37:41,3875,0,0,0,0,0,0
POWENE.BSE_IDX,01/07/2025,11:37:47,3875.05,0,0,0,0,0,0
POWENE.BSE_IDX,01/07/2025,11:37:55,3875.44,0,0,0,0,0,0
POWENE.BSE_IDX,01/07/2025,11:38:03,3874.9,0,0,0,0,0,0
POWENE.BSE_IDX,01/07/2025,11:38:11,3875.14,0,0,0,0,0,0
POWENE.BSE_IDX,01/07/2025,11:38:20,3874.8,0,0,0,0,0,0
POWENE.BSE_IDX,01/07/2025,11:38:27,3875.21,0,0,0,0,0,0
POWENE.BSE_IDX,01/07/2025,11:38:35,3875.62,0,0,0,0,0,0
POWENE.BSE_IDX,01/07/2025,11:38:43,3875.52,0,0,0,0,0,0
POWENE.BSE_IDX,01/07/2025,11:38:51,3875.4,0,0,0,0,0,0
POWENE.BSE_IDX,01/07/2025,11:38:59,3875.32,0,0,0,0,0,0
POWENE.BSE_IDX,01/07/2025,11:39:07,3875.61,0,0,0,0,0,0
POWENE.BSE_IDX,01/07/2025,11:39:16,3876.01,0,0,0,0,0,0
POWENE.BSE_IDX,01/07/2025,11:39:24,3876.15,0,0,0,0,0,0
POWENE.BSE_IDX,01/07/2025,11:39:31,3876.52,0,0,0,0,0,0
POWENE.BSE_IDX,01/07/2025,11:39:39,3875.71,0,0,0,0,0,0
POWENE.BSE_IDX,01/07/2025,11:39:48,3875.47,0,0,0,0,0,0
POWENE.BSE_IDX,01/07/2025,11:39:55,3875.28,0,0,0,0,0,0
POWENE.BSE_IDX,01/07/2025,11:40:03,3875.35,0,0,0,0,0,0
POWENE.BSE_IDX,01/07/2025,11:40:12,3874.66,0,0,0,0,0,0
POWENE.BSE_IDX,01/07/2025,11:40:20,3874.75,0,0,0,0,0,0
POWENE.BSE_IDX,01/07/2025,11:40:28,3874.88,0,0,0,0,0,0
POWENE.BSE_IDX,01/07/2025,11:40:36,3874.64,0,0,0,0,0,0
POWENE.BSE_IDX,01/07/2025,11:40:44,3874.47,0,0,0,0,0,0
POWENE.BSE_IDX,01/07/2025,11:40:52,3874.34,0,0,0,0,0,0
POWENE.BSE_IDX,01/07/2025,11:41:00,3874.98,0,0,0,0,0,0
POWENE.BSE_IDX,01/07/2025,11:41:07,3874.77,0,0,0,0,0,0
POWENE.BSE_IDX,01/07/2025,11:41:16,3874.18,0,0,0,0,0,0
POWENE.BSE_IDX,01/07/2025,11:41:24,3874.24,0,0,0,0,0,0
POWENE.BSE_IDX,01/07/2025,11:41:32,3874.31,0,0,0,0,0,0
POWENE.BSE_IDX,01/07/2025,11:41:40,3874.51,0,0,0,0,0,0
POWENE.BSE_IDX,01/07/2025,11:41:48,3874.74,0,0,0,0,0,0
POWENE.BSE_IDX,01/07/2025,11:41:56,3874.38,0,0,0,0,0,0
POWENE.BSE_IDX,01/07/2025,11:42:04,3874.58,0,0,0,0,0,0
POWENE.BSE_IDX,01/07/2025,11:42:12,3874.83,0,0,0,0,0,0
POWENE.BSE_IDX,01/07/2025,11:42:20,3875.29,0,0,0,0,0,0
POWENE.BSE_IDX,01/07/2025,11:42:28,3875.5,0,0,0,0,0,0
POWENE.BSE_IDX,01/07/2025,11:42:36,3875.72,0,0,0,0,0,0
POWENE.BSE_IDX,01/07/2025,11:42:44,3876.15,0,0,0,0,0,0
POWENE.BSE_IDX,01/07/2025,11:42:52,3875.97,0,0,0,0,0,0
POWENE.BSE_IDX,01/07/2025,11:43:00,3875.51,0,0,0,0,0,0
POWENE.BSE_IDX,01/07/2025,11:43:08,3875.72,0,0,0,0,0,0
POWENE.BSE_IDX,01/07/2025,11:43:16,3875.47,0,0,0,0,0,0
POWENE.BSE_IDX,01/07/2025,11:43:24,3875.1,0,0,0,0,0,0
POWENE.BSE_IDX,01/07/2025,11:43:32,3875.1,0,0,0,0,0,0
POWENE.BSE_IDX,01/07/2025,11:43:40,3874.64,0,0,0,0,0,0
POWENE.BSE_IDX,01/07/2025,11:43:48,3875.16,0,0,0,0,0,0
POWENE.BSE_IDX,01/07/2025,11:43:56,3874.67,0,0,0,0,0,0
POWENE.BSE_IDX,01/07/2025,11:44:04,3874.74,0,0,0,0,0,0
POWENE.BSE_IDX,01/07/2025,11:44:12,3874.69,0,0,0,0,0,0
POWENE.BSE_IDX,01/07/2025,11:44:20,3875.38,0,0,0,0,0,0
POWENE.BSE_IDX,01/07/2025,11:44:28,3874.96,0,0,0,0,0,0
POWENE.BSE_IDX,01/07/2025,11:44:36,3873.67,0,0,0,0,0,0
POWENE.BSE_IDX,01/07/2025,11:44:44,3873.81,0,0,0,0,0,0
POWENE.BSE_IDX,01/07/2025,11:44:52,3874.01,0,0,0,0,0,0
POWENE.BSE_IDX,01/07/2025,11:45:00,3873.75,0,0,0,0,0,0
POWENE.BSE_IDX,01/07/2025,11:45:08,3873.92,0,0,0,0,0,0
POWENE.BSE_IDX,01/07/2025,11:45:16,3873.41,0,0,0,0,0,0
POWENE.BSE_IDX,01/07/2025,11:45:24,3873.65,0,0,0,0,0,0
POWENE.BSE_IDX,01/07/2025,11:45:32,3873.73,0,0,0,0,0,0
POWENE.BSE_IDX,01/07/2025,11:45:40,3873.75,0,0,0,0,0,0
POWENE.BSE_IDX,01/07/2025,11:45:48,3873.39,0,0,0,0,0,0
POWENE.BSE_IDX,01/07/2025,11:45:56,3874.08,0,0,0,0,0,0
POWENE.BSE_IDX,01/07/2025,11:46:04,3874.3,0,0,0,0,0,0
POWENE.BSE_IDX,01/07/2025,11:46:12,3874.93,0,0,0,0,0,0
POWENE.BSE_IDX,01/07/2025,11:46:20,3874.86,0,0,0,0,0,0
POWENE.BSE_IDX,01/07/2025,11:46:28,3874.84,0,0,0,0,0,0
POWENE.BSE_IDX,01/07/2025,11:46:36,3874.52,0,0,0,0,0,0
POWENE.BSE_IDX,01/07/2025,11:46:44,3874,0,0,0,0,0,0
POWENE.BSE_IDX,01/07/2025,11:46:52,3873.93,0,0,0,0,0,0
POWENE.BSE_IDX,01/07/2025,11:47:00,3874.23,0,0,0,0,0,0
POWENE.BSE_IDX,01/07/2025,11:47:08,3873.93,0,0,0,0,0,0
POWENE.BSE_IDX,01/07/2025,11:47:16,3873.29,0,0,0,0,0,0
POWENE.BSE_IDX,01/07/2025,11:47:24,3873.61,0,0,0,0,0,0
POWENE.BSE_IDX,01/07/2025,11:47:32,3873.4,0,0,0,0,0,0
POWENE.BSE_IDX,01/07/2025,11:47:40,3873.69,0,0,0,0,0,0
POWENE.BSE_IDX,01/07/2025,11:47:48,3873.75,0,0,0,0,0,0
POWENE.BSE_IDX,01/07/2025,11:47:56,3873.4,0,0,0,0,0,0
POWENE.BSE_IDX,01/07/2025,11:48:04,3873.4,0,0,0,0,0,0
POWENE.BSE_IDX,01/07/2025,11:48:12,3873.52,0,0,0,0,0,0
POWENE.BSE_IDX,01/07/2025,11:48:20,3873.92,0,0,0,0,0,0
POWENE.BSE_IDX,01/07/2025,11:48:28,3873.96,0,0,0,0,0,0
POWENE.BSE_IDX,01/07/2025,11:48:36,3873.97,0,0,0,0,0,0
POWENE.BSE_IDX,01/07/2025,11:48:44,3874.03,0,0,0,0,0,0
POWENE.BSE_IDX,01/07/2025,11:48:52,3874.47,0,0,0,0,0,0
POWENE.BSE_IDX,01/07/2025,11:49:01,3874.51,0,0,0,0,0,0
POWENE.BSE_IDX,01/07/2025,11:49:09,3874.63,0,0,0,0,0,0
POWENE.BSE_IDX,01/07/2025,11:49:16,3874.59,0,0,0,0,0,0
POWENE.BSE_IDX,01/07/2025,11:49:24,3874.56,0,0,0,0,0,0
POWENE.BSE_IDX,01/07/2025,11:49:32,3874.59,0,0,0,0,0,0
POWENE.BSE_IDX,01/07/2025,11:49:40,3874.31,0,0,0,0,0,0
POWENE.BSE_IDX,01/07/2025,11:49:49,3873.95,0,0,0,0,0,0
POWENE.BSE_IDX,01/07/2025,11:49:56,3873.75,0,0,0,0,0,0
POWENE.BSE_IDX,01/07/2025,11:50:04,3874.28,0,0,0,0,0,0
POWENE.BSE_IDX,01/07/2025,11:50:12,3873.92,0,0,0,0,0,0
POWENE.BSE_IDX,01/07/2025,11:50:20,3873.88,0,0,0,0,0,0
POWENE.BSE_IDX,01/07/2025,11:50:28,3873.82,0,0,0,0,0,0
POWENE.BSE_IDX,01/07/2025,11:50:36,3873.95,0,0,0,0,0,0
POWENE.BSE_IDX,01/07/2025,11:50:44,3874.01,0,0,0,0,0,0
POWENE.BSE_IDX,01/07/2025,11:50:52,3873.98,0,0,0,0,0,0
POWENE.BSE_IDX,01/07/2025,11:51:00,3873.8,0,0,0,0,0,0
POWENE.BSE_IDX,01/07/2025,11:51:08,3873.83,0,0,0,0,0,0
POWENE.BSE_IDX,01/07/2025,11:51:16,3874.17,0,0,0,0,0,0
POWENE.BSE_IDX,01/07/2025,11:51:24,3873.61,0,0,0,0,0,0
POWENE.BSE_IDX,01/07/2025,11:51:32,3873.33,0,0,0,0,0,0
POWENE.BSE_IDX,01/07/2025,11:51:40,3873.45,0,0,0,0,0,0
POWENE.BSE_IDX,01/07/2025,11:51:48,3873.65,0,0,0,0,0,0
POWENE.BSE_IDX,01/07/2025,11:51:56,3873.62,0,0,0,0,0,0
POWENE.BSE_IDX,01/07/2025,11:52:04,3873.75,0,0,0,0,0,0
POWENE.BSE_IDX,01/07/2025,11:52:12,3873.38,0,0,0,0,0,0
POWENE.BSE_IDX,01/07/2025,11:52:20,3873.35,0,0,0,0,0,0
POWENE.BSE_IDX,01/07/2025,11:52:28,3873.51,0,0,0,0,0,0
POWENE.BSE_IDX,01/07/2025,11:52:36,3873.56,0,0,0,0,0,0
POWENE.BSE_IDX,01/07/2025,11:52:44,3872.73,0,0,0,0,0,0
POWENE.BSE_IDX,01/07/2025,11:52:52,3872.85,0,0,0,0,0,0
POWENE.BSE_IDX,01/07/2025,11:53:00,3872.31,0,0,0,0,0,0
POWENE.BSE_IDX,01/07/2025,11:53:08,3872,0,0,0,0,0,0
POWENE.BSE_IDX,01/07/2025,11:53:16,3871.51,0,0,0,0,0,0
POWENE.BSE_IDX,01/07/2025,11:53:24,3871.46,0,0,0,0,0,0
POWENE.BSE_IDX,01/07/2025,11:53:32,3871.25,0,0,0,0,0,0
POWENE.BSE_IDX,01/07/2025,11:53:40,3871.76,0,0,0,0,0,0
POWENE.BSE_IDX,01/07/2025,11:53:48,3871.94,0,0,0,0,0,0
POWENE.BSE_IDX,01/07/2025,11:53:56,3871.25,0,0,0,0,0,0
POWENE.BSE_IDX,01/07/2025,11:54:04,3870.83,0,0,0,0,0,0
POWENE.BSE_IDX,01/07/2025,11:54:12,3870.54,0,0,0,0,0,0
POWENE.BSE_IDX,01/07/2025,11:54:20,3870.28,0,0,0,0,0,0
POWENE.BSE_IDX,01/07/2025,11:54:28,3870.84,0,0,0,0,0,0
POWENE.BSE_IDX,01/07/2025,11:54:36,3870.82,0,0,0,0,0,0
POWENE.BSE_IDX,01/07/2025,11:54:44,3870.61,0,0,0,0,0,0
POWENE.BSE_IDX,01/07/2025,11:54:52,3870.8,0,0,0,0,0,0
POWENE.BSE_IDX,01/07/2025,11:55:00,3870.52,0,0,0,0,0,0
POWENE.BSE_IDX,01/07/2025,11:55:08,3870.54,0,0,0,0,0,0
POWENE.BSE_IDX,01/07/2025,11:55:17,3870.5,0,0,0,0,0,0
POWENE.BSE_IDX,01/07/2025,11:55:24,3870.67,0,0,0,0,0,0
POWENE.BSE_IDX,01/07/2025,11:55:32,3870.79,0,0,0,0,0,0
POWENE.BSE_IDX,01/07/2025,11:55:40,3871.17,0,0,0,0,0,0
POWENE.BSE_IDX,01/07/2025,11:55:48,3870.38,0,0,0,0,0,0
POWENE.BSE_IDX,01/07/2025,11:55:56,3870.73,0,0,0,0,0,0
POWENE.BSE_IDX,01/07/2025,11:56:05,3870.91,0,0,0,0,0,0
POWENE.BSE_IDX,01/07/2025,11:56:12,3870.7,0,0,0,0,0,0
POWENE.BSE_IDX,01/07/2025,11:56:20,3870.13,0,0,0,0,0,0
POWENE.BSE_IDX,01/07/2025,11:56:28,3869.59,0,0,0,0,0,0
POWENE.BSE_IDX,01/07/2025,11:56:36,3869.99,0,0,0,0,0,0
POWENE.BSE_IDX,01/07/2025,11:56:44,3869.99,0,0,0,0,0,0
POWENE.BSE_IDX,01/07/2025,11:56:52,3869.55,0,0,0,0,0,0
POWENE.BSE_IDX,01/07/2025,11:57:00,3869.74,0,0,0,0,0,0
POWENE.BSE_IDX,01/07/2025,11:57:08,3869.7,0,0,0,0,0,0
POWENE.BSE_IDX,01/07/2025,11:57:16,3869.9,0,0,0,0,0,0
POWENE.BSE_IDX,01/07/2025,11:57:24,3869.95,0,0,0,0,0,0
POWENE.BSE_IDX,01/07/2025,11:57:32,3869.85,0,0,0,0,0,0
POWENE.BSE_IDX,01/07/2025,11:57:40,3869.57,0,0,0,0,0,0
POWENE.BSE_IDX,01/07/2025,11:57:48,3869.46,0,0,0,0,0,0
POWENE.BSE_IDX,01/07/2025,11:57:56,3869.82,0,0,0,0,0,0
POWENE.BSE_IDX,01/07/2025,11:58:04,3869.46,0,0,0,0,0,0
POWENE.BSE_IDX,01/07/2025,11:58:12,3869.36,0,0,0,0,0,0
POWENE.BSE_IDX,01/07/2025,11:58:20,3869.44,0,0,0,0,0,0
POWENE.BSE_IDX,01/07/2025,11:58:28,3868.89,0,0,0,0,0,0
POWENE.BSE_IDX,01/07/2025,11:58:36,3869.2,0,0,0,0,0,0
POWENE.BSE_IDX,01/07/2025,11:58:44,3869.62,0,0,0,0,0,0
POWENE.BSE_IDX,01/07/2025,11:58:52,3869.57,0,0,0,0,0,0
POWENE.BSE_IDX,01/07/2025,11:59:00,3869.38,0,0,0,0,0,0
POWENE.BSE_IDX,01/07/2025,11:59:08,3869.47,0,0,0,0,0,0
POWENE.BSE_IDX,01/07/2025,11:59:16,3868.89,0,0,0,0,0,0
POWENE.BSE_IDX,01/07/2025,11:59:24,3869.18,0,0,0,0,0,0
POWENE.BSE_IDX,01/07/2025,11:59:32,3869.58,0,0,0,0,0,0
POWENE.BSE_IDX,01/07/2025,11:59:40,3869.54,0,0,0,0,0,0
POWENE.BSE_IDX,01/07/2025,11:59:48,3869.81,0,0,0,0,0,0
POWENE.BSE_IDX,01/07/2025,11:59:56,3869.79,0,0,0,0,0,0
POWENE.BSE_IDX,01/07/2025,12:00:05,3869.99,0,0,0,0,0,0
POWENE.BSE_IDX,01/07/2025,12:00:12,3870.01,0,0,0,0,0,0
POWENE.BSE_IDX,01/07/2025,12:00:20,3869.37,0,0,0,0,0,0
POWENE.BSE_IDX,01/07/2025,12:00:28,3868.74,0,0,0,0,0,0
POWENE.BSE_IDX,01/07/2025,12:00:37,3868.47,0,0,0,0,0,0
POWENE.BSE_IDX,01/07/2025,12:00:44,3868.26,0,0,0,0,0,0
POWENE.BSE_IDX,01/07/2025,12:00:52,3868.18,0,0,0,0,0,0
POWENE.BSE_IDX,01/07/2025,12:01:00,3867.79,0,0,0,0,0,0
POWENE.BSE_IDX,01/07/2025,12:01:08,3867.6,0,0,0,0,0,0
POWENE.BSE_IDX,01/07/2025,12:01:16,3867.97,0,0,0,0,0,0
POWENE.BSE_IDX,01/07/2025,12:01:24,3867.91,0,0,0,0,0,0
POWENE.BSE_IDX,01/07/2025,12:01:32,3868.01,0,0,0,0,0,0
POWENE.BSE_IDX,01/07/2025,12:01:40,3867.86,0,0,0,0,0,0
POWENE.BSE_IDX,01/07/2025,12:01:48,3867.48,0,0,0,0,0,0
POWENE.BSE_IDX,01/07/2025,12:01:57,3867.5,0,0,0,0,0,0
POWENE.BSE_IDX,01/07/2025,12:02:04,3867.47,0,0,0,0,0,0
POWENE.BSE_IDX,01/07/2025,12:02:12,3867.95,0,0,0,0,0,0
POWENE.BSE_IDX,01/07/2025,12:02:20,3867.84,0,0,0,0,0,0
POWENE.BSE_IDX,01/07/2025,12:02:28,3867.08,0,0,0,0,0,0
POWENE.BSE_IDX,01/07/2025,12:02:36,3867.54,0,0,0,0,0,0
POWENE.BSE_IDX,01/07/2025,12:02:44,3867.93,0,0,0,0,0,0
POWENE.BSE_IDX,01/07/2025,12:02:52,3868.01,0,0,0,0,0,0
POWENE.BSE_IDX,01/07/2025,12:03:00,3867.25,0,0,0,0,0,0
POWENE.BSE_IDX,01/07/2025,12:03:08,3866.99,0,0,0,0,0,0
POWENE.BSE_IDX,01/07/2025,12:03:17,3866.8,0,0,0,0,0,0
POWENE.BSE_IDX,01/07/2025,12:03:24,3867.06,0,0,0,0,0,0
POWENE.BSE_IDX,01/07/2025,12:03:32,3867.57,0,0,0,0,0,0
POWENE.BSE_IDX,01/07/2025,12:03:40,3867.61,0,0,0,0,0,0
POWENE.BSE_IDX,01/07/2025,12:03:48,3867.65,0,0,0,0,0,0
POWENE.BSE_IDX,01/07/2025,12:03:56,3867.44,0,0,0,0,0,0
POWENE.BSE_IDX,01/07/2025,12:04:04,3867.84,0,0,0,0,0,0
POWENE.BSE_IDX,01/07/2025,12:04:12,3867.58,0,0,0,0,0,0
POWENE.BSE_IDX,01/07/2025,12:04:20,3867.63,0,0,0,0,0,0
POWENE.BSE_IDX,01/07/2025,12:04:28,3868.03,0,0,0,0,0,0
POWENE.BSE_IDX,01/07/2025,12:04:36,3868.17,0,0,0,0,0,0
POWENE.BSE_IDX,01/07/2025,12:04:44,3868.12,0,0,0,0,0,0
POWENE.BSE_IDX,01/07/2025,12:04:52,3868.09,0,0,0,0,0,0
POWENE.BSE_IDX,01/07/2025,12:05:01,3868.2,0,0,0,0,0,0
POWENE.BSE_IDX,01/07/2025,12:05:08,3867.8,0,0,0,0,0,0
POWENE.BSE_IDX,01/07/2025,12:05:16,3867.84,0,0,0,0,0,0
POWENE.BSE_IDX,01/07/2025,12:05:24,3867.57,0,0,0,0,0,0
POWENE.BSE_IDX,01/07/2025,12:05:32,3867.16,0,0,0,0,0,0
POWENE.BSE_IDX,01/07/2025,12:05:40,3867.46,0,0,0,0,0,0
POWENE.BSE_IDX,01/07/2025,12:05:48,3867.43,0,0,0,0,0,0
POWENE.BSE_IDX,01/07/2025,12:05:56,3867.69,0,0,0,0,0,0
POWENE.BSE_IDX,01/07/2025,12:06:04,3867.77,0,0,0,0,0,0
POWENE.BSE_IDX,01/07/2025,12:06:12,3867.76,0,0,0,0,0,0
POWENE.BSE_IDX,01/07/2025,12:06:20,3868.07,0,0,0,0,0,0
POWENE.BSE_IDX,01/07/2025,12:06:28,3867.74,0,0,0,0,0,0
POWENE.BSE_IDX,01/07/2025,12:06:36,3867.73,0,0,0,0,0,0
POWENE.BSE_IDX,01/07/2025,12:06:44,3867.58,0,0,0,0,0,0
POWENE.BSE_IDX,01/07/2025,12:06:53,3867.5,0,0,0,0,0,0
POWENE.BSE_IDX,01/07/2025,12:07:00,3867.68,0,0,0,0,0,0
POWENE.BSE_IDX,01/07/2025,12:07:08,3867.71,0,0,0,0,0,0
POWENE.BSE_IDX,01/07/2025,12:07:17,3867.96,0,0,0,0,0,0
POWENE.BSE_IDX,01/07/2025,12:07:24,3867.95,0,0,0,0,0,0
POWENE.BSE_IDX,01/07/2025,12:07:33,3867.29,0,0,0,0,0,0
POWENE.BSE_IDX,01/07/2025,12:07:40,3867.24,0,0,0,0,0,0
POWENE.BSE_IDX,01/07/2025,12:07:49,3867.95,0,0,0,0,0,0
POWENE.BSE_IDX,01/07/2025,12:07:57,3867.55,0,0,0,0,0,0
POWENE.BSE_IDX,01/07/2025,12:08:05,3867.68,0,0,0,0,0,0
POWENE.BSE_IDX,01/07/2025,12:08:13,3868.08,0,0,0,0,0,0
POWENE.BSE_IDX,01/07/2025,12:08:21,3867.77,0,0,0,0,0,0
POWENE.BSE_IDX,01/07/2025,12:08:28,3867.97,0,0,0,0,0,0
POWENE.BSE_IDX,01/07/2025,12:08:36,3868.12,0,0,0,0,0,0
POWENE.BSE_IDX,01/07/2025,12:08:45,3868.45,0,0,0,0,0,0
POWENE.BSE_IDX,01/07/2025,12:08:52,3869.25,0,0,0,0,0,0
POWENE.BSE_IDX,01/07/2025,12:09:00,3869.5,0,0,0,0,0,0
POWENE.BSE_IDX,01/07/2025,12:09:08,3870.25,0,0,0,0,0,0
POWENE.BSE_IDX,01/07/2025,12:09:16,3870.49,0,0,0,0,0,0
POWENE.BSE_IDX,01/07/2025,12:09:25,3870.69,0,0,0,0,0,0
POWENE.BSE_IDX,01/07/2025,12:09:32,3870.46,0,0,0,0,0,0
POWENE.BSE_IDX,01/07/2025,12:09:40,3871.39,0,0,0,0,0,0
POWENE.BSE_IDX,01/07/2025,12:09:48,3871.31,0,0,0,0,0,0
POWENE.BSE_IDX,01/07/2025,12:09:57,3871.22,0,0,0,0,0,0
POWENE.BSE_IDX,01/07/2025,12:10:05,3871.44,0,0,0,0,0,0
POWENE.BSE_IDX,01/07/2025,12:10:13,3871.08,0,0,0,0,0,0
POWENE.BSE_IDX,01/07/2025,12:10:22,3870.91,0,0,0,0,0,0
POWENE.BSE_IDX,01/07/2025,12:10:28,3870.9,0,0,0,0,0,0
POWENE.BSE_IDX,01/07/2025,12:10:36,3871.1,0,0,0,0,0,0
POWENE.BSE_IDX,01/07/2025,12:10:45,3871.23,0,0,0,0,0,0
POWENE.BSE_IDX,01/07/2025,12:10:52,3871.06,0,0,0,0,0,0
POWENE.BSE_IDX,01/07/2025,12:11:00,3870.99,0,0,0,0,0,0
POWENE.BSE_IDX,01/07/2025,12:11:08,3871.18,0,0,0,0,0,0
POWENE.BSE_IDX,01/07/2025,12:11:17,3870.72,0,0,0,0,0,0
POWENE.BSE_IDX,01/07/2025,12:11:24,3870.91,0,0,0,0,0,0
POWENE.BSE_IDX,01/07/2025,12:11:32,3871.29,0,0,0,0,0,0
POWENE.BSE_IDX,01/07/2025,12:11:41,3871.05,0,0,0,0,0,0
POWENE.BSE_IDX,01/07/2025,12:11:49,3871.28,0,0,0,0,0,0
POWENE.BSE_IDX,01/07/2025,12:11:57,3871.43,0,0,0,0,0,0
POWENE.BSE_IDX,01/07/2025,12:12:05,3871.68,0,0,0,0,0,0
POWENE.BSE_IDX,01/07/2025,12:12:13,3872.06,0,0,0,0,0,0
POWENE.BSE_IDX,01/07/2025,12:12:21,3872.09,0,0,0,0,0,0
POWENE.BSE_IDX,01/07/2025,12:12:29,3872,0,0,0,0,0,0
POWENE.BSE_IDX,01/07/2025,12:12:37,3871.99,0,0,0,0,0,0
POWENE.BSE_IDX,01/07/2025,12:12:45,3872,0,0,0,0,0,0
POWENE.BSE_IDX,01/07/2025,12:12:53,3871.93,0,0,0,0,0,0
POWENE.BSE_IDX,01/07/2025,12:13:01,3871.71,0,0,0,0,0,0
POWENE.BSE_IDX,01/07/2025,12:13:09,3871.9,0,0,0,0,0,0
POWENE.BSE_IDX,01/07/2025,12:13:17,3871.98,0,0,0,0,0,0
POWENE.BSE_IDX,01/07/2025,12:13:25,3871.95,0,0,0,0,0,0
POWENE.BSE_IDX,01/07/2025,12:13:33,3872.26,0,0,0,0,0,0
POWENE.BSE_IDX,01/07/2025,12:13:41,3872.05,0,0,0,0,0,0
POWENE.BSE_IDX,01/07/2025,12:13:49,3871.64,0,0,0,0,0,0
POWENE.BSE_IDX,01/07/2025,12:13:57,3871.64,0,0,0,0,0,0
POWENE.BSE_IDX,01/07/2025,12:14:05,3871.72,0,0,0,0,0,0
POWENE.BSE_IDX,01/07/2025,12:14:13,3871.51,0,0,0,0,0,0
POWENE.BSE_IDX,01/07/2025,12:14:21,3871.93,0,0,0,0,0,0
POWENE.BSE_IDX,01/07/2025,12:14:29,3871.62,0,0,0,0,0,0
POWENE.BSE_IDX,01/07/2025,12:14:37,3871.64,0,0,0,0,0,0
POWENE.BSE_IDX,01/07/2025,12:14:46,3871.72,0,0,0,0,0,0
POWENE.BSE_IDX,01/07/2025,12:14:54,3871.44,0,0,0,0,0,0
POWENE.BSE_IDX,01/07/2025,12:15:01,3871.2,0,0,0,0,0,0
POWENE.BSE_IDX,01/07/2025,12:15:09,3871.35,0,0,0,0,0,0
POWENE.BSE_IDX,01/07/2025,12:15:17,3871.57,0,0,0,0,0,0
POWENE.BSE_IDX,01/07/2025,12:15:25,3871.24,0,0,0,0,0,0
POWENE.BSE_IDX,01/07/2025,12:15:33,3870.71,0,0,0,0,0,0
POWENE.BSE_IDX,01/07/2025,12:15:41,3870.61,0,0,0,0,0,0
POWENE.BSE_IDX,01/07/2025,12:15:49,3870.7,0,0,0,0,0,0
POWENE.BSE_IDX,01/07/2025,12:15:57,3870.53,0,0,0,0,0,0
POWENE.BSE_IDX,01/07/2025,12:16:05,3870.52,0,0,0,0,0,0
POWENE.BSE_IDX,01/07/2025,12:16:13,3870.93,0,0,0,0,0,0
POWENE.BSE_IDX,01/07/2025,12:16:21,3871.49,0,0,0,0,0,0
POWENE.BSE_IDX,01/07/2025,12:16:29,3871.48,0,0,0,0,0,0
POWENE.BSE_IDX,01/07/2025,12:16:37,3871.57,0,0,0,0,0,0
POWENE.BSE_IDX,01/07/2025,12:16:45,3871.82,0,0,0,0,0,0
POWENE.BSE_IDX,01/07/2025,12:16:53,3871.47,0,0,0,0,0,0
POWENE.BSE_IDX,01/07/2025,12:17:01,3871.3,0,0,0,0,0,0
POWENE.BSE_IDX,01/07/2025,12:17:09,3871.45,0,0,0,0,0,0
POWENE.BSE_IDX,01/07/2025,12:17:17,3871.56,0,0,0,0,0,0
POWENE.BSE_IDX,01/07/2025,12:17:25,3870.68,0,0,0,0,0,0
POWENE.BSE_IDX,01/07/2025,12:17:33,3871.59,0,0,0,0,0,0
POWENE.BSE_IDX,01/07/2025,12:17:41,3871.42,0,0,0,0,0,0
POWENE.BSE_IDX,01/07/2025,12:17:49,3871.86,0,0,0,0,0,0
POWENE.BSE_IDX,01/07/2025,12:17:57,3871.91,0,0,0,0,0,0
POWENE.BSE_IDX,01/07/2025,12:18:05,3872,0,0,0,0,0,0
POWENE.BSE_IDX,01/07/2025,12:18:13,3872.19,0,0,0,0,0,0
POWENE.BSE_IDX,01/07/2025,12:18:21,3871.92,0,0,0,0,0,0
POWENE.BSE_IDX,01/07/2025,12:18:29,3872.04,0,0,0,0,0,0
POWENE.BSE_IDX,01/07/2025,12:18:37,3871.87,0,0,0,0,0,0
POWENE.BSE_IDX,01/07/2025,12:18:45,3871.97,0,0,0,0,0,0
POWENE.BSE_IDX,01/07/2025,12:18:53,3872.1,0,0,0,0,0,0
POWENE.BSE_IDX,01/07/2025,12:19:01,3872.66,0,0,0,0,0,0
POWENE.BSE_IDX,01/07/2025,12:19:09,3872.34,0,0,0,0,0,0
POWENE.BSE_IDX,01/07/2025,12:19:17,3872.56,0,0,0,0,0,0
POWENE.BSE_IDX,01/07/2025,12:19:25,3872.38,0,0,0,0,0,0
POWENE.BSE_IDX,01/07/2025,12:19:33,3873.11,0,0,0,0,0,0
POWENE.BSE_IDX,01/07/2025,12:19:41,3873.13,0,0,0,0,0,0
POWENE.BSE_IDX,01/07/2025,12:19:49,3873.34,0,0,0,0,0,0
POWENE.BSE_IDX,01/07/2025,12:19:57,3873.97,0,0,0,0,0,0
POWENE.BSE_IDX,01/07/2025,12:20:05,3873.71,0,0,0,0,0,0
POWENE.BSE_IDX,01/07/2025,12:20:13,3873.48,0,0,0,0,0,0
POWENE.BSE_IDX,01/07/2025,12:20:21,3873.82,0,0,0,0,0,0
POWENE.BSE_IDX,01/07/2025,12:20:29,3873.78,0,0,0,0,0,0
POWENE.BSE_IDX,01/07/2025,12:20:37,3873.67,0,0,0,0,0,0
POWENE.BSE_IDX,01/07/2025,12:20:45,3873.31,0,0,0,0,0,0
POWENE.BSE_IDX,01/07/2025,12:20:53,3873.74,0,0,0,0,0,0
POWENE.BSE_IDX,01/07/2025,12:21:01,3873.47,0,0,0,0,0,0
POWENE.BSE_IDX,01/07/2025,12:21:09,3873.33,0,0,0,0,0,0
POWENE.BSE_IDX,01/07/2025,12:21:17,3872.68,0,0,0,0,0,0
POWENE.BSE_IDX,01/07/2025,12:21:25,3873.08,0,0,0,0,0,0
POWENE.BSE_IDX,01/07/2025,12:21:33,3873.45,0,0,0,0,0,0
POWENE.BSE_IDX,01/07/2025,12:21:41,3874.2,0,0,0,0,0,0
POWENE.BSE_IDX,01/07/2025,12:21:49,3874.44,0,0,0,0,0,0
POWENE.BSE_IDX,01/07/2025,12:21:57,3875.1,0,0,0,0,0,0
POWENE.BSE_IDX,01/07/2025,12:22:05,3875.66,0,0,0,0,0,0
POWENE.BSE_IDX,01/07/2025,12:22:13,3875.38,0,0,0,0,0,0
POWENE.BSE_IDX,01/07/2025,12:22:21,3875.67,0,0,0,0,0,0
POWENE.BSE_IDX,01/07/2025,12:22:29,3875.52,0,0,0,0,0,0
POWENE.BSE_IDX,01/07/2025,12:22:37,3874.87,0,0,0,0,0,0
POWENE.BSE_IDX,01/07/2025,12:22:45,3875.42,0,0,0,0,0,0
POWENE.BSE_IDX,01/07/2025,12:22:53,3875.56,0,0,0,0,0,0
POWENE.BSE_IDX,01/07/2025,12:23:02,3875.45,0,0,0,0,0,0
POWENE.BSE_IDX,01/07/2025,12:23:09,3875.48,0,0,0,0,0,0
POWENE.BSE_IDX,01/07/2025,12:23:17,3875.5,0,0,0,0,0,0
POWENE.BSE_IDX,01/07/2025,12:23:25,3875.67,0,0,0,0,0,0
POWENE.BSE_IDX,01/07/2025,12:23:33,3875.52,0,0,0,0,0,0
POWENE.BSE_IDX,01/07/2025,12:23:41,3875.99,0,0,0,0,0,0
POWENE.BSE_IDX,01/07/2025,12:23:49,3876.47,0,0,0,0,0,0
POWENE.BSE_IDX,01/07/2025,12:23:57,3876.11,0,0,0,0,0,0
POWENE.BSE_IDX,01/07/2025,12:24:05,3876.11,0,0,0,0,0,0
POWENE.BSE_IDX,01/07/2025,12:24:13,3876.74,0,0,0,0,0,0
POWENE.BSE_IDX,01/07/2025,12:24:21,3876.93,0,0,0,0,0,0
POWENE.BSE_IDX,01/07/2025,12:24:29,3877.37,0,0,0,0,0,0
POWENE.BSE_IDX,01/07/2025,12:24:37,3876.97,0,0,0,0,0,0
POWENE.BSE_IDX,01/07/2025,12:24:45,3877.24,0,0,0,0,0,0
POWENE.BSE_IDX,01/07/2025,12:24:53,3876.96,0,0,0,0,0,0
POWENE.BSE_IDX,01/07/2025,12:25:01,3877.21,0,0,0,0,0,0
POWENE.BSE_IDX,01/07/2025,12:25:09,3877.57,0,0,0,0,0,0
POWENE.BSE_IDX,01/07/2025,12:25:17,3877.73,0,0,0,0,0,0
POWENE.BSE_IDX,01/07/2025,12:25:25,3877.92,0,0,0,0,0,0
POWENE.BSE_IDX,01/07/2025,12:25:33,3878.46,0,0,0,0,0,0
POWENE.BSE_IDX,01/07/2025,12:25:41,3878.39,0,0,0,0,0,0
POWENE.BSE_IDX,01/07/2025,12:25:49,3878.82,0,0,0,0,0,0
POWENE.BSE_IDX,01/07/2025,12:25:57,3878.77,0,0,0,0,0,0
POWENE.BSE_IDX,01/07/2025,12:26:05,3878.78,0,0,0,0,0,0
POWENE.BSE_IDX,01/07/2025,12:26:13,3879.12,0,0,0,0,0,0
POWENE.BSE_IDX,01/07/2025,12:26:21,3879.08,0,0,0,0,0,0
POWENE.BSE_IDX,01/07/2025,12:26:31,3879.27,0,0,0,0,0,0
POWENE.BSE_IDX,01/07/2025,12:26:37,3879.62,0,0,0,0,0,0
POWENE.BSE_IDX,01/07/2025,12:26:45,3879.66,0,0,0,0,0,0
POWENE.BSE_IDX,01/07/2025,12:26:53,3879.85,0,0,0,0,0,0
POWENE.BSE_IDX,01/07/2025,12:27:01,3879.5,0,0,0,0,0,0
POWENE.BSE_IDX,01/07/2025,12:27:09,3878.9,0,0,0,0,0,0
POWENE.BSE_IDX,01/07/2025,12:27:17,3879.4,0,0,0,0,0,0
POWENE.BSE_IDX,01/07/2025,12:27:25,3879.99,0,0,0,0,0,0
POWENE.BSE_IDX,01/07/2025,12:27:33,3880.16,0,0,0,0,0,0
POWENE.BSE_IDX,01/07/2025,12:27:41,3880.08,0,0,0,0,0,0
POWENE.BSE_IDX,01/07/2025,12:27:49,3879.77,0,0,0,0,0,0
POWENE.BSE_IDX,01/07/2025,12:27:57,3879.73,0,0,0,0,0,0
POWENE.BSE_IDX,01/07/2025,12:28:05,3879.79,0,0,0,0,0,0
POWENE.BSE_IDX,01/07/2025,12:28:13,3879.88,0,0,0,0,0,0
POWENE.BSE_IDX,01/07/2025,12:28:21,3879.5,0,0,0,0,0,0
POWENE.BSE_IDX,01/07/2025,12:28:29,3879.21,0,0,0,0,0,0
POWENE.BSE_IDX,01/07/2025,12:28:37,3879.15,0,0,0,0,0,0
POWENE.BSE_IDX,01/07/2025,12:28:45,3878.62,0,0,0,0,0,0
POWENE.BSE_IDX,01/07/2025,12:28:53,3878.22,0,0,0,0,0,0
POWENE.BSE_IDX,01/07/2025,12:29:01,3878.24,0,0,0,0,0,0
POWENE.BSE_IDX,01/07/2025,12:29:10,3878.21,0,0,0,0,0,0
POWENE.BSE_IDX,01/07/2025,12:29:18,3878.51,0,0,0,0,0,0
POWENE.BSE_IDX,01/07/2025,12:29:25,3878.84,0,0,0,0,0,0
POWENE.BSE_IDX,01/07/2025,12:29:33,3878.29,0,0,0,0,0,0
POWENE.BSE_IDX,01/07/2025,12:29:41,3877.71,0,0,0,0,0,0
POWENE.BSE_IDX,01/07/2025,12:29:49,3877.42,0,0,0,0,0,0
POWENE.BSE_IDX,01/07/2025,12:29:57,3877.87,0,0,0,0,0,0
POWENE.BSE_IDX,01/07/2025,12:30:05,3878.88,0,0,0,0,0,0
POWENE.BSE_IDX,01/07/2025,12:30:13,3879.43,0,0,0,0,0,0
POWENE.BSE_IDX,01/07/2025,12:30:22,3879.14,0,0,0,0,0,0
POWENE.BSE_IDX,01/07/2025,12:30:29,3879.19,0,0,0,0,0,0
POWENE.BSE_IDX,01/07/2025,12:30:37,3879.66,0,0,0,0,0,0
POWENE.BSE_IDX,01/07/2025,12:30:45,3879.74,0,0,0,0,0,0
POWENE.BSE_IDX,01/07/2025,12:30:53,3879.78,0,0,0,0,0,0
POWENE.BSE_IDX,01/07/2025,12:31:01,3879.67,0,0,0,0,0,0
POWENE.BSE_IDX,01/07/2025,12:31:09,3879.78,0,0,0,0,0,0
POWENE.BSE_IDX,01/07/2025,12:31:17,3880.34,0,0,0,0,0,0
POWENE.BSE_IDX,01/07/2025,12:31:25,3880.14,0,0,0,0,0,0
POWENE.BSE_IDX,01/07/2025,12:31:34,3879.93,0,0,0,0,0,0
POWENE.BSE_IDX,01/07/2025,12:31:41,3879.59,0,0,0,0,0,0
POWENE.BSE_IDX,01/07/2025,12:31:49,3879.12,0,0,0,0,0,0
POWENE.BSE_IDX,01/07/2025,12:31:57,3879.23,0,0,0,0,0,0
POWENE.BSE_IDX,01/07/2025,12:32:05,3879.67,0,0,0,0,0,0
POWENE.BSE_IDX,01/07/2025,12:32:13,3879.59,0,0,0,0,0,0
POWENE.BSE_IDX,01/07/2025,12:32:21,3879.75,0,0,0,0,0,0
POWENE.BSE_IDX,01/07/2025,12:32:29,3879.27,0,0,0,0,0,0
POWENE.BSE_IDX,01/07/2025,12:32:37,3879.01,0,0,0,0,0,0
POWENE.BSE_IDX,01/07/2025,12:32:45,3879.36,0,0,0,0,0,0
POWENE.BSE_IDX,01/07/2025,12:32:53,3879.22,0,0,0,0,0,0
POWENE.BSE_IDX,01/07/2025,12:33:01,3878.93,0,0,0,0,0,0
POWENE.BSE_IDX,01/07/2025,12:33:09,3879.06,0,0,0,0,0,0
POWENE.BSE_IDX,01/07/2025,12:33:17,3879.79,0,0,0,0,0,0
POWENE.BSE_IDX,01/07/2025,12:33:26,3879.34,0,0,0,0,0,0
POWENE.BSE_IDX,01/07/2025,12:33:33,3879.39,0,0,0,0,0,0
POWENE.BSE_IDX,01/07/2025,12:33:41,3879.31,0,0,0,0,0,0
POWENE.BSE_IDX,01/07/2025,12:33:49,3879.06,0,0,0,0,0,0
POWENE.BSE_IDX,01/07/2025,12:33:57,3879.01,0,0,0,0,0,0
POWENE.BSE_IDX,01/07/2025,12:34:05,3879.08,0,0,0,0,0,0
POWENE.BSE_IDX,01/07/2025,12:34:13,3879.38,0,0,0,0,0,0
POWENE.BSE_IDX,01/07/2025,12:34:21,3879.64,0,0,0,0,0,0
POWENE.BSE_IDX,01/07/2025,12:34:29,3879.53,0,0,0,0,0,0
POWENE.BSE_IDX,01/07/2025,12:34:37,3879.27,0,0,0,0,0,0
POWENE.BSE_IDX,01/07/2025,12:34:45,3879.39,0,0,0,0,0,0
POWENE.BSE_IDX,01/07/2025,12:34:53,3879.43,0,0,0,0,0,0
POWENE.BSE_IDX,01/07/2025,12:35:01,3879.57,0,0,0,0,0,0
POWENE.BSE_IDX,01/07/2025,12:35:09,3879.82,0,0,0,0,0,0
POWENE.BSE_IDX,01/07/2025,12:35:17,3879.95,0,0,0,0,0,0
POWENE.BSE_IDX,01/07/2025,12:35:25,3880.94,0,0,0,0,0,0
POWENE.BSE_IDX,01/07/2025,12:35:33,3880.83,0,0,0,0,0,0
POWENE.BSE_IDX,01/07/2025,12:35:41,3880.67,0,0,0,0,0,0
POWENE.BSE_IDX,01/07/2025,12:35:49,3881.12,0,0,0,0,0,0
POWENE.BSE_IDX,01/07/2025,12:35:57,3880.16,0,0,0,0,0,0
POWENE.BSE_IDX,01/07/2025,12:36:05,3880.68,0,0,0,0,0,0
POWENE.BSE_IDX,01/07/2025,12:36:13,3880.73,0,0,0,0,0,0
POWENE.BSE_IDX,01/07/2025,12:36:21,3880.59,0,0,0,0,0,0
POWENE.BSE_IDX,01/07/2025,12:36:29,3880.68,0,0,0,0,0,0
POWENE.BSE_IDX,01/07/2025,12:36:37,3880.63,0,0,0,0,0,0
POWENE.BSE_IDX,01/07/2025,12:36:45,3880.78,0,0,0,0,0,0
POWENE.BSE_IDX,01/07/2025,12:36:53,3881.23,0,0,0,0,0,0
POWENE.BSE_IDX,01/07/2025,12:37:01,3881.41,0,0,0,0,0,0
POWENE.BSE_IDX,01/07/2025,12:37:09,3881.65,0,0,0,0,0,0
POWENE.BSE_IDX,01/07/2025,12:37:17,3881.99,0,0,0,0,0,0
POWENE.BSE_IDX,01/07/2025,12:37:25,3881.71,0,0,0,0,0,0
POWENE.BSE_IDX,01/07/2025,12:37:33,3882.22,0,0,0,0,0,0
POWENE.BSE_IDX,01/07/2025,12:37:41,3882.13,0,0,0,0,0,0
POWENE.BSE_IDX,01/07/2025,12:37:49,3881.55,0,0,0,0,0,0
POWENE.BSE_IDX,01/07/2025,12:37:57,3881.06,0,0,0,0,0,0
POWENE.BSE_IDX,01/07/2025,12:38:05,3881.27,0,0,0,0,0,0
POWENE.BSE_IDX,01/07/2025,12:38:13,3881.41,0,0,0,0,0,0
POWENE.BSE_IDX,01/07/2025,12:38:22,3881.61,0,0,0,0,0,0
POWENE.BSE_IDX,01/07/2025,12:38:29,3881.13,0,0,0,0,0,0
POWENE.BSE_IDX,01/07/2025,12:38:39,3881.47,0,0,0,0,0,0
POWENE.BSE_IDX,01/07/2025,12:38:45,3881.06,0,0,0,0,0,0
POWENE.BSE_IDX,01/07/2025,12:38:53,3881.65,0,0,0,0,0,0
POWENE.BSE_IDX,01/07/2025,12:39:01,3881.06,0,0,0,0,0,0
POWENE.BSE_IDX,01/07/2025,12:39:10,3880.73,0,0,0,0,0,0
POWENE.BSE_IDX,01/07/2025,12:39:18,3881.11,0,0,0,0,0,0
POWENE.BSE_IDX,01/07/2025,12:39:25,3880.94,0,0,0,0,0,0
POWENE.BSE_IDX,01/07/2025,12:39:34,3880.56,0,0,0,0,0,0
POWENE.BSE_IDX,01/07/2025,12:39:42,3881.18,0,0,0,0,0,0
POWENE.BSE_IDX,01/07/2025,12:39:49,3880.75,0,0,0,0,0,0
POWENE.BSE_IDX,01/07/2025,12:39:57,3880.94,0,0,0,0,0,0
POWENE.BSE_IDX,01/07/2025,12:40:05,3881.29,0,0,0,0,0,0
POWENE.BSE_IDX,01/07/2025,12:40:14,3880.8,0,0,0,0,0,0
POWENE.BSE_IDX,01/07/2025,12:40:21,3881.57,0,0,0,0,0,0
POWENE.BSE_IDX,01/07/2025,12:40:29,3881.09,0,0,0,0,0,0
POWENE.BSE_IDX,01/07/2025,12:40:37,3881.29,0,0,0,0,0,0
POWENE.BSE_IDX,01/07/2025,12:40:45,3881.58,0,0,0,0,0,0
POWENE.BSE_IDX,01/07/2025,12:40:54,3881.52,0,0,0,0,0,0
POWENE.BSE_IDX,01/07/2025,12:41:01,3881.44,0,0,0,0,0,0
POWENE.BSE_IDX,01/07/2025,12:41:09,3881.66,0,0,0,0,0,0
POWENE.BSE_IDX,01/07/2025,12:41:17,3881.4,0,0,0,0,0,0
POWENE.BSE_IDX,01/07/2025,12:41:25,3881.7,0,0,0,0,0,0
POWENE.BSE_IDX,01/07/2025,12:41:33,3881.53,0,0,0,0,0,0
POWENE.BSE_IDX,01/07/2025,12:41:42,3881.34,0,0,0,0,0,0
POWENE.BSE_IDX,01/07/2025,12:41:50,3881.95,0,0,0,0,0,0
POWENE.BSE_IDX,01/07/2025,12:41:58,3881.27,0,0,0,0,0,0
POWENE.BSE_IDX,01/07/2025,12:42:05,3881.23,0,0,0,0,0,0
POWENE.BSE_IDX,01/07/2025,12:42:13,3881.13,0,0,0,0,0,0
POWENE.BSE_IDX,01/07/2025,12:42:21,3881.26,0,0,0,0,0,0
POWENE.BSE_IDX,01/07/2025,12:42:29,3881.26,0,0,0,0,0,0
POWENE.BSE_IDX,01/07/2025,12:42:37,3881.16,0,0,0,0,0,0
POWENE.BSE_IDX,01/07/2025,12:42:46,3880.93,0,0,0,0,0,0
POWENE.BSE_IDX,01/07/2025,12:42:53,3880.97,0,0,0,0,0,0
POWENE.BSE_IDX,01/07/2025,12:43:01,3881.04,0,0,0,0,0,0
POWENE.BSE_IDX,01/07/2025,12:43:10,3881.43,0,0,0,0,0,0
POWENE.BSE_IDX,01/07/2025,12:43:17,3881.51,0,0,0,0,0,0
POWENE.BSE_IDX,01/07/2025,12:43:26,3881.62,0,0,0,0,0,0
POWENE.BSE_IDX,01/07/2025,12:43:34,3881.56,0,0,0,0,0,0
POWENE.BSE_IDX,01/07/2025,12:43:42,3881.58,0,0,0,0,0,0
POWENE.BSE_IDX,01/07/2025,12:43:49,3881.56,0,0,0,0,0,0
POWENE.BSE_IDX,01/07/2025,12:43:58,3881.59,0,0,0,0,0,0
POWENE.BSE_IDX,01/07/2025,12:44:05,3881.33,0,0,0,0,0,0
POWENE.BSE_IDX,01/07/2025,12:44:14,3881.22,0,0,0,0,0,0
POWENE.BSE_IDX,01/07/2025,12:44:22,3880.41,0,0,0,0,0,0
POWENE.BSE_IDX,01/07/2025,12:44:29,3880.08,0,0,0,0,0,0
POWENE.BSE_IDX,01/07/2025,12:44:38,3879.72,0,0,0,0,0,0
POWENE.BSE_IDX,01/07/2025,12:44:46,3879.62,0,0,0,0,0,0
POWENE.BSE_IDX,01/07/2025,12:44:53,3879.09,0,0,0,0,0,0
POWENE.BSE_IDX,01/07/2025,12:45:01,3879.21,0,0,0,0,0,0
POWENE.BSE_IDX,01/07/2025,12:45:11,3879.43,0,0,0,0,0,0
POWENE.BSE_IDX,01/07/2025,12:45:18,3879.22,0,0,0,0,0,0
POWENE.BSE_IDX,01/07/2025,12:45:26,3879.2,0,0,0,0,0,0
POWENE.BSE_IDX,01/07/2025,12:45:34,3879.49,0,0,0,0,0,0
POWENE.BSE_IDX,01/07/2025,12:45:42,3879.12,0,0,0,0,0,0
POWENE.BSE_IDX,01/07/2025,12:45:50,3878.56,0,0,0,0,0,0
POWENE.BSE_IDX,01/07/2025,12:45:58,3878.73,0,0,0,0,0,0
POWENE.BSE_IDX,01/07/2025,12:46:06,3878.8,0,0,0,0,0,0
POWENE.BSE_IDX,01/07/2025,12:46:14,3878.67,0,0,0,0,0,0
POWENE.BSE_IDX,01/07/2025,12:46:22,3878.86,0,0,0,0,0,0
POWENE.BSE_IDX,01/07/2025,12:46:30,3878.43,0,0,0,0,0,0
POWENE.BSE_IDX,01/07/2025,12:46:38,3878.32,0,0,0,0,0,0
POWENE.BSE_IDX,01/07/2025,12:46:46,3878.74,0,0,0,0,0,0
POWENE.BSE_IDX,01/07/2025,12:46:54,3878.29,0,0,0,0,0,0
POWENE.BSE_IDX,01/07/2025,12:47:02,3878.16,0,0,0,0,0,0
POWENE.BSE_IDX,01/07/2025,12:47:10,3878.12,0,0,0,0,0,0
POWENE.BSE_IDX,01/07/2025,12:47:18,3878.11,0,0,0,0,0,0
POWENE.BSE_IDX,01/07/2025,12:47:26,3878.76,0,0,0,0,0,0
POWENE.BSE_IDX,01/07/2025,12:47:34,3878.71,0,0,0,0,0,0
POWENE.BSE_IDX,01/07/2025,12:47:42,3878.7,0,0,0,0,0,0
POWENE.BSE_IDX,01/07/2025,12:47:50,3878.7,0,0,0,0,0,0
POWENE.BSE_IDX,01/07/2025,12:47:58,3878.53,0,0,0,0,0,0
POWENE.BSE_IDX,01/07/2025,12:48:06,3878.5,0,0,0,0,0,0
POWENE.BSE_IDX,01/07/2025,12:48:14,3878.29,0,0,0,0,0,0
POWENE.BSE_IDX,01/07/2025,12:48:22,3878.65,0,0,0,0,0,0
POWENE.BSE_IDX,01/07/2025,12:48:30,3878.34,0,0,0,0,0,0
POWENE.BSE_IDX,01/07/2025,12:48:38,3878.07,0,0,0,0,0,0
POWENE.BSE_IDX,01/07/2025,12:48:46,3878.03,0,0,0,0,0,0
POWENE.BSE_IDX,01/07/2025,12:48:54,3878.36,0,0,0,0,0,0
POWENE.BSE_IDX,01/07/2025,12:49:02,3878.43,0,0,0,0,0,0
POWENE.BSE_IDX,01/07/2025,12:49:10,3878.47,0,0,0,0,0,0
POWENE.BSE_IDX,01/07/2025,12:49:18,3878.27,0,0,0,0,0,0
POWENE.BSE_IDX,01/07/2025,12:49:26,3878.02,0,0,0,0,0,0
POWENE.BSE_IDX,01/07/2025,12:49:34,3878.15,0,0,0,0,0,0
POWENE.BSE_IDX,01/07/2025,12:49:42,3878.14,0,0,0,0,0,0
POWENE.BSE_IDX,01/07/2025,12:49:50,3878.26,0,0,0,0,0,0
POWENE.BSE_IDX,01/07/2025,12:49:58,3878.15,0,0,0,0,0,0
POWENE.BSE_IDX,01/07/2025,12:50:06,3877.7,0,0,0,0,0,0
POWENE.BSE_IDX,01/07/2025,12:50:14,3877.74,0,0,0,0,0,0
POWENE.BSE_IDX,01/07/2025,12:50:22,3878.27,0,0,0,0,0,0
POWENE.BSE_IDX,01/07/2025,12:50:30,3878.81,0,0,0,0,0,0
POWENE.BSE_IDX,01/07/2025,12:50:38,3878.61,0,0,0,0,0,0
POWENE.BSE_IDX,01/07/2025,12:50:47,3878.88,0,0,0,0,0,0
POWENE.BSE_IDX,01/07/2025,12:50:54,3878.61,0,0,0,0,0,0
POWENE.BSE_IDX,01/07/2025,12:51:02,3878.55,0,0,0,0,0,0
POWENE.BSE_IDX,01/07/2025,12:51:10,3878.87,0,0,0,0,0,0
POWENE.BSE_IDX,01/07/2025,12:51:19,3878.88,0,0,0,0,0,0
POWENE.BSE_IDX,01/07/2025,12:51:26,3878.79,0,0,0,0,0,0
POWENE.BSE_IDX,01/07/2025,12:51:34,3878.93,0,0,0,0,0,0
POWENE.BSE_IDX,01/07/2025,12:51:42,3878.61,0,0,0,0,0,0
POWENE.BSE_IDX,01/07/2025,12:51:50,3878.68,0,0,0,0,0,0
POWENE.BSE_IDX,01/07/2025,12:51:58,3879.06,0,0,0,0,0,0
POWENE.BSE_IDX,01/07/2025,12:52:06,3878.8,0,0,0,0,0,0
POWENE.BSE_IDX,01/07/2025,12:52:14,3879,0,0,0,0,0,0
POWENE.BSE_IDX,01/07/2025,12:52:22,3878.48,0,0,0,0,0,0
POWENE.BSE_IDX,01/07/2025,12:52:30,3878.54,0,0,0,0,0,0
POWENE.BSE_IDX,01/07/2025,12:52:38,3878.53,0,0,0,0,0,0
POWENE.BSE_IDX,01/07/2025,12:52:46,3878.34,0,0,0,0,0,0
POWENE.BSE_IDX,01/07/2025,12:52:54,3878.45,0,0,0,0,0,0
POWENE.BSE_IDX,01/07/2025,12:53:02,3878.85,0,0,0,0,0,0
POWENE.BSE_IDX,01/07/2025,12:53:10,3879,0,0,0,0,0,0
POWENE.BSE_IDX,01/07/2025,12:53:18,3878.66,0,0,0,0,0,0
POWENE.BSE_IDX,01/07/2025,12:53:26,3878.59,0,0,0,0,0,0
POWENE.BSE_IDX,01/07/2025,12:53:34,3878.48,0,0,0,0,0,0
POWENE.BSE_IDX,01/07/2025,12:53:42,3878.48,0,0,0,0,0,0
POWENE.BSE_IDX,01/07/2025,12:53:50,3878.41,0,0,0,0,0,0
POWENE.BSE_IDX,01/07/2025,12:53:58,3878.24,0,0,0,0,0,0
POWENE.BSE_IDX,01/07/2025,12:54:06,3878.28,0,0,0,0,0,0
POWENE.BSE_IDX,01/07/2025,12:54:14,3878.18,0,0,0,0,0,0
POWENE.BSE_IDX,01/07/2025,12:54:22,3878.24,0,0,0,0,0,0
POWENE.BSE_IDX,01/07/2025,12:54:30,3878.4,0,0,0,0,0,0
POWENE.BSE_IDX,01/07/2025,12:54:38,3878.31,0,0,0,0,0,0
POWENE.BSE_IDX,01/07/2025,12:54:46,3877.99,0,0,0,0,0,0
POWENE.BSE_IDX,01/07/2025,12:54:54,3877.98,0,0,0,0,0,0
POWENE.BSE_IDX,01/07/2025,12:55:02,3878.08,0,0,0,0,0,0
POWENE.BSE_IDX,01/07/2025,12:55:10,3878.12,0,0,0,0,0,0
POWENE.BSE_IDX,01/07/2025,12:55:18,3878.32,0,0,0,0,0,0
POWENE.BSE_IDX,01/07/2025,12:55:26,3878.02,0,0,0,0,0,0
POWENE.BSE_IDX,01/07/2025,12:55:34,3877.99,0,0,0,0,0,0
POWENE.BSE_IDX,01/07/2025,12:55:42,3877.98,0,0,0,0,0,0
POWENE.BSE_IDX,01/07/2025,12:55:50,3878.27,0,0,0,0,0,0
POWENE.BSE_IDX,01/07/2025,12:55:58,3878.27,0,0,0,0,0,0
POWENE.BSE_IDX,01/07/2025,12:56:06,3878.52,0,0,0,0,0,0
POWENE.BSE_IDX,01/07/2025,12:56:15,3878.48,0,0,0,0,0,0
POWENE.BSE_IDX,01/07/2025,12:56:22,3878.88,0,0,0,0,0,0
POWENE.BSE_IDX,01/07/2025,12:56:30,3878.67,0,0,0,0,0,0
POWENE.BSE_IDX,01/07/2025,12:56:38,3878.31,0,0,0,0,0,0
POWENE.BSE_IDX,01/07/2025,12:56:46,3878.23,0,0,0,0,0,0
POWENE.BSE_IDX,01/07/2025,12:56:54,3878.19,0,0,0,0,0,0
POWENE.BSE_IDX,01/07/2025,12:57:02,3877.73,0,0,0,0,0,0
POWENE.BSE_IDX,01/07/2025,12:57:10,3877.63,0,0,0,0,0,0
POWENE.BSE_IDX,01/07/2025,12:57:18,3878.23,0,0,0,0,0,0
POWENE.BSE_IDX,01/07/2025,12:57:26,3877.81,0,0,0,0,0,0
POWENE.BSE_IDX,01/07/2025,12:57:34,3877.78,0,0,0,0,0,0
POWENE.BSE_IDX,01/07/2025,12:57:42,3877.88,0,0,0,0,0,0
POWENE.BSE_IDX,01/07/2025,12:57:51,3877.15,0,0,0,0,0,0
POWENE.BSE_IDX,01/07/2025,12:57:58,3877.42,0,0,0,0,0,0
POWENE.BSE_IDX,01/07/2025,12:58:06,3877.36,0,0,0,0,0,0
POWENE.BSE_IDX,01/07/2025,12:58:14,3877.65,0,0,0,0,0,0
POWENE.BSE_IDX,01/07/2025,12:58:22,3877.31,0,0,0,0,0,0
