Ticker,Date,Time,LTP,BuyPrice,BuyQty,SellPrice,SellQty,LTQ,OpenInterest
PRECON.BSE_IDX,01/07/2025,09:00:00,5455.54,0,0,0,0,0,0
PRECON.BSE_IDX,01/07/2025,09:00:07,5525.63,0,0,0,0,0,0
PRECON.BSE_IDX,01/07/2025,09:00:15,5504.66,0,0,0,0,0,0
PRECON.BSE_IDX,01/07/2025,09:00:23,5496.99,0,0,0,0,0,0
PRECON.BSE_IDX,01/07/2025,09:00:31,5499.28,0,0,0,0,0,0
PRECON.BSE_IDX,01/07/2025,09:00:39,5462.92,0,0,0,0,0,0
PRECON.BSE_IDX,01/07/2025,09:00:47,5453.35,0,0,0,0,0,0
PRECON.BSE_IDX,01/07/2025,09:00:55,5453.35,0,0,0,0,0,0
PRECON.BSE_IDX,01/07/2025,09:01:03,5453.86,0,0,0,0,0,0
PRECON.BSE_IDX,01/07/2025,09:01:11,5455.23,0,0,0,0,0,0
PRECON.BSE_IDX,01/07/2025,09:01:19,5454.76,0,0,0,0,0,0
PRECON.BSE_IDX,01/07/2025,09:01:27,5454.7,0,0,0,0,0,0
PRECON.BSE_IDX,01/07/2025,09:01:35,5455.66,0,0,0,0,0,0
PRECON.BSE_IDX,01/07/2025,09:01:43,5462.2,0,0,0,0,0,0
PRECON.BSE_IDX,01/07/2025,09:01:51,5462.2,0,0,0,0,0,0
PRECON.BSE_IDX,01/07/2025,09:01:59,5464.03,0,0,0,0,0,0
PRECON.BSE_IDX,01/07/2025,09:02:07,5464.2,0,0,0,0,0,0
PRECON.BSE_IDX,01/07/2025,09:02:15,5463.47,0,0,0,0,0,0
PRECON.BSE_IDX,01/07/2025,09:02:23,5458.31,0,0,0,0,0,0
PRECON.BSE_IDX,01/07/2025,09:02:31,5458.59,0,0,0,0,0,0
PRECON.BSE_IDX,01/07/2025,09:02:39,5458.74,0,0,0,0,0,0
PRECON.BSE_IDX,01/07/2025,09:02:47,5458.85,0,0,0,0,0,0
PRECON.BSE_IDX,01/07/2025,09:02:55,5458.91,0,0,0,0,0,0
PRECON.BSE_IDX,01/07/2025,09:03:03,5459.97,0,0,0,0,0,0
PRECON.BSE_IDX,01/07/2025,09:03:11,5458.76,0,0,0,0,0,0
PRECON.BSE_IDX,01/07/2025,09:03:19,5459,0,0,0,0,0,0
PRECON.BSE_IDX,01/07/2025,09:03:27,5458.99,0,0,0,0,0,0
PRECON.BSE_IDX,01/07/2025,09:03:35,5458.85,0,0,0,0,0,0
PRECON.BSE_IDX,01/07/2025,09:03:43,5458.76,0,0,0,0,0,0
PRECON.BSE_IDX,01/07/2025,09:03:51,5462,0,0,0,0,0,0
PRECON.BSE_IDX,01/07/2025,09:03:59,5461.93,0,0,0,0,0,0
PRECON.BSE_IDX,01/07/2025,09:04:07,5461.81,0,0,0,0,0,0
PRECON.BSE_IDX,01/07/2025,09:04:15,5461.66,0,0,0,0,0,0
PRECON.BSE_IDX,01/07/2025,09:04:23,5461.67,0,0,0,0,0,0
PRECON.BSE_IDX,01/07/2025,09:04:31,5461.67,0,0,0,0,0,0
PRECON.BSE_IDX,01/07/2025,09:04:39,5463.14,0,0,0,0,0,0
PRECON.BSE_IDX,01/07/2025,09:04:47,5462.92,0,0,0,0,0,0
PRECON.BSE_IDX,01/07/2025,09:04:55,5459.44,0,0,0,0,0,0
PRECON.BSE_IDX,01/07/2025,09:05:03,5459.44,0,0,0,0,0,0
PRECON.BSE_IDX,01/07/2025,09:05:11,5459.44,0,0,0,0,0,0
PRECON.BSE_IDX,01/07/2025,09:05:19,5463.49,0,0,0,0,0,0
PRECON.BSE_IDX,01/07/2025,09:05:27,5464.42,0,0,0,0,0,0
PRECON.BSE_IDX,01/07/2025,09:05:35,5463.96,0,0,0,0,0,0
PRECON.BSE_IDX,01/07/2025,09:05:43,5469.26,0,0,0,0,0,0
PRECON.BSE_IDX,01/07/2025,09:05:51,5468.64,0,0,0,0,0,0
PRECON.BSE_IDX,01/07/2025,09:05:59,5467.89,0,0,0,0,0,0
PRECON.BSE_IDX,01/07/2025,09:06:07,5466.38,0,0,0,0,0,0
PRECON.BSE_IDX,01/07/2025,09:06:15,5466.44,0,0,0,0,0,0
PRECON.BSE_IDX,01/07/2025,09:06:23,5467.52,0,0,0,0,0,0
PRECON.BSE_IDX,01/07/2025,09:06:31,5467.47,0,0,0,0,0,0
PRECON.BSE_IDX,01/07/2025,09:06:39,5468.96,0,0,0,0,0,0
PRECON.BSE_IDX,01/07/2025,09:06:47,5469.6,0,0,0,0,0,0
PRECON.BSE_IDX,01/07/2025,09:06:55,5469.74,0,0,0,0,0,0
PRECON.BSE_IDX,01/07/2025,09:07:04,5468.01,0,0,0,0,0,0
PRECON.BSE_IDX,01/07/2025,09:07:11,5468.01,0,0,0,0,0,0
PRECON.BSE_IDX,01/07/2025,09:07:19,5468.01,0,0,0,0,0,0
PRECON.BSE_IDX,01/07/2025,09:07:27,5468.01,0,0,0,0,0,0
PRECON.BSE_IDX,01/07/2025,09:07:35,5468.01,0,0,0,0,0,0
PRECON.BSE_IDX,01/07/2025,09:07:43,5468.01,0,0,0,0,0,0
PRECON.BSE_IDX,01/07/2025,09:07:51,5468.01,0,0,0,0,0,0
PRECON.BSE_IDX,01/07/2025,09:07:59,5468.01,0,0,0,0,0,0
PRECON.BSE_IDX,01/07/2025,09:08:07,5468.01,0,0,0,0,0,0
PRECON.BSE_IDX,01/07/2025,09:08:15,5468.01,0,0,0,0,0,0
PRECON.BSE_IDX,01/07/2025,09:08:23,5468.01,0,0,0,0,0,0
PRECON.BSE_IDX,01/07/2025,09:08:31,5468.01,0,0,0,0,0,0
PRECON.BSE_IDX,01/07/2025,09:08:39,5468.01,0,0,0,0,0,0
PRECON.BSE_IDX,01/07/2025,09:08:47,5468.01,0,0,0,0,0,0
PRECON.BSE_IDX,01/07/2025,09:08:55,5468.01,0,0,0,0,0,0
PRECON.BSE_IDX,01/07/2025,09:09:03,5467.3,0,0,0,0,0,0
PRECON.BSE_IDX,01/07/2025,09:09:11,5467.3,0,0,0,0,0,0
PRECON.BSE_IDX,01/07/2025,09:09:20,5467.3,0,0,0,0,0,0
PRECON.BSE_IDX,01/07/2025,09:09:27,5467.3,0,0,0,0,0,0
PRECON.BSE_IDX,01/07/2025,09:09:36,5467.3,0,0,0,0,0,0
PRECON.BSE_IDX,01/07/2025,09:09:43,5467.3,0,0,0,0,0,0
PRECON.BSE_IDX,01/07/2025,09:09:51,5467.3,0,0,0,0,0,0
PRECON.BSE_IDX,01/07/2025,09:09:59,5467.3,0,0,0,0,0,0
PRECON.BSE_IDX,01/07/2025,09:10:07,5467.3,0,0,0,0,0,0
PRECON.BSE_IDX,01/07/2025,09:10:16,5467.3,0,0,0,0,0,0
PRECON.BSE_IDX,01/07/2025,09:10:24,5467.3,0,0,0,0,0,0
PRECON.BSE_IDX,01/07/2025,09:10:32,5467.3,0,0,0,0,0,0
PRECON.BSE_IDX,01/07/2025,09:10:39,5467.3,0,0,0,0,0,0
PRECON.BSE_IDX,01/07/2025,09:10:47,5467.3,0,0,0,0,0,0
PRECON.BSE_IDX,01/07/2025,09:10:55,5467.3,0,0,0,0,0,0
PRECON.BSE_IDX,01/07/2025,09:11:03,5467.3,0,0,0,0,0,0
PRECON.BSE_IDX,01/07/2025,09:11:11,5467.3,0,0,0,0,0,0
PRECON.BSE_IDX,01/07/2025,09:11:19,5467.3,0,0,0,0,0,0
PRECON.BSE_IDX,01/07/2025,09:11:27,5467.3,0,0,0,0,0,0
PRECON.BSE_IDX,01/07/2025,09:11:35,5467.3,0,0,0,0,0,0
PRECON.BSE_IDX,01/07/2025,09:11:43,5467.3,0,0,0,0,0,0
PRECON.BSE_IDX,01/07/2025,09:11:51,5467.3,0,0,0,0,0,0
PRECON.BSE_IDX,01/07/2025,09:11:59,5467.3,0,0,0,0,0,0
PRECON.BSE_IDX,01/07/2025,09:12:07,5467.3,0,0,0,0,0,0
PRECON.BSE_IDX,01/07/2025,09:12:16,5467.3,0,0,0,0,0,0
PRECON.BSE_IDX,01/07/2025,09:12:23,5467.3,0,0,0,0,0,0
PRECON.BSE_IDX,01/07/2025,09:12:31,5467.3,0,0,0,0,0,0
PRECON.BSE_IDX,01/07/2025,09:12:39,5467.3,0,0,0,0,0,0
PRECON.BSE_IDX,01/07/2025,09:12:47,5467.3,0,0,0,0,0,0
PRECON.BSE_IDX,01/07/2025,09:12:55,5467.3,0,0,0,0,0,0
PRECON.BSE_IDX,01/07/2025,09:13:03,5467.3,0,0,0,0,0,0
PRECON.BSE_IDX,01/07/2025,09:13:11,5467.3,0,0,0,0,0,0
PRECON.BSE_IDX,01/07/2025,09:13:19,5467.3,0,0,0,0,0,0
PRECON.BSE_IDX,01/07/2025,09:13:27,5467.3,0,0,0,0,0,0
PRECON.BSE_IDX,01/07/2025,09:13:35,5467.3,0,0,0,0,0,0
PRECON.BSE_IDX,01/07/2025,09:13:43,5467.3,0,0,0,0,0,0
PRECON.BSE_IDX,01/07/2025,09:13:51,5467.3,0,0,0,0,0,0
PRECON.BSE_IDX,01/07/2025,09:13:59,5467.3,0,0,0,0,0,0
PRECON.BSE_IDX,01/07/2025,09:14:07,5467.3,0,0,0,0,0,0
PRECON.BSE_IDX,01/07/2025,09:14:15,5467.3,0,0,0,0,0,0
PRECON.BSE_IDX,01/07/2025,09:14:23,5467.3,0,0,0,0,0,0
PRECON.BSE_IDX,01/07/2025,09:14:31,5467.3,0,0,0,0,0,0
PRECON.BSE_IDX,01/07/2025,09:14:39,5467.3,0,0,0,0,0,0
PRECON.BSE_IDX,01/07/2025,09:14:47,5467.3,0,0,0,0,0,0
PRECON.BSE_IDX,01/07/2025,09:14:55,5467.3,0,0,0,0,0,0
PRECON.BSE_IDX,01/07/2025,09:15:04,5464.98,0,0,0,0,0,0
PRECON.BSE_IDX,01/07/2025,09:15:11,5462.3,0,0,0,0,0,0
PRECON.BSE_IDX,01/07/2025,09:15:19,5463.46,0,0,0,0,0,0
PRECON.BSE_IDX,01/07/2025,09:15:27,5460.54,0,0,0,0,0,0
PRECON.BSE_IDX,01/07/2025,09:15:35,5459.38,0,0,0,0,0,0
PRECON.BSE_IDX,01/07/2025,09:15:43,5458.94,0,0,0,0,0,0
PRECON.BSE_IDX,01/07/2025,09:15:51,5454.54,0,0,0,0,0,0
PRECON.BSE_IDX,01/07/2025,09:15:59,5453.89,0,0,0,0,0,0
PRECON.BSE_IDX,01/07/2025,09:16:07,5453.2,0,0,0,0,0,0
PRECON.BSE_IDX,01/07/2025,09:16:15,5451.28,0,0,0,0,0,0
PRECON.BSE_IDX,01/07/2025,09:16:24,5453.81,0,0,0,0,0,0
PRECON.BSE_IDX,01/07/2025,09:16:31,5453.92,0,0,0,0,0,0
PRECON.BSE_IDX,01/07/2025,09:16:39,5455.89,0,0,0,0,0,0
PRECON.BSE_IDX,01/07/2025,09:16:48,5454.25,0,0,0,0,0,0
PRECON.BSE_IDX,01/07/2025,09:16:55,5454.65,0,0,0,0,0,0
PRECON.BSE_IDX,01/07/2025,09:17:03,5453.24,0,0,0,0,0,0
PRECON.BSE_IDX,01/07/2025,09:17:12,5450.91,0,0,0,0,0,0
PRECON.BSE_IDX,01/07/2025,09:17:19,5451.21,0,0,0,0,0,0
PRECON.BSE_IDX,01/07/2025,09:17:27,5451.9,0,0,0,0,0,0
PRECON.BSE_IDX,01/07/2025,09:17:35,5450.84,0,0,0,0,0,0
PRECON.BSE_IDX,01/07/2025,09:17:44,5452.49,0,0,0,0,0,0
PRECON.BSE_IDX,01/07/2025,09:17:51,5452.93,0,0,0,0,0,0
PRECON.BSE_IDX,01/07/2025,09:17:59,5453.95,0,0,0,0,0,0
PRECON.BSE_IDX,01/07/2025,09:18:07,5454.26,0,0,0,0,0,0
PRECON.BSE_IDX,01/07/2025,09:18:15,5454.07,0,0,0,0,0,0
PRECON.BSE_IDX,01/07/2025,09:18:23,5454.01,0,0,0,0,0,0
PRECON.BSE_IDX,01/07/2025,09:18:31,5453.51,0,0,0,0,0,0
PRECON.BSE_IDX,01/07/2025,09:18:39,5454.2,0,0,0,0,0,0
PRECON.BSE_IDX,01/07/2025,09:18:47,5454.89,0,0,0,0,0,0
PRECON.BSE_IDX,01/07/2025,09:18:56,5455.67,0,0,0,0,0,0
PRECON.BSE_IDX,01/07/2025,09:19:03,5454.99,0,0,0,0,0,0
PRECON.BSE_IDX,01/07/2025,09:19:11,5454.31,0,0,0,0,0,0
PRECON.BSE_IDX,01/07/2025,09:19:19,5453.81,0,0,0,0,0,0
PRECON.BSE_IDX,01/07/2025,09:19:28,5450.94,0,0,0,0,0,0
PRECON.BSE_IDX,01/07/2025,09:19:35,5451.37,0,0,0,0,0,0
PRECON.BSE_IDX,01/07/2025,09:19:43,5450.25,0,0,0,0,0,0
PRECON.BSE_IDX,01/07/2025,09:19:52,5450.42,0,0,0,0,0,0
PRECON.BSE_IDX,01/07/2025,09:19:59,5449.63,0,0,0,0,0,0
PRECON.BSE_IDX,01/07/2025,09:20:07,5450.25,0,0,0,0,0,0
PRECON.BSE_IDX,01/07/2025,09:20:15,5451.43,0,0,0,0,0,0
PRECON.BSE_IDX,01/07/2025,09:20:24,5450.77,0,0,0,0,0,0
PRECON.BSE_IDX,01/07/2025,09:20:31,5452.76,0,0,0,0,0,0
PRECON.BSE_IDX,01/07/2025,09:20:39,5450.81,0,0,0,0,0,0
PRECON.BSE_IDX,01/07/2025,09:20:47,5451.34,0,0,0,0,0,0
PRECON.BSE_IDX,01/07/2025,09:20:55,5449.49,0,0,0,0,0,0
PRECON.BSE_IDX,01/07/2025,09:21:03,5449.28,0,0,0,0,0,0
PRECON.BSE_IDX,01/07/2025,09:21:11,5451.34,0,0,0,0,0,0
PRECON.BSE_IDX,01/07/2025,09:21:19,5452.79,0,0,0,0,0,0
PRECON.BSE_IDX,01/07/2025,09:21:27,5453.04,0,0,0,0,0,0
PRECON.BSE_IDX,01/07/2025,09:21:36,5453.98,0,0,0,0,0,0
PRECON.BSE_IDX,01/07/2025,09:21:43,5454.97,0,0,0,0,0,0
PRECON.BSE_IDX,01/07/2025,09:21:51,5454.73,0,0,0,0,0,0
PRECON.BSE_IDX,01/07/2025,09:22:00,5456.22,0,0,0,0,0,0
PRECON.BSE_IDX,01/07/2025,09:22:07,5456.58,0,0,0,0,0,0
PRECON.BSE_IDX,01/07/2025,09:22:15,5456.65,0,0,0,0,0,0
PRECON.BSE_IDX,01/07/2025,09:22:23,5458.29,0,0,0,0,0,0
PRECON.BSE_IDX,01/07/2025,09:22:31,5459,0,0,0,0,0,0
PRECON.BSE_IDX,01/07/2025,09:22:39,5459.72,0,0,0,0,0,0
PRECON.BSE_IDX,01/07/2025,09:22:47,5460.49,0,0,0,0,0,0
PRECON.BSE_IDX,01/07/2025,09:22:55,5460.99,0,0,0,0,0,0
PRECON.BSE_IDX,01/07/2025,09:23:03,5461.48,0,0,0,0,0,0
PRECON.BSE_IDX,01/07/2025,09:23:11,5459.45,0,0,0,0,0,0
PRECON.BSE_IDX,01/07/2025,09:23:20,5459.19,0,0,0,0,0,0
PRECON.BSE_IDX,01/07/2025,09:23:27,5458.52,0,0,0,0,0,0
PRECON.BSE_IDX,01/07/2025,09:23:35,5457.88,0,0,0,0,0,0
PRECON.BSE_IDX,01/07/2025,09:23:44,5457.59,0,0,0,0,0,0
PRECON.BSE_IDX,01/07/2025,09:23:51,5457.87,0,0,0,0,0,0
PRECON.BSE_IDX,01/07/2025,09:23:59,5457.83,0,0,0,0,0,0
PRECON.BSE_IDX,01/07/2025,09:24:08,5458.62,0,0,0,0,0,0
PRECON.BSE_IDX,01/07/2025,09:24:16,5458.49,0,0,0,0,0,0
PRECON.BSE_IDX,01/07/2025,09:24:23,5458.62,0,0,0,0,0,0
PRECON.BSE_IDX,01/07/2025,09:24:32,5457.95,0,0,0,0,0,0
PRECON.BSE_IDX,01/07/2025,09:24:39,5457.69,0,0,0,0,0,0
PRECON.BSE_IDX,01/07/2025,09:24:48,5457.86,0,0,0,0,0,0
PRECON.BSE_IDX,01/07/2025,09:24:57,5457.88,0,0,0,0,0,0
PRECON.BSE_IDX,01/07/2025,09:25:03,5458.41,0,0,0,0,0,0
PRECON.BSE_IDX,01/07/2025,09:25:12,5458.06,0,0,0,0,0,0
PRECON.BSE_IDX,01/07/2025,09:25:20,5458.8,0,0,0,0,0,0
PRECON.BSE_IDX,01/07/2025,09:25:29,5458.43,0,0,0,0,0,0
PRECON.BSE_IDX,01/07/2025,09:25:35,5459.45,0,0,0,0,0,0
PRECON.BSE_IDX,01/07/2025,09:25:43,5458.57,0,0,0,0,0,0
PRECON.BSE_IDX,01/07/2025,09:25:51,5459.45,0,0,0,0,0,0
PRECON.BSE_IDX,01/07/2025,09:25:59,5459.43,0,0,0,0,0,0
PRECON.BSE_IDX,01/07/2025,09:26:08,5459.71,0,0,0,0,0,0
PRECON.BSE_IDX,01/07/2025,09:26:15,5458.93,0,0,0,0,0,0
PRECON.BSE_IDX,01/07/2025,09:26:24,5459,0,0,0,0,0,0
PRECON.BSE_IDX,01/07/2025,09:26:31,5459.99,0,0,0,0,0,0
PRECON.BSE_IDX,01/07/2025,09:26:40,5460.85,0,0,0,0,0,0
PRECON.BSE_IDX,01/07/2025,09:26:48,5461.48,0,0,0,0,0,0
PRECON.BSE_IDX,01/07/2025,09:26:55,5463.47,0,0,0,0,0,0
PRECON.BSE_IDX,01/07/2025,09:27:04,5463.34,0,0,0,0,0,0
PRECON.BSE_IDX,01/07/2025,09:27:12,5463.45,0,0,0,0,0,0
PRECON.BSE_IDX,01/07/2025,09:27:19,5462.21,0,0,0,0,0,0
PRECON.BSE_IDX,01/07/2025,09:27:28,5462.44,0,0,0,0,0,0
PRECON.BSE_IDX,01/07/2025,09:27:36,5460.94,0,0,0,0,0,0
PRECON.BSE_IDX,01/07/2025,09:27:44,5460.34,0,0,0,0,0,0
PRECON.BSE_IDX,01/07/2025,09:27:52,5459.65,0,0,0,0,0,0
PRECON.BSE_IDX,01/07/2025,09:28:00,5462.71,0,0,0,0,0,0
PRECON.BSE_IDX,01/07/2025,09:28:08,5460.95,0,0,0,0,0,0
PRECON.BSE_IDX,01/07/2025,09:28:16,5460.53,0,0,0,0,0,0
PRECON.BSE_IDX,01/07/2025,09:28:24,5459.31,0,0,0,0,0,0
PRECON.BSE_IDX,01/07/2025,09:28:32,5458.44,0,0,0,0,0,0
PRECON.BSE_IDX,01/07/2025,09:28:40,5457.46,0,0,0,0,0,0
PRECON.BSE_IDX,01/07/2025,09:28:48,5457.01,0,0,0,0,0,0
PRECON.BSE_IDX,01/07/2025,09:28:56,5457.79,0,0,0,0,0,0
PRECON.BSE_IDX,01/07/2025,09:29:04,5457.56,0,0,0,0,0,0
PRECON.BSE_IDX,01/07/2025,09:29:12,5457.15,0,0,0,0,0,0
PRECON.BSE_IDX,01/07/2025,09:29:20,5454.63,0,0,0,0,0,0
PRECON.BSE_IDX,01/07/2025,09:29:28,5454.29,0,0,0,0,0,0
PRECON.BSE_IDX,01/07/2025,09:29:36,5454.98,0,0,0,0,0,0
PRECON.BSE_IDX,01/07/2025,09:29:44,5456.36,0,0,0,0,0,0
PRECON.BSE_IDX,01/07/2025,09:29:52,5455.47,0,0,0,0,0,0
PRECON.BSE_IDX,01/07/2025,09:30:00,5456.22,0,0,0,0,0,0
PRECON.BSE_IDX,01/07/2025,09:30:08,5457.97,0,0,0,0,0,0
PRECON.BSE_IDX,01/07/2025,09:30:16,5457.53,0,0,0,0,0,0
PRECON.BSE_IDX,01/07/2025,09:30:24,5458.2,0,0,0,0,0,0
PRECON.BSE_IDX,01/07/2025,09:30:32,5459.09,0,0,0,0,0,0
PRECON.BSE_IDX,01/07/2025,09:30:40,5458.77,0,0,0,0,0,0
PRECON.BSE_IDX,01/07/2025,09:30:48,5458.53,0,0,0,0,0,0
PRECON.BSE_IDX,01/07/2025,09:30:56,5458.24,0,0,0,0,0,0
PRECON.BSE_IDX,01/07/2025,09:31:04,5457.85,0,0,0,0,0,0
PRECON.BSE_IDX,01/07/2025,09:31:12,5456.82,0,0,0,0,0,0
PRECON.BSE_IDX,01/07/2025,09:31:20,5456.64,0,0,0,0,0,0
PRECON.BSE_IDX,01/07/2025,09:31:28,5456.1,0,0,0,0,0,0
PRECON.BSE_IDX,01/07/2025,09:31:36,5456.12,0,0,0,0,0,0
PRECON.BSE_IDX,01/07/2025,09:31:44,5455.73,0,0,0,0,0,0
PRECON.BSE_IDX,01/07/2025,09:31:52,5455.72,0,0,0,0,0,0
PRECON.BSE_IDX,01/07/2025,09:32:00,5455.63,0,0,0,0,0,0
PRECON.BSE_IDX,01/07/2025,09:32:08,5455.55,0,0,0,0,0,0
PRECON.BSE_IDX,01/07/2025,09:32:16,5454.56,0,0,0,0,0,0
PRECON.BSE_IDX,01/07/2025,09:32:24,5455.24,0,0,0,0,0,0
PRECON.BSE_IDX,01/07/2025,09:32:32,5455.52,0,0,0,0,0,0
PRECON.BSE_IDX,01/07/2025,09:32:40,5455.5,0,0,0,0,0,0
PRECON.BSE_IDX,01/07/2025,09:32:48,5456.26,0,0,0,0,0,0
PRECON.BSE_IDX,01/07/2025,09:32:56,5456.91,0,0,0,0,0,0
PRECON.BSE_IDX,01/07/2025,09:33:04,5459.06,0,0,0,0,0,0
PRECON.BSE_IDX,01/07/2025,09:33:12,5460.95,0,0,0,0,0,0
PRECON.BSE_IDX,01/07/2025,09:33:20,5460.38,0,0,0,0,0,0
PRECON.BSE_IDX,01/07/2025,09:33:28,5461.4,0,0,0,0,0,0
PRECON.BSE_IDX,01/07/2025,09:33:36,5459.48,0,0,0,0,0,0
PRECON.BSE_IDX,01/07/2025,09:33:44,5459.48,0,0,0,0,0,0
PRECON.BSE_IDX,01/07/2025,09:33:52,5459.71,0,0,0,0,0,0
PRECON.BSE_IDX,01/07/2025,09:34:00,5459.13,0,0,0,0,0,0
PRECON.BSE_IDX,01/07/2025,09:34:08,5458.92,0,0,0,0,0,0
PRECON.BSE_IDX,01/07/2025,09:34:16,5458.9,0,0,0,0,0,0
PRECON.BSE_IDX,01/07/2025,09:34:24,5459.45,0,0,0,0,0,0
PRECON.BSE_IDX,01/07/2025,09:34:32,5459.21,0,0,0,0,0,0
PRECON.BSE_IDX,01/07/2025,09:34:40,5458.65,0,0,0,0,0,0
PRECON.BSE_IDX,01/07/2025,09:34:48,5459.56,0,0,0,0,0,0
PRECON.BSE_IDX,01/07/2025,09:34:56,5459.78,0,0,0,0,0,0
PRECON.BSE_IDX,01/07/2025,09:35:05,5459.13,0,0,0,0,0,0
PRECON.BSE_IDX,01/07/2025,09:35:12,5459.05,0,0,0,0,0,0
PRECON.BSE_IDX,01/07/2025,09:35:20,5459.41,0,0,0,0,0,0
PRECON.BSE_IDX,01/07/2025,09:35:28,5459.91,0,0,0,0,0,0
PRECON.BSE_IDX,01/07/2025,09:35:36,5459.74,0,0,0,0,0,0
PRECON.BSE_IDX,01/07/2025,09:35:44,5460.09,0,0,0,0,0,0
PRECON.BSE_IDX,01/07/2025,09:35:52,5460.87,0,0,0,0,0,0
PRECON.BSE_IDX,01/07/2025,09:36:00,5461.4,0,0,0,0,0,0
PRECON.BSE_IDX,01/07/2025,09:36:08,5460.27,0,0,0,0,0,0
PRECON.BSE_IDX,01/07/2025,09:36:16,5460.14,0,0,0,0,0,0
PRECON.BSE_IDX,01/07/2025,09:36:24,5459.36,0,0,0,0,0,0
PRECON.BSE_IDX,01/07/2025,09:36:33,5459.2,0,0,0,0,0,0
PRECON.BSE_IDX,01/07/2025,09:36:40,5460.07,0,0,0,0,0,0
PRECON.BSE_IDX,01/07/2025,09:36:48,5459.16,0,0,0,0,0,0
PRECON.BSE_IDX,01/07/2025,09:36:56,5459.32,0,0,0,0,0,0
PRECON.BSE_IDX,01/07/2025,09:37:04,5460.52,0,0,0,0,0,0
PRECON.BSE_IDX,01/07/2025,09:37:12,5460.03,0,0,0,0,0,0
PRECON.BSE_IDX,01/07/2025,09:37:20,5459.83,0,0,0,0,0,0
PRECON.BSE_IDX,01/07/2025,09:37:28,5459.81,0,0,0,0,0,0
PRECON.BSE_IDX,01/07/2025,09:37:36,5459.47,0,0,0,0,0,0
PRECON.BSE_IDX,01/07/2025,09:37:44,5459.21,0,0,0,0,0,0
PRECON.BSE_IDX,01/07/2025,09:37:52,5458.59,0,0,0,0,0,0
PRECON.BSE_IDX,01/07/2025,09:38:00,5458.92,0,0,0,0,0,0
PRECON.BSE_IDX,01/07/2025,09:38:08,5459.73,0,0,0,0,0,0
PRECON.BSE_IDX,01/07/2025,09:38:16,5458.93,0,0,0,0,0,0
PRECON.BSE_IDX,01/07/2025,09:38:24,5459.14,0,0,0,0,0,0
PRECON.BSE_IDX,01/07/2025,09:38:32,5458.44,0,0,0,0,0,0
PRECON.BSE_IDX,01/07/2025,09:38:40,5457.93,0,0,0,0,0,0
PRECON.BSE_IDX,01/07/2025,09:38:48,5457.91,0,0,0,0,0,0
PRECON.BSE_IDX,01/07/2025,09:38:56,5458.28,0,0,0,0,0,0
PRECON.BSE_IDX,01/07/2025,09:39:04,5458.13,0,0,0,0,0,0
PRECON.BSE_IDX,01/07/2025,09:39:12,5458.13,0,0,0,0,0,0
PRECON.BSE_IDX,01/07/2025,09:39:20,5457.87,0,0,0,0,0,0
PRECON.BSE_IDX,01/07/2025,09:39:28,5457.54,0,0,0,0,0,0
PRECON.BSE_IDX,01/07/2025,09:39:36,5457.31,0,0,0,0,0,0
PRECON.BSE_IDX,01/07/2025,09:39:44,5457.7,0,0,0,0,0,0
PRECON.BSE_IDX,01/07/2025,09:39:52,5457.93,0,0,0,0,0,0
PRECON.BSE_IDX,01/07/2025,09:40:00,5458.69,0,0,0,0,0,0
PRECON.BSE_IDX,01/07/2025,09:40:08,5458.84,0,0,0,0,0,0
PRECON.BSE_IDX,01/07/2025,09:40:16,5458.51,0,0,0,0,0,0
PRECON.BSE_IDX,01/07/2025,09:40:24,5458.21,0,0,0,0,0,0
PRECON.BSE_IDX,01/07/2025,09:40:32,5456.93,0,0,0,0,0,0
PRECON.BSE_IDX,01/07/2025,09:40:40,5456.82,0,0,0,0,0,0
PRECON.BSE_IDX,01/07/2025,09:40:48,5455.73,0,0,0,0,0,0
PRECON.BSE_IDX,01/07/2025,09:40:56,5456.81,0,0,0,0,0,0
PRECON.BSE_IDX,01/07/2025,09:41:04,5455.65,0,0,0,0,0,0
PRECON.BSE_IDX,01/07/2025,09:41:12,5455.77,0,0,0,0,0,0
PRECON.BSE_IDX,01/07/2025,09:41:20,5456,0,0,0,0,0,0
PRECON.BSE_IDX,01/07/2025,09:41:28,5456.66,0,0,0,0,0,0
PRECON.BSE_IDX,01/07/2025,09:41:36,5457.44,0,0,0,0,0,0
PRECON.BSE_IDX,01/07/2025,09:41:44,5457.27,0,0,0,0,0,0
PRECON.BSE_IDX,01/07/2025,09:41:52,5456.7,0,0,0,0,0,0
PRECON.BSE_IDX,01/07/2025,09:42:00,5457.34,0,0,0,0,0,0
PRECON.BSE_IDX,01/07/2025,09:42:08,5457.84,0,0,0,0,0,0
PRECON.BSE_IDX,01/07/2025,09:42:16,5458.07,0,0,0,0,0,0
PRECON.BSE_IDX,01/07/2025,09:42:24,5458.25,0,0,0,0,0,0
PRECON.BSE_IDX,01/07/2025,09:42:32,5458.42,0,0,0,0,0,0
PRECON.BSE_IDX,01/07/2025,09:42:40,5459.77,0,0,0,0,0,0
PRECON.BSE_IDX,01/07/2025,09:42:48,5459.92,0,0,0,0,0,0
PRECON.BSE_IDX,01/07/2025,09:42:56,5459.86,0,0,0,0,0,0
PRECON.BSE_IDX,01/07/2025,09:43:04,5459.8,0,0,0,0,0,0
PRECON.BSE_IDX,01/07/2025,09:43:12,5459.98,0,0,0,0,0,0
PRECON.BSE_IDX,01/07/2025,09:43:20,5460.24,0,0,0,0,0,0
PRECON.BSE_IDX,01/07/2025,09:43:28,5460.45,0,0,0,0,0,0
PRECON.BSE_IDX,01/07/2025,09:43:36,5460.47,0,0,0,0,0,0
PRECON.BSE_IDX,01/07/2025,09:43:44,5461.36,0,0,0,0,0,0
PRECON.BSE_IDX,01/07/2025,09:43:53,5461.99,0,0,0,0,0,0
PRECON.BSE_IDX,01/07/2025,09:44:00,5462.15,0,0,0,0,0,0
PRECON.BSE_IDX,01/07/2025,09:44:08,5461.94,0,0,0,0,0,0
PRECON.BSE_IDX,01/07/2025,09:44:16,5461.71,0,0,0,0,0,0
PRECON.BSE_IDX,01/07/2025,09:44:24,5462.04,0,0,0,0,0,0
PRECON.BSE_IDX,01/07/2025,09:44:32,5462.25,0,0,0,0,0,0
PRECON.BSE_IDX,01/07/2025,09:44:40,5461.78,0,0,0,0,0,0
PRECON.BSE_IDX,01/07/2025,09:44:48,5462.02,0,0,0,0,0,0
PRECON.BSE_IDX,01/07/2025,09:44:56,5461.2,0,0,0,0,0,0
PRECON.BSE_IDX,01/07/2025,09:45:05,5461.49,0,0,0,0,0,0
PRECON.BSE_IDX,01/07/2025,09:45:12,5460.02,0,0,0,0,0,0
PRECON.BSE_IDX,01/07/2025,09:45:20,5459.63,0,0,0,0,0,0
PRECON.BSE_IDX,01/07/2025,09:45:28,5459.11,0,0,0,0,0,0
PRECON.BSE_IDX,01/07/2025,09:45:36,5458.33,0,0,0,0,0,0
PRECON.BSE_IDX,01/07/2025,09:45:44,5457.02,0,0,0,0,0,0
PRECON.BSE_IDX,01/07/2025,09:45:52,5455.73,0,0,0,0,0,0
PRECON.BSE_IDX,01/07/2025,09:46:01,5456.03,0,0,0,0,0,0
PRECON.BSE_IDX,01/07/2025,09:46:08,5454.54,0,0,0,0,0,0
PRECON.BSE_IDX,01/07/2025,09:46:16,5453.99,0,0,0,0,0,0
PRECON.BSE_IDX,01/07/2025,09:46:24,5454.43,0,0,0,0,0,0
PRECON.BSE_IDX,01/07/2025,09:46:32,5454.27,0,0,0,0,0,0
PRECON.BSE_IDX,01/07/2025,09:46:40,5454.56,0,0,0,0,0,0
PRECON.BSE_IDX,01/07/2025,09:46:48,5453.74,0,0,0,0,0,0
PRECON.BSE_IDX,01/07/2025,09:46:56,5454.35,0,0,0,0,0,0
PRECON.BSE_IDX,01/07/2025,09:47:04,5454.25,0,0,0,0,0,0
PRECON.BSE_IDX,01/07/2025,09:47:12,5454.31,0,0,0,0,0,0
PRECON.BSE_IDX,01/07/2025,09:47:20,5454.41,0,0,0,0,0,0
PRECON.BSE_IDX,01/07/2025,09:47:28,5454.66,0,0,0,0,0,0
PRECON.BSE_IDX,01/07/2025,09:47:36,5454.52,0,0,0,0,0,0
PRECON.BSE_IDX,01/07/2025,09:47:44,5454.61,0,0,0,0,0,0
PRECON.BSE_IDX,01/07/2025,09:47:52,5455.08,0,0,0,0,0,0
PRECON.BSE_IDX,01/07/2025,09:48:00,5455.58,0,0,0,0,0,0
PRECON.BSE_IDX,01/07/2025,09:48:08,5456.17,0,0,0,0,0,0
PRECON.BSE_IDX,01/07/2025,09:48:16,5456.9,0,0,0,0,0,0
PRECON.BSE_IDX,01/07/2025,09:48:24,5457.28,0,0,0,0,0,0
PRECON.BSE_IDX,01/07/2025,09:48:32,5458.48,0,0,0,0,0,0
PRECON.BSE_IDX,01/07/2025,09:48:40,5458.52,0,0,0,0,0,0
PRECON.BSE_IDX,01/07/2025,09:48:48,5458.69,0,0,0,0,0,0
PRECON.BSE_IDX,01/07/2025,09:48:56,5459.03,0,0,0,0,0,0
PRECON.BSE_IDX,01/07/2025,09:49:04,5459.21,0,0,0,0,0,0
PRECON.BSE_IDX,01/07/2025,09:49:12,5459.19,0,0,0,0,0,0
PRECON.BSE_IDX,01/07/2025,09:49:20,5458.79,0,0,0,0,0,0
PRECON.BSE_IDX,01/07/2025,09:49:28,5459.42,0,0,0,0,0,0
PRECON.BSE_IDX,01/07/2025,09:49:36,5460.06,0,0,0,0,0,0
PRECON.BSE_IDX,01/07/2025,09:49:44,5460.65,0,0,0,0,0,0
PRECON.BSE_IDX,01/07/2025,09:49:52,5460.76,0,0,0,0,0,0
PRECON.BSE_IDX,01/07/2025,09:50:00,5460.36,0,0,0,0,0,0
PRECON.BSE_IDX,01/07/2025,09:50:08,5459.77,0,0,0,0,0,0
PRECON.BSE_IDX,01/07/2025,09:50:16,5459.98,0,0,0,0,0,0
PRECON.BSE_IDX,01/07/2025,09:50:24,5458.99,0,0,0,0,0,0
PRECON.BSE_IDX,01/07/2025,09:50:32,5458.6,0,0,0,0,0,0
PRECON.BSE_IDX,01/07/2025,09:50:40,5457.45,0,0,0,0,0,0
PRECON.BSE_IDX,01/07/2025,09:50:48,5457.45,0,0,0,0,0,0
PRECON.BSE_IDX,01/07/2025,09:50:57,5457.83,0,0,0,0,0,0
PRECON.BSE_IDX,01/07/2025,09:51:04,5455.93,0,0,0,0,0,0
PRECON.BSE_IDX,01/07/2025,09:51:12,5456.46,0,0,0,0,0,0
PRECON.BSE_IDX,01/07/2025,09:51:20,5456.92,0,0,0,0,0,0
PRECON.BSE_IDX,01/07/2025,09:51:28,5456.82,0,0,0,0,0,0
PRECON.BSE_IDX,01/07/2025,09:51:37,5456.43,0,0,0,0,0,0
PRECON.BSE_IDX,01/07/2025,09:51:44,5457.03,0,0,0,0,0,0
PRECON.BSE_IDX,01/07/2025,09:51:52,5457.44,0,0,0,0,0,0
PRECON.BSE_IDX,01/07/2025,09:52:01,5457.16,0,0,0,0,0,0
PRECON.BSE_IDX,01/07/2025,09:52:08,5456.2,0,0,0,0,0,0
PRECON.BSE_IDX,01/07/2025,09:52:17,5455.44,0,0,0,0,0,0
PRECON.BSE_IDX,01/07/2025,09:52:24,5455.23,0,0,0,0,0,0
PRECON.BSE_IDX,01/07/2025,09:52:32,5455.95,0,0,0,0,0,0
PRECON.BSE_IDX,01/07/2025,09:52:40,5455.89,0,0,0,0,0,0
PRECON.BSE_IDX,01/07/2025,09:52:48,5456.24,0,0,0,0,0,0
PRECON.BSE_IDX,01/07/2025,09:52:57,5456.4,0,0,0,0,0,0
PRECON.BSE_IDX,01/07/2025,09:53:04,5456.43,0,0,0,0,0,0
PRECON.BSE_IDX,01/07/2025,09:53:13,5455.87,0,0,0,0,0,0
PRECON.BSE_IDX,01/07/2025,09:53:20,5456.47,0,0,0,0,0,0
PRECON.BSE_IDX,01/07/2025,09:53:28,5456.42,0,0,0,0,0,0
PRECON.BSE_IDX,01/07/2025,09:53:36,5456.1,0,0,0,0,0,0
PRECON.BSE_IDX,01/07/2025,09:53:44,5456.6,0,0,0,0,0,0
PRECON.BSE_IDX,01/07/2025,09:53:52,5455.73,0,0,0,0,0,0
PRECON.BSE_IDX,01/07/2025,09:54:00,5455.86,0,0,0,0,0,0
PRECON.BSE_IDX,01/07/2025,09:54:08,5455.33,0,0,0,0,0,0
PRECON.BSE_IDX,01/07/2025,09:54:16,5455.47,0,0,0,0,0,0
PRECON.BSE_IDX,01/07/2025,09:54:24,5455.24,0,0,0,0,0,0
PRECON.BSE_IDX,01/07/2025,09:54:32,5454.76,0,0,0,0,0,0
PRECON.BSE_IDX,01/07/2025,09:54:40,5454.5,0,0,0,0,0,0
PRECON.BSE_IDX,01/07/2025,09:54:48,5454.88,0,0,0,0,0,0
PRECON.BSE_IDX,01/07/2025,09:54:56,5454.93,0,0,0,0,0,0
PRECON.BSE_IDX,01/07/2025,09:55:04,5454.24,0,0,0,0,0,0
PRECON.BSE_IDX,01/07/2025,09:55:12,5455.04,0,0,0,0,0,0
PRECON.BSE_IDX,01/07/2025,09:55:20,5455.1,0,0,0,0,0,0
PRECON.BSE_IDX,01/07/2025,09:55:28,5456.11,0,0,0,0,0,0
PRECON.BSE_IDX,01/07/2025,09:55:36,5455.79,0,0,0,0,0,0
PRECON.BSE_IDX,01/07/2025,09:55:44,5455.46,0,0,0,0,0,0
PRECON.BSE_IDX,01/07/2025,09:55:52,5455.79,0,0,0,0,0,0
PRECON.BSE_IDX,01/07/2025,09:56:00,5455.56,0,0,0,0,0,0
PRECON.BSE_IDX,01/07/2025,09:56:08,5455.48,0,0,0,0,0,0
PRECON.BSE_IDX,01/07/2025,09:56:16,5455.63,0,0,0,0,0,0
PRECON.BSE_IDX,01/07/2025,09:56:25,5455.51,0,0,0,0,0,0
PRECON.BSE_IDX,01/07/2025,09:56:33,5456.31,0,0,0,0,0,0
PRECON.BSE_IDX,01/07/2025,09:56:41,5456.12,0,0,0,0,0,0
PRECON.BSE_IDX,01/07/2025,09:56:48,5455.88,0,0,0,0,0,0
PRECON.BSE_IDX,01/07/2025,09:56:57,5455.74,0,0,0,0,0,0
PRECON.BSE_IDX,01/07/2025,09:57:04,5455.5,0,0,0,0,0,0
PRECON.BSE_IDX,01/07/2025,09:57:12,5456.66,0,0,0,0,0,0
PRECON.BSE_IDX,01/07/2025,09:57:20,5457.4,0,0,0,0,0,0
PRECON.BSE_IDX,01/07/2025,09:57:28,5457.92,0,0,0,0,0,0
PRECON.BSE_IDX,01/07/2025,09:57:36,5457.66,0,0,0,0,0,0
PRECON.BSE_IDX,01/07/2025,09:57:44,5458.31,0,0,0,0,0,0
PRECON.BSE_IDX,01/07/2025,09:57:52,5458.89,0,0,0,0,0,0
PRECON.BSE_IDX,01/07/2025,09:58:00,5458.52,0,0,0,0,0,0
PRECON.BSE_IDX,01/07/2025,09:58:08,5458.63,0,0,0,0,0,0
PRECON.BSE_IDX,01/07/2025,09:58:16,5458.68,0,0,0,0,0,0
PRECON.BSE_IDX,01/07/2025,09:58:24,5458.56,0,0,0,0,0,0
PRECON.BSE_IDX,01/07/2025,09:58:32,5458.66,0,0,0,0,0,0
PRECON.BSE_IDX,01/07/2025,09:58:40,5459.32,0,0,0,0,0,0
PRECON.BSE_IDX,01/07/2025,09:58:48,5459.04,0,0,0,0,0,0
PRECON.BSE_IDX,01/07/2025,09:58:56,5458.48,0,0,0,0,0,0
PRECON.BSE_IDX,01/07/2025,09:59:05,5460.26,0,0,0,0,0,0
PRECON.BSE_IDX,01/07/2025,09:59:12,5459.97,0,0,0,0,0,0
PRECON.BSE_IDX,01/07/2025,09:59:20,5460.84,0,0,0,0,0,0
PRECON.BSE_IDX,01/07/2025,09:59:28,5460.23,0,0,0,0,0,0
PRECON.BSE_IDX,01/07/2025,09:59:36,5461.1,0,0,0,0,0,0
PRECON.BSE_IDX,01/07/2025,09:59:45,5460.85,0,0,0,0,0,0
PRECON.BSE_IDX,01/07/2025,09:59:52,5460.46,0,0,0,0,0,0
PRECON.BSE_IDX,01/07/2025,10:00:01,5460.38,0,0,0,0,0,0
PRECON.BSE_IDX,01/07/2025,10:00:08,5460.66,0,0,0,0,0,0
PRECON.BSE_IDX,01/07/2025,10:00:16,5461.86,0,0,0,0,0,0
PRECON.BSE_IDX,01/07/2025,10:00:25,5462.26,0,0,0,0,0,0
PRECON.BSE_IDX,01/07/2025,10:00:32,5461.8,0,0,0,0,0,0
PRECON.BSE_IDX,01/07/2025,10:00:40,5462.16,0,0,0,0,0,0
PRECON.BSE_IDX,01/07/2025,10:00:49,5462.26,0,0,0,0,0,0
PRECON.BSE_IDX,01/07/2025,10:00:57,5461.78,0,0,0,0,0,0
PRECON.BSE_IDX,01/07/2025,10:01:04,5461.2,0,0,0,0,0,0
PRECON.BSE_IDX,01/07/2025,10:01:12,5460.78,0,0,0,0,0,0
PRECON.BSE_IDX,01/07/2025,10:01:21,5459.96,0,0,0,0,0,0
PRECON.BSE_IDX,01/07/2025,10:01:29,5459.48,0,0,0,0,0,0
PRECON.BSE_IDX,01/07/2025,10:01:37,5459,0,0,0,0,0,0
PRECON.BSE_IDX,01/07/2025,10:01:44,5459.26,0,0,0,0,0,0
PRECON.BSE_IDX,01/07/2025,10:01:52,5458.91,0,0,0,0,0,0
PRECON.BSE_IDX,01/07/2025,10:02:00,5458.14,0,0,0,0,0,0
PRECON.BSE_IDX,01/07/2025,10:02:09,5458.43,0,0,0,0,0,0
PRECON.BSE_IDX,01/07/2025,10:02:17,5458.54,0,0,0,0,0,0
PRECON.BSE_IDX,01/07/2025,10:02:24,5458.64,0,0,0,0,0,0
PRECON.BSE_IDX,01/07/2025,10:02:32,5458.05,0,0,0,0,0,0
PRECON.BSE_IDX,01/07/2025,10:02:41,5457.75,0,0,0,0,0,0
PRECON.BSE_IDX,01/07/2025,10:02:49,5459.01,0,0,0,0,0,0
PRECON.BSE_IDX,01/07/2025,10:02:57,5458.21,0,0,0,0,0,0
PRECON.BSE_IDX,01/07/2025,10:03:04,5457.82,0,0,0,0,0,0
PRECON.BSE_IDX,01/07/2025,10:03:13,5456.73,0,0,0,0,0,0
PRECON.BSE_IDX,01/07/2025,10:03:20,5455.55,0,0,0,0,0,0
PRECON.BSE_IDX,01/07/2025,10:03:29,5455.19,0,0,0,0,0,0
PRECON.BSE_IDX,01/07/2025,10:03:37,5454.88,0,0,0,0,0,0
PRECON.BSE_IDX,01/07/2025,10:03:45,5456.37,0,0,0,0,0,0
PRECON.BSE_IDX,01/07/2025,10:03:53,5455.98,0,0,0,0,0,0
PRECON.BSE_IDX,01/07/2025,10:04:01,5456.51,0,0,0,0,0,0
PRECON.BSE_IDX,01/07/2025,10:04:09,5456.52,0,0,0,0,0,0
PRECON.BSE_IDX,01/07/2025,10:04:17,5457.29,0,0,0,0,0,0
PRECON.BSE_IDX,01/07/2025,10:04:25,5457.61,0,0,0,0,0,0
PRECON.BSE_IDX,01/07/2025,10:04:33,5457.82,0,0,0,0,0,0
PRECON.BSE_IDX,01/07/2025,10:04:41,5457.44,0,0,0,0,0,0
PRECON.BSE_IDX,01/07/2025,10:04:50,5458,0,0,0,0,0,0
PRECON.BSE_IDX,01/07/2025,10:04:57,5457.55,0,0,0,0,0,0
PRECON.BSE_IDX,01/07/2025,10:05:05,5457.23,0,0,0,0,0,0
PRECON.BSE_IDX,01/07/2025,10:05:14,5457.14,0,0,0,0,0,0
PRECON.BSE_IDX,01/07/2025,10:05:21,5457.21,0,0,0,0,0,0
PRECON.BSE_IDX,01/07/2025,10:05:29,5455.92,0,0,0,0,0,0
PRECON.BSE_IDX,01/07/2025,10:05:37,5456.5,0,0,0,0,0,0
PRECON.BSE_IDX,01/07/2025,10:05:45,5457.62,0,0,0,0,0,0
PRECON.BSE_IDX,01/07/2025,10:05:53,5458.14,0,0,0,0,0,0
PRECON.BSE_IDX,01/07/2025,10:06:01,5457.13,0,0,0,0,0,0
PRECON.BSE_IDX,01/07/2025,10:06:09,5457.39,0,0,0,0,0,0
PRECON.BSE_IDX,01/07/2025,10:06:17,5458.24,0,0,0,0,0,0
PRECON.BSE_IDX,01/07/2025,10:06:25,5458.16,0,0,0,0,0,0
PRECON.BSE_IDX,01/07/2025,10:06:33,5458.1,0,0,0,0,0,0
PRECON.BSE_IDX,01/07/2025,10:06:41,5457.84,0,0,0,0,0,0
PRECON.BSE_IDX,01/07/2025,10:06:49,5457.84,0,0,0,0,0,0
PRECON.BSE_IDX,01/07/2025,10:06:57,5457.98,0,0,0,0,0,0
PRECON.BSE_IDX,01/07/2025,10:07:05,5458.89,0,0,0,0,0,0
PRECON.BSE_IDX,01/07/2025,10:07:13,5458.89,0,0,0,0,0,0
PRECON.BSE_IDX,01/07/2025,10:07:21,5458.98,0,0,0,0,0,0
PRECON.BSE_IDX,01/07/2025,10:07:29,5459.06,0,0,0,0,0,0
PRECON.BSE_IDX,01/07/2025,10:07:37,5459.2,0,0,0,0,0,0
PRECON.BSE_IDX,01/07/2025,10:07:45,5459.51,0,0,0,0,0,0
PRECON.BSE_IDX,01/07/2025,10:07:53,5459.39,0,0,0,0,0,0
PRECON.BSE_IDX,01/07/2025,10:08:01,5459.49,0,0,0,0,0,0
PRECON.BSE_IDX,01/07/2025,10:08:09,5460.01,0,0,0,0,0,0
PRECON.BSE_IDX,01/07/2025,10:08:17,5460.08,0,0,0,0,0,0
PRECON.BSE_IDX,01/07/2025,10:08:25,5461.62,0,0,0,0,0,0
PRECON.BSE_IDX,01/07/2025,10:08:33,5460.81,0,0,0,0,0,0
PRECON.BSE_IDX,01/07/2025,10:08:41,5460.33,0,0,0,0,0,0
PRECON.BSE_IDX,01/07/2025,10:08:49,5459.96,0,0,0,0,0,0
PRECON.BSE_IDX,01/07/2025,10:08:57,5459.2,0,0,0,0,0,0
PRECON.BSE_IDX,01/07/2025,10:09:05,5458.68,0,0,0,0,0,0
PRECON.BSE_IDX,01/07/2025,10:09:13,5458.47,0,0,0,0,0,0
PRECON.BSE_IDX,01/07/2025,10:09:21,5457.18,0,0,0,0,0,0
PRECON.BSE_IDX,01/07/2025,10:09:29,5457.1,0,0,0,0,0,0
PRECON.BSE_IDX,01/07/2025,10:09:37,5456.94,0,0,0,0,0,0
PRECON.BSE_IDX,01/07/2025,10:09:45,5456.93,0,0,0,0,0,0
PRECON.BSE_IDX,01/07/2025,10:09:53,5456.82,0,0,0,0,0,0
PRECON.BSE_IDX,01/07/2025,10:10:01,5456.59,0,0,0,0,0,0
PRECON.BSE_IDX,01/07/2025,10:10:09,5456.5,0,0,0,0,0,0
PRECON.BSE_IDX,01/07/2025,10:10:17,5456.3,0,0,0,0,0,0
PRECON.BSE_IDX,01/07/2025,10:10:25,5456.9,0,0,0,0,0,0
PRECON.BSE_IDX,01/07/2025,10:10:33,5456.67,0,0,0,0,0,0
PRECON.BSE_IDX,01/07/2025,10:10:41,5456.45,0,0,0,0,0,0
PRECON.BSE_IDX,01/07/2025,10:10:49,5456.77,0,0,0,0,0,0
PRECON.BSE_IDX,01/07/2025,10:10:57,5456.5,0,0,0,0,0,0
PRECON.BSE_IDX,01/07/2025,10:11:05,5456.45,0,0,0,0,0,0
PRECON.BSE_IDX,01/07/2025,10:11:13,5456.69,0,0,0,0,0,0
PRECON.BSE_IDX,01/07/2025,10:11:22,5455.83,0,0,0,0,0,0
PRECON.BSE_IDX,01/07/2025,10:11:29,5455.66,0,0,0,0,0,0
PRECON.BSE_IDX,01/07/2025,10:11:37,5455.25,0,0,0,0,0,0
PRECON.BSE_IDX,01/07/2025,10:11:45,5454.51,0,0,0,0,0,0
PRECON.BSE_IDX,01/07/2025,10:11:53,5454.71,0,0,0,0,0,0
PRECON.BSE_IDX,01/07/2025,10:12:01,5455.37,0,0,0,0,0,0
PRECON.BSE_IDX,01/07/2025,10:12:09,5454.79,0,0,0,0,0,0
PRECON.BSE_IDX,01/07/2025,10:12:17,5453.82,0,0,0,0,0,0
PRECON.BSE_IDX,01/07/2025,10:12:25,5453.76,0,0,0,0,0,0
PRECON.BSE_IDX,01/07/2025,10:12:33,5453.79,0,0,0,0,0,0
PRECON.BSE_IDX,01/07/2025,10:12:41,5454.01,0,0,0,0,0,0
PRECON.BSE_IDX,01/07/2025,10:12:49,5453.73,0,0,0,0,0,0
PRECON.BSE_IDX,01/07/2025,10:12:57,5452.81,0,0,0,0,0,0
PRECON.BSE_IDX,01/07/2025,10:13:05,5452.45,0,0,0,0,0,0
PRECON.BSE_IDX,01/07/2025,10:13:13,5452.58,0,0,0,0,0,0
PRECON.BSE_IDX,01/07/2025,10:13:21,5453.24,0,0,0,0,0,0
PRECON.BSE_IDX,01/07/2025,10:13:29,5453.35,0,0,0,0,0,0
PRECON.BSE_IDX,01/07/2025,10:13:37,5452.39,0,0,0,0,0,0
PRECON.BSE_IDX,01/07/2025,10:13:45,5451.84,0,0,0,0,0,0
PRECON.BSE_IDX,01/07/2025,10:13:53,5452.22,0,0,0,0,0,0
PRECON.BSE_IDX,01/07/2025,10:14:01,5451.99,0,0,0,0,0,0
PRECON.BSE_IDX,01/07/2025,10:14:09,5451.67,0,0,0,0,0,0
PRECON.BSE_IDX,01/07/2025,10:14:17,5451.01,0,0,0,0,0,0
PRECON.BSE_IDX,01/07/2025,10:14:25,5451.22,0,0,0,0,0,0
PRECON.BSE_IDX,01/07/2025,10:14:33,5451.34,0,0,0,0,0,0
PRECON.BSE_IDX,01/07/2025,10:14:41,5451.4,0,0,0,0,0,0
PRECON.BSE_IDX,01/07/2025,10:14:49,5449.93,0,0,0,0,0,0
PRECON.BSE_IDX,01/07/2025,10:14:57,5449.68,0,0,0,0,0,0
PRECON.BSE_IDX,01/07/2025,10:15:05,5448.93,0,0,0,0,0,0
PRECON.BSE_IDX,01/07/2025,10:15:13,5449.01,0,0,0,0,0,0
PRECON.BSE_IDX,01/07/2025,10:15:21,5449.5,0,0,0,0,0,0
PRECON.BSE_IDX,01/07/2025,10:15:29,5449.61,0,0,0,0,0,0
PRECON.BSE_IDX,01/07/2025,10:15:37,5449.39,0,0,0,0,0,0
PRECON.BSE_IDX,01/07/2025,10:15:45,5449.33,0,0,0,0,0,0
PRECON.BSE_IDX,01/07/2025,10:15:53,5448.42,0,0,0,0,0,0
PRECON.BSE_IDX,01/07/2025,10:16:01,5448.12,0,0,0,0,0,0
PRECON.BSE_IDX,01/07/2025,10:16:09,5448.43,0,0,0,0,0,0
PRECON.BSE_IDX,01/07/2025,10:16:17,5448.75,0,0,0,0,0,0
PRECON.BSE_IDX,01/07/2025,10:16:25,5449.02,0,0,0,0,0,0
PRECON.BSE_IDX,01/07/2025,10:16:33,5449.52,0,0,0,0,0,0
PRECON.BSE_IDX,01/07/2025,10:16:41,5449.72,0,0,0,0,0,0
PRECON.BSE_IDX,01/07/2025,10:16:49,5450.03,0,0,0,0,0,0
PRECON.BSE_IDX,01/07/2025,10:16:57,5450.23,0,0,0,0,0,0
PRECON.BSE_IDX,01/07/2025,10:17:05,5450.47,0,0,0,0,0,0
PRECON.BSE_IDX,01/07/2025,10:17:13,5450.09,0,0,0,0,0,0
PRECON.BSE_IDX,01/07/2025,10:17:21,5449.83,0,0,0,0,0,0
PRECON.BSE_IDX,01/07/2025,10:17:29,5450.22,0,0,0,0,0,0
PRECON.BSE_IDX,01/07/2025,10:17:37,5450.04,0,0,0,0,0,0
PRECON.BSE_IDX,01/07/2025,10:17:45,5450.55,0,0,0,0,0,0
PRECON.BSE_IDX,01/07/2025,10:17:53,5451.54,0,0,0,0,0,0
PRECON.BSE_IDX,01/07/2025,10:18:01,5451.42,0,0,0,0,0,0
PRECON.BSE_IDX,01/07/2025,10:18:09,5451.92,0,0,0,0,0,0
PRECON.BSE_IDX,01/07/2025,10:18:17,5451.95,0,0,0,0,0,0
PRECON.BSE_IDX,01/07/2025,10:18:25,5451.35,0,0,0,0,0,0
PRECON.BSE_IDX,01/07/2025,10:18:33,5451.64,0,0,0,0,0,0
PRECON.BSE_IDX,01/07/2025,10:18:41,5451.35,0,0,0,0,0,0
PRECON.BSE_IDX,01/07/2025,10:18:49,5451.86,0,0,0,0,0,0
PRECON.BSE_IDX,01/07/2025,10:18:57,5451.31,0,0,0,0,0,0
PRECON.BSE_IDX,01/07/2025,10:19:05,5449.51,0,0,0,0,0,0
PRECON.BSE_IDX,01/07/2025,10:19:13,5450.05,0,0,0,0,0,0
PRECON.BSE_IDX,01/07/2025,10:19:21,5449.35,0,0,0,0,0,0
PRECON.BSE_IDX,01/07/2025,10:19:29,5449.72,0,0,0,0,0,0
PRECON.BSE_IDX,01/07/2025,10:19:37,5449.44,0,0,0,0,0,0
PRECON.BSE_IDX,01/07/2025,10:19:45,5448.72,0,0,0,0,0,0
PRECON.BSE_IDX,01/07/2025,10:19:53,5448.74,0,0,0,0,0,0
PRECON.BSE_IDX,01/07/2025,10:20:01,5448.8,0,0,0,0,0,0
PRECON.BSE_IDX,01/07/2025,10:20:09,5448.45,0,0,0,0,0,0
PRECON.BSE_IDX,01/07/2025,10:20:17,5448.52,0,0,0,0,0,0
PRECON.BSE_IDX,01/07/2025,10:20:25,5448.25,0,0,0,0,0,0
PRECON.BSE_IDX,01/07/2025,10:20:33,5448.46,0,0,0,0,0,0
PRECON.BSE_IDX,01/07/2025,10:20:41,5448.48,0,0,0,0,0,0
PRECON.BSE_IDX,01/07/2025,10:20:49,5448.66,0,0,0,0,0,0
PRECON.BSE_IDX,01/07/2025,10:20:57,5448.55,0,0,0,0,0,0
PRECON.BSE_IDX,01/07/2025,10:21:05,5447.85,0,0,0,0,0,0
PRECON.BSE_IDX,01/07/2025,10:21:13,5446.6,0,0,0,0,0,0
PRECON.BSE_IDX,01/07/2025,10:21:21,5445.25,0,0,0,0,0,0
PRECON.BSE_IDX,01/07/2025,10:21:29,5444.18,0,0,0,0,0,0
PRECON.BSE_IDX,01/07/2025,10:21:37,5444.48,0,0,0,0,0,0
PRECON.BSE_IDX,01/07/2025,10:21:45,5443.93,0,0,0,0,0,0
PRECON.BSE_IDX,01/07/2025,10:21:53,5443.52,0,0,0,0,0,0
PRECON.BSE_IDX,01/07/2025,10:22:01,5444.01,0,0,0,0,0,0
PRECON.BSE_IDX,01/07/2025,10:22:09,5443.22,0,0,0,0,0,0
PRECON.BSE_IDX,01/07/2025,10:22:17,5443.12,0,0,0,0,0,0
PRECON.BSE_IDX,01/07/2025,10:22:25,5443.2,0,0,0,0,0,0
PRECON.BSE_IDX,01/07/2025,10:22:33,5443.84,0,0,0,0,0,0
PRECON.BSE_IDX,01/07/2025,10:22:41,5444.01,0,0,0,0,0,0
PRECON.BSE_IDX,01/07/2025,10:22:49,5444.05,0,0,0,0,0,0
PRECON.BSE_IDX,01/07/2025,10:22:57,5444.08,0,0,0,0,0,0
PRECON.BSE_IDX,01/07/2025,10:23:05,5444.14,0,0,0,0,0,0
PRECON.BSE_IDX,01/07/2025,10:23:13,5444.43,0,0,0,0,0,0
PRECON.BSE_IDX,01/07/2025,10:23:21,5443.84,0,0,0,0,0,0
PRECON.BSE_IDX,01/07/2025,10:23:29,5443.93,0,0,0,0,0,0
PRECON.BSE_IDX,01/07/2025,10:23:37,5443.89,0,0,0,0,0,0
PRECON.BSE_IDX,01/07/2025,10:23:45,5444.01,0,0,0,0,0,0
PRECON.BSE_IDX,01/07/2025,10:23:53,5443.77,0,0,0,0,0,0
PRECON.BSE_IDX,01/07/2025,10:24:01,5443.43,0,0,0,0,0,0
PRECON.BSE_IDX,01/07/2025,10:24:09,5443.79,0,0,0,0,0,0
PRECON.BSE_IDX,01/07/2025,10:24:17,5443.54,0,0,0,0,0,0
PRECON.BSE_IDX,01/07/2025,10:24:25,5443.39,0,0,0,0,0,0
PRECON.BSE_IDX,01/07/2025,10:24:33,5442.72,0,0,0,0,0,0
PRECON.BSE_IDX,01/07/2025,10:24:41,5442.27,0,0,0,0,0,0
PRECON.BSE_IDX,01/07/2025,10:24:49,5442.83,0,0,0,0,0,0
PRECON.BSE_IDX,01/07/2025,10:24:57,5443,0,0,0,0,0,0
PRECON.BSE_IDX,01/07/2025,10:25:05,5443.34,0,0,0,0,0,0
PRECON.BSE_IDX,01/07/2025,10:25:13,5443.18,0,0,0,0,0,0
PRECON.BSE_IDX,01/07/2025,10:25:21,5443.34,0,0,0,0,0,0
PRECON.BSE_IDX,01/07/2025,10:25:29,5442.67,0,0,0,0,0,0
PRECON.BSE_IDX,01/07/2025,10:25:37,5442.69,0,0,0,0,0,0
PRECON.BSE_IDX,01/07/2025,10:25:45,5442.78,0,0,0,0,0,0
PRECON.BSE_IDX,01/07/2025,10:25:53,5442.66,0,0,0,0,0,0
PRECON.BSE_IDX,01/07/2025,10:26:01,5442.28,0,0,0,0,0,0
PRECON.BSE_IDX,01/07/2025,10:26:09,5442.28,0,0,0,0,0,0
PRECON.BSE_IDX,01/07/2025,10:26:17,5442.88,0,0,0,0,0,0
PRECON.BSE_IDX,01/07/2025,10:26:25,5442.59,0,0,0,0,0,0
PRECON.BSE_IDX,01/07/2025,10:26:33,5442.87,0,0,0,0,0,0
PRECON.BSE_IDX,01/07/2025,10:26:41,5442.78,0,0,0,0,0,0
PRECON.BSE_IDX,01/07/2025,10:26:49,5443.33,0,0,0,0,0,0
PRECON.BSE_IDX,01/07/2025,10:26:57,5443.29,0,0,0,0,0,0
PRECON.BSE_IDX,01/07/2025,10:27:05,5443.61,0,0,0,0,0,0
PRECON.BSE_IDX,01/07/2025,10:27:13,5443.73,0,0,0,0,0,0
PRECON.BSE_IDX,01/07/2025,10:27:21,5443.87,0,0,0,0,0,0
PRECON.BSE_IDX,01/07/2025,10:27:29,5444.21,0,0,0,0,0,0
PRECON.BSE_IDX,01/07/2025,10:27:37,5444.05,0,0,0,0,0,0
PRECON.BSE_IDX,01/07/2025,10:27:45,5443.51,0,0,0,0,0,0
PRECON.BSE_IDX,01/07/2025,10:27:53,5444.25,0,0,0,0,0,0
PRECON.BSE_IDX,01/07/2025,10:28:01,5444.04,0,0,0,0,0,0
PRECON.BSE_IDX,01/07/2025,10:28:09,5444.63,0,0,0,0,0,0
PRECON.BSE_IDX,01/07/2025,10:28:17,5444.8,0,0,0,0,0,0
PRECON.BSE_IDX,01/07/2025,10:28:25,5443.85,0,0,0,0,0,0
PRECON.BSE_IDX,01/07/2025,10:28:33,5444.45,0,0,0,0,0,0
PRECON.BSE_IDX,01/07/2025,10:28:41,5444.2,0,0,0,0,0,0
PRECON.BSE_IDX,01/07/2025,10:28:49,5443.62,0,0,0,0,0,0
PRECON.BSE_IDX,01/07/2025,10:28:57,5443.68,0,0,0,0,0,0
PRECON.BSE_IDX,01/07/2025,10:29:05,5443.46,0,0,0,0,0,0
PRECON.BSE_IDX,01/07/2025,10:29:13,5443.65,0,0,0,0,0,0
PRECON.BSE_IDX,01/07/2025,10:29:21,5443.37,0,0,0,0,0,0
PRECON.BSE_IDX,01/07/2025,10:29:29,5443.76,0,0,0,0,0,0
PRECON.BSE_IDX,01/07/2025,10:29:37,5443.43,0,0,0,0,0,0
PRECON.BSE_IDX,01/07/2025,10:29:46,5442.75,0,0,0,0,0,0
PRECON.BSE_IDX,01/07/2025,10:29:54,5442.99,0,0,0,0,0,0
PRECON.BSE_IDX,01/07/2025,10:30:01,5443.37,0,0,0,0,0,0
PRECON.BSE_IDX,01/07/2025,10:30:09,5443.44,0,0,0,0,0,0
PRECON.BSE_IDX,01/07/2025,10:30:17,5443.93,0,0,0,0,0,0
PRECON.BSE_IDX,01/07/2025,10:30:25,5444.31,0,0,0,0,0,0
PRECON.BSE_IDX,01/07/2025,10:30:33,5444.94,0,0,0,0,0,0
PRECON.BSE_IDX,01/07/2025,10:30:41,5444.98,0,0,0,0,0,0
PRECON.BSE_IDX,01/07/2025,10:30:49,5444.71,0,0,0,0,0,0
PRECON.BSE_IDX,01/07/2025,10:30:57,5444.71,0,0,0,0,0,0
PRECON.BSE_IDX,01/07/2025,10:31:05,5445.21,0,0,0,0,0,0
PRECON.BSE_IDX,01/07/2025,10:31:13,5446.21,0,0,0,0,0,0
PRECON.BSE_IDX,01/07/2025,10:31:22,5445.63,0,0,0,0,0,0
PRECON.BSE_IDX,01/07/2025,10:31:29,5444.69,0,0,0,0,0,0
PRECON.BSE_IDX,01/07/2025,10:31:37,5444.53,0,0,0,0,0,0
PRECON.BSE_IDX,01/07/2025,10:31:46,5443.53,0,0,0,0,0,0
PRECON.BSE_IDX,01/07/2025,10:31:53,5443.52,0,0,0,0,0,0
PRECON.BSE_IDX,01/07/2025,10:32:01,5443.32,0,0,0,0,0,0
PRECON.BSE_IDX,01/07/2025,10:32:10,5443.86,0,0,0,0,0,0
PRECON.BSE_IDX,01/07/2025,10:32:17,5443.2,0,0,0,0,0,0
PRECON.BSE_IDX,01/07/2025,10:32:25,5443.77,0,0,0,0,0,0
PRECON.BSE_IDX,01/07/2025,10:32:33,5443.91,0,0,0,0,0,0
PRECON.BSE_IDX,01/07/2025,10:32:41,5444.08,0,0,0,0,0,0
PRECON.BSE_IDX,01/07/2025,10:32:49,5445.08,0,0,0,0,0,0
PRECON.BSE_IDX,01/07/2025,10:32:57,5445.74,0,0,0,0,0,0
PRECON.BSE_IDX,01/07/2025,10:33:06,5445.94,0,0,0,0,0,0
PRECON.BSE_IDX,01/07/2025,10:33:13,5446,0,0,0,0,0,0
PRECON.BSE_IDX,01/07/2025,10:33:22,5446.12,0,0,0,0,0,0
PRECON.BSE_IDX,01/07/2025,10:33:29,5445.81,0,0,0,0,0,0
PRECON.BSE_IDX,01/07/2025,10:33:37,5445.94,0,0,0,0,0,0
PRECON.BSE_IDX,01/07/2025,10:33:45,5446.63,0,0,0,0,0,0
PRECON.BSE_IDX,01/07/2025,10:33:53,5446.05,0,0,0,0,0,0
PRECON.BSE_IDX,01/07/2025,10:34:01,5446.1,0,0,0,0,0,0
PRECON.BSE_IDX,01/07/2025,10:34:09,5445.99,0,0,0,0,0,0
PRECON.BSE_IDX,01/07/2025,10:34:17,5446.66,0,0,0,0,0,0
PRECON.BSE_IDX,01/07/2025,10:34:25,5446.51,0,0,0,0,0,0
PRECON.BSE_IDX,01/07/2025,10:34:33,5447,0,0,0,0,0,0
PRECON.BSE_IDX,01/07/2025,10:34:41,5447.16,0,0,0,0,0,0
PRECON.BSE_IDX,01/07/2025,10:34:49,5447.08,0,0,0,0,0,0
PRECON.BSE_IDX,01/07/2025,10:34:58,5446.07,0,0,0,0,0,0
PRECON.BSE_IDX,01/07/2025,10:35:06,5445.74,0,0,0,0,0,0
PRECON.BSE_IDX,01/07/2025,10:35:14,5445.24,0,0,0,0,0,0
PRECON.BSE_IDX,01/07/2025,10:35:21,5445.51,0,0,0,0,0,0
PRECON.BSE_IDX,01/07/2025,10:35:29,5444.86,0,0,0,0,0,0
PRECON.BSE_IDX,01/07/2025,10:35:37,5444.23,0,0,0,0,0,0
PRECON.BSE_IDX,01/07/2025,10:35:45,5443.75,0,0,0,0,0,0
PRECON.BSE_IDX,01/07/2025,10:35:54,5443.29,0,0,0,0,0,0
PRECON.BSE_IDX,01/07/2025,10:36:02,5443.48,0,0,0,0,0,0
PRECON.BSE_IDX,01/07/2025,10:36:10,5443.84,0,0,0,0,0,0
PRECON.BSE_IDX,01/07/2025,10:36:18,5444.04,0,0,0,0,0,0
PRECON.BSE_IDX,01/07/2025,10:36:25,5443.66,0,0,0,0,0,0
PRECON.BSE_IDX,01/07/2025,10:36:34,5443.78,0,0,0,0,0,0
PRECON.BSE_IDX,01/07/2025,10:36:42,5443.6,0,0,0,0,0,0
PRECON.BSE_IDX,01/07/2025,10:36:49,5443.86,0,0,0,0,0,0
PRECON.BSE_IDX,01/07/2025,10:36:58,5443.69,0,0,0,0,0,0
PRECON.BSE_IDX,01/07/2025,10:37:06,5443.7,0,0,0,0,0,0
PRECON.BSE_IDX,01/07/2025,10:37:14,5443.26,0,0,0,0,0,0
PRECON.BSE_IDX,01/07/2025,10:37:22,5443.52,0,0,0,0,0,0
PRECON.BSE_IDX,01/07/2025,10:37:30,5443.32,0,0,0,0,0,0
PRECON.BSE_IDX,01/07/2025,10:37:38,5442.69,0,0,0,0,0,0
PRECON.BSE_IDX,01/07/2025,10:37:46,5442.71,0,0,0,0,0,0
PRECON.BSE_IDX,01/07/2025,10:37:54,5442.37,0,0,0,0,0,0
PRECON.BSE_IDX,01/07/2025,10:38:02,5442.97,0,0,0,0,0,0
PRECON.BSE_IDX,01/07/2025,10:38:10,5443,0,0,0,0,0,0
PRECON.BSE_IDX,01/07/2025,10:38:18,5443.48,0,0,0,0,0,0
PRECON.BSE_IDX,01/07/2025,10:38:26,5443.18,0,0,0,0,0,0
PRECON.BSE_IDX,01/07/2025,10:38:34,5443.12,0,0,0,0,0,0
PRECON.BSE_IDX,01/07/2025,10:38:42,5443.54,0,0,0,0,0,0
PRECON.BSE_IDX,01/07/2025,10:38:50,5443.73,0,0,0,0,0,0
PRECON.BSE_IDX,01/07/2025,10:38:58,5443.78,0,0,0,0,0,0
PRECON.BSE_IDX,01/07/2025,10:39:06,5443.66,0,0,0,0,0,0
PRECON.BSE_IDX,01/07/2025,10:39:14,5444.77,0,0,0,0,0,0
PRECON.BSE_IDX,01/07/2025,10:39:22,5444.71,0,0,0,0,0,0
PRECON.BSE_IDX,01/07/2025,10:39:30,5444.87,0,0,0,0,0,0
PRECON.BSE_IDX,01/07/2025,10:39:38,5444.97,0,0,0,0,0,0
PRECON.BSE_IDX,01/07/2025,10:39:46,5445.98,0,0,0,0,0,0
PRECON.BSE_IDX,01/07/2025,10:39:54,5446.22,0,0,0,0,0,0
PRECON.BSE_IDX,01/07/2025,10:40:02,5446.58,0,0,0,0,0,0
PRECON.BSE_IDX,01/07/2025,10:40:10,5446.15,0,0,0,0,0,0
PRECON.BSE_IDX,01/07/2025,10:40:18,5446.18,0,0,0,0,0,0
PRECON.BSE_IDX,01/07/2025,10:40:26,5444.31,0,0,0,0,0,0
PRECON.BSE_IDX,01/07/2025,10:40:34,5444.06,0,0,0,0,0,0
PRECON.BSE_IDX,01/07/2025,10:40:42,5443.89,0,0,0,0,0,0
PRECON.BSE_IDX,01/07/2025,10:40:50,5444.68,0,0,0,0,0,0
PRECON.BSE_IDX,01/07/2025,10:40:58,5445.08,0,0,0,0,0,0
PRECON.BSE_IDX,01/07/2025,10:41:06,5445.15,0,0,0,0,0,0
PRECON.BSE_IDX,01/07/2025,10:41:14,5444.99,0,0,0,0,0,0
PRECON.BSE_IDX,01/07/2025,10:41:22,5445.35,0,0,0,0,0,0
PRECON.BSE_IDX,01/07/2025,10:41:30,5445.34,0,0,0,0,0,0
PRECON.BSE_IDX,01/07/2025,10:41:38,5445.66,0,0,0,0,0,0
PRECON.BSE_IDX,01/07/2025,10:41:46,5444.82,0,0,0,0,0,0
PRECON.BSE_IDX,01/07/2025,10:41:54,5444.91,0,0,0,0,0,0
PRECON.BSE_IDX,01/07/2025,10:42:02,5445.43,0,0,0,0,0,0
PRECON.BSE_IDX,01/07/2025,10:42:10,5444.76,0,0,0,0,0,0
PRECON.BSE_IDX,01/07/2025,10:42:18,5444.96,0,0,0,0,0,0
PRECON.BSE_IDX,01/07/2025,10:42:26,5444.73,0,0,0,0,0,0
PRECON.BSE_IDX,01/07/2025,10:42:34,5444.37,0,0,0,0,0,0
PRECON.BSE_IDX,01/07/2025,10:42:42,5443.67,0,0,0,0,0,0
PRECON.BSE_IDX,01/07/2025,10:42:50,5444.01,0,0,0,0,0,0
PRECON.BSE_IDX,01/07/2025,10:42:58,5443.94,0,0,0,0,0,0
PRECON.BSE_IDX,01/07/2025,10:43:06,5444.46,0,0,0,0,0,0
PRECON.BSE_IDX,01/07/2025,10:43:14,5444.7,0,0,0,0,0,0
PRECON.BSE_IDX,01/07/2025,10:43:22,5444.17,0,0,0,0,0,0
PRECON.BSE_IDX,01/07/2025,10:43:30,5444.31,0,0,0,0,0,0
PRECON.BSE_IDX,01/07/2025,10:43:38,5444.19,0,0,0,0,0,0
PRECON.BSE_IDX,01/07/2025,10:43:46,5444,0,0,0,0,0,0
PRECON.BSE_IDX,01/07/2025,10:43:54,5444.1,0,0,0,0,0,0
PRECON.BSE_IDX,01/07/2025,10:44:02,5444.02,0,0,0,0,0,0
PRECON.BSE_IDX,01/07/2025,10:44:10,5443.49,0,0,0,0,0,0
PRECON.BSE_IDX,01/07/2025,10:44:18,5443.88,0,0,0,0,0,0
PRECON.BSE_IDX,01/07/2025,10:44:26,5443.9,0,0,0,0,0,0
PRECON.BSE_IDX,01/07/2025,10:44:34,5443.46,0,0,0,0,0,0
PRECON.BSE_IDX,01/07/2025,10:44:42,5442.96,0,0,0,0,0,0
PRECON.BSE_IDX,01/07/2025,10:44:50,5442.85,0,0,0,0,0,0
PRECON.BSE_IDX,01/07/2025,10:44:58,5442.12,0,0,0,0,0,0
PRECON.BSE_IDX,01/07/2025,10:45:07,5442,0,0,0,0,0,0
PRECON.BSE_IDX,01/07/2025,10:45:14,5441.8,0,0,0,0,0,0
PRECON.BSE_IDX,01/07/2025,10:45:22,5441.96,0,0,0,0,0,0
PRECON.BSE_IDX,01/07/2025,10:45:30,5441.65,0,0,0,0,0,0
PRECON.BSE_IDX,01/07/2025,10:45:38,5441.59,0,0,0,0,0,0
PRECON.BSE_IDX,01/07/2025,10:45:46,5441.97,0,0,0,0,0,0
PRECON.BSE_IDX,01/07/2025,10:45:54,5440.65,0,0,0,0,0,0
PRECON.BSE_IDX,01/07/2025,10:46:02,5440.13,0,0,0,0,0,0
PRECON.BSE_IDX,01/07/2025,10:46:10,5440.11,0,0,0,0,0,0
PRECON.BSE_IDX,01/07/2025,10:46:18,5439.35,0,0,0,0,0,0
PRECON.BSE_IDX,01/07/2025,10:46:26,5438.58,0,0,0,0,0,0
PRECON.BSE_IDX,01/07/2025,10:46:34,5438.12,0,0,0,0,0,0
PRECON.BSE_IDX,01/07/2025,10:46:42,5438.15,0,0,0,0,0,0
PRECON.BSE_IDX,01/07/2025,10:46:50,5439.45,0,0,0,0,0,0
PRECON.BSE_IDX,01/07/2025,10:46:58,5439.2,0,0,0,0,0,0
PRECON.BSE_IDX,01/07/2025,10:47:06,5438.66,0,0,0,0,0,0
PRECON.BSE_IDX,01/07/2025,10:47:14,5438.64,0,0,0,0,0,0
PRECON.BSE_IDX,01/07/2025,10:47:22,5438.91,0,0,0,0,0,0
PRECON.BSE_IDX,01/07/2025,10:47:30,5438.57,0,0,0,0,0,0
PRECON.BSE_IDX,01/07/2025,10:47:38,5438.65,0,0,0,0,0,0
PRECON.BSE_IDX,01/07/2025,10:47:46,5439.02,0,0,0,0,0,0
PRECON.BSE_IDX,01/07/2025,10:47:54,5439.77,0,0,0,0,0,0
PRECON.BSE_IDX,01/07/2025,10:48:02,5439.6,0,0,0,0,0,0
PRECON.BSE_IDX,01/07/2025,10:48:10,5439.49,0,0,0,0,0,0
PRECON.BSE_IDX,01/07/2025,10:48:18,5439.47,0,0,0,0,0,0
PRECON.BSE_IDX,01/07/2025,10:48:26,5439.89,0,0,0,0,0,0
PRECON.BSE_IDX,01/07/2025,10:48:34,5439.54,0,0,0,0,0,0
PRECON.BSE_IDX,01/07/2025,10:48:42,5439.1,0,0,0,0,0,0
PRECON.BSE_IDX,01/07/2025,10:48:50,5439.18,0,0,0,0,0,0
PRECON.BSE_IDX,01/07/2025,10:48:58,5439.06,0,0,0,0,0,0
PRECON.BSE_IDX,01/07/2025,10:49:06,5438.96,0,0,0,0,0,0
PRECON.BSE_IDX,01/07/2025,10:49:14,5438.68,0,0,0,0,0,0
PRECON.BSE_IDX,01/07/2025,10:49:22,5438.59,0,0,0,0,0,0
PRECON.BSE_IDX,01/07/2025,10:49:30,5438.16,0,0,0,0,0,0
PRECON.BSE_IDX,01/07/2025,10:49:38,5437.96,0,0,0,0,0,0
PRECON.BSE_IDX,01/07/2025,10:49:46,5437.99,0,0,0,0,0,0
PRECON.BSE_IDX,01/07/2025,10:49:54,5437.31,0,0,0,0,0,0
PRECON.BSE_IDX,01/07/2025,10:50:02,5437.8,0,0,0,0,0,0
PRECON.BSE_IDX,01/07/2025,10:50:10,5437.77,0,0,0,0,0,0
PRECON.BSE_IDX,01/07/2025,10:50:18,5437.69,0,0,0,0,0,0
PRECON.BSE_IDX,01/07/2025,10:50:26,5437.55,0,0,0,0,0,0
PRECON.BSE_IDX,01/07/2025,10:50:34,5437.11,0,0,0,0,0,0
PRECON.BSE_IDX,01/07/2025,10:50:42,5436.74,0,0,0,0,0,0
PRECON.BSE_IDX,01/07/2025,10:50:50,5436.44,0,0,0,0,0,0
PRECON.BSE_IDX,01/07/2025,10:50:58,5435.82,0,0,0,0,0,0
PRECON.BSE_IDX,01/07/2025,10:51:06,5436.11,0,0,0,0,0,0
PRECON.BSE_IDX,01/07/2025,10:51:14,5436.21,0,0,0,0,0,0
PRECON.BSE_IDX,01/07/2025,10:51:22,5436.38,0,0,0,0,0,0
PRECON.BSE_IDX,01/07/2025,10:51:30,5436.88,0,0,0,0,0,0
PRECON.BSE_IDX,01/07/2025,10:51:38,5436.28,0,0,0,0,0,0
PRECON.BSE_IDX,01/07/2025,10:51:46,5436.27,0,0,0,0,0,0
PRECON.BSE_IDX,01/07/2025,10:51:54,5436.16,0,0,0,0,0,0
PRECON.BSE_IDX,01/07/2025,10:52:02,5436.14,0,0,0,0,0,0
PRECON.BSE_IDX,01/07/2025,10:52:10,5436.05,0,0,0,0,0,0
PRECON.BSE_IDX,01/07/2025,10:52:18,5435.49,0,0,0,0,0,0
PRECON.BSE_IDX,01/07/2025,10:52:26,5434.17,0,0,0,0,0,0
PRECON.BSE_IDX,01/07/2025,10:52:34,5434.28,0,0,0,0,0,0
PRECON.BSE_IDX,01/07/2025,10:52:43,5433.61,0,0,0,0,0,0
PRECON.BSE_IDX,01/07/2025,10:52:50,5432.54,0,0,0,0,0,0
PRECON.BSE_IDX,01/07/2025,10:52:58,5431.82,0,0,0,0,0,0
PRECON.BSE_IDX,01/07/2025,10:53:06,5431.76,0,0,0,0,0,0
PRECON.BSE_IDX,01/07/2025,10:53:14,5431.36,0,0,0,0,0,0
PRECON.BSE_IDX,01/07/2025,10:53:22,5431.81,0,0,0,0,0,0
PRECON.BSE_IDX,01/07/2025,10:53:30,5432.14,0,0,0,0,0,0
PRECON.BSE_IDX,01/07/2025,10:53:38,5432.05,0,0,0,0,0,0
PRECON.BSE_IDX,01/07/2025,10:53:46,5433,0,0,0,0,0,0
PRECON.BSE_IDX,01/07/2025,10:53:54,5433.01,0,0,0,0,0,0
PRECON.BSE_IDX,01/07/2025,10:54:02,5433.78,0,0,0,0,0,0
PRECON.BSE_IDX,01/07/2025,10:54:10,5433.7,0,0,0,0,0,0
PRECON.BSE_IDX,01/07/2025,10:54:18,5432.94,0,0,0,0,0,0
PRECON.BSE_IDX,01/07/2025,10:54:26,5432.74,0,0,0,0,0,0
PRECON.BSE_IDX,01/07/2025,10:54:34,5432.82,0,0,0,0,0,0
PRECON.BSE_IDX,01/07/2025,10:54:42,5432.92,0,0,0,0,0,0
PRECON.BSE_IDX,01/07/2025,10:54:51,5433.55,0,0,0,0,0,0
PRECON.BSE_IDX,01/07/2025,10:54:58,5433.58,0,0,0,0,0,0
PRECON.BSE_IDX,01/07/2025,10:55:06,5433.06,0,0,0,0,0,0
PRECON.BSE_IDX,01/07/2025,10:55:14,5432.83,0,0,0,0,0,0
PRECON.BSE_IDX,01/07/2025,10:55:22,5432.44,0,0,0,0,0,0
PRECON.BSE_IDX,01/07/2025,10:55:30,5432.54,0,0,0,0,0,0
PRECON.BSE_IDX,01/07/2025,10:55:38,5432.3,0,0,0,0,0,0
PRECON.BSE_IDX,01/07/2025,10:55:46,5432.66,0,0,0,0,0,0
PRECON.BSE_IDX,01/07/2025,10:55:54,5432.4,0,0,0,0,0,0
PRECON.BSE_IDX,01/07/2025,10:56:02,5432.22,0,0,0,0,0,0
PRECON.BSE_IDX,01/07/2025,10:56:10,5432.73,0,0,0,0,0,0
PRECON.BSE_IDX,01/07/2025,10:56:18,5433.21,0,0,0,0,0,0
PRECON.BSE_IDX,01/07/2025,10:56:26,5432.6,0,0,0,0,0,0
PRECON.BSE_IDX,01/07/2025,10:56:34,5432.97,0,0,0,0,0,0
PRECON.BSE_IDX,01/07/2025,10:56:42,5432.7,0,0,0,0,0,0
PRECON.BSE_IDX,01/07/2025,10:56:50,5433.3,0,0,0,0,0,0
PRECON.BSE_IDX,01/07/2025,10:56:58,5433.04,0,0,0,0,0,0
PRECON.BSE_IDX,01/07/2025,10:57:06,5432.72,0,0,0,0,0,0
PRECON.BSE_IDX,01/07/2025,10:57:14,5431.65,0,0,0,0,0,0
PRECON.BSE_IDX,01/07/2025,10:57:22,5431.58,0,0,0,0,0,0
PRECON.BSE_IDX,01/07/2025,10:57:30,5431.32,0,0,0,0,0,0
PRECON.BSE_IDX,01/07/2025,10:57:39,5431.98,0,0,0,0,0,0
PRECON.BSE_IDX,01/07/2025,10:57:46,5431.48,0,0,0,0,0,0
PRECON.BSE_IDX,01/07/2025,10:57:54,5431.74,0,0,0,0,0,0
PRECON.BSE_IDX,01/07/2025,10:58:02,5431.87,0,0,0,0,0,0
PRECON.BSE_IDX,01/07/2025,10:58:10,5432.3,0,0,0,0,0,0
PRECON.BSE_IDX,01/07/2025,10:58:18,5432.04,0,0,0,0,0,0
PRECON.BSE_IDX,01/07/2025,10:58:26,5431.29,0,0,0,0,0,0
PRECON.BSE_IDX,01/07/2025,10:58:34,5431.49,0,0,0,0,0,0
PRECON.BSE_IDX,01/07/2025,10:58:42,5431.51,0,0,0,0,0,0
PRECON.BSE_IDX,01/07/2025,10:58:50,5431.45,0,0,0,0,0,0
PRECON.BSE_IDX,01/07/2025,10:58:58,5431.65,0,0,0,0,0,0
PRECON.BSE_IDX,01/07/2025,10:59:06,5431.52,0,0,0,0,0,0
PRECON.BSE_IDX,01/07/2025,10:59:14,5431.36,0,0,0,0,0,0
PRECON.BSE_IDX,01/07/2025,10:59:22,5431.64,0,0,0,0,0,0
PRECON.BSE_IDX,01/07/2025,10:59:30,5431.26,0,0,0,0,0,0
PRECON.BSE_IDX,01/07/2025,10:59:38,5430.94,0,0,0,0,0,0
PRECON.BSE_IDX,01/07/2025,10:59:47,5430.93,0,0,0,0,0,0
PRECON.BSE_IDX,01/07/2025,10:59:55,5430.51,0,0,0,0,0,0
PRECON.BSE_IDX,01/07/2025,11:00:03,5430.45,0,0,0,0,0,0
PRECON.BSE_IDX,01/07/2025,11:00:11,5430.31,0,0,0,0,0,0
PRECON.BSE_IDX,01/07/2025,11:00:18,5430.3,0,0,0,0,0,0
PRECON.BSE_IDX,01/07/2025,11:00:26,5430.61,0,0,0,0,0,0
PRECON.BSE_IDX,01/07/2025,11:00:34,5430.31,0,0,0,0,0,0
PRECON.BSE_IDX,01/07/2025,11:00:42,5430.3,0,0,0,0,0,0
PRECON.BSE_IDX,01/07/2025,11:00:50,5431.04,0,0,0,0,0,0
PRECON.BSE_IDX,01/07/2025,11:00:58,5431.13,0,0,0,0,0,0
PRECON.BSE_IDX,01/07/2025,11:01:06,5431.34,0,0,0,0,0,0
PRECON.BSE_IDX,01/07/2025,11:01:15,5431.35,0,0,0,0,0,0
PRECON.BSE_IDX,01/07/2025,11:01:22,5431.98,0,0,0,0,0,0
PRECON.BSE_IDX,01/07/2025,11:01:30,5432.49,0,0,0,0,0,0
PRECON.BSE_IDX,01/07/2025,11:01:38,5432.89,0,0,0,0,0,0
PRECON.BSE_IDX,01/07/2025,11:01:46,5432.6,0,0,0,0,0,0
PRECON.BSE_IDX,01/07/2025,11:01:54,5432.85,0,0,0,0,0,0
PRECON.BSE_IDX,01/07/2025,11:02:02,5432.63,0,0,0,0,0,0
PRECON.BSE_IDX,01/07/2025,11:02:10,5432.61,0,0,0,0,0,0
PRECON.BSE_IDX,01/07/2025,11:02:18,5433.08,0,0,0,0,0,0
PRECON.BSE_IDX,01/07/2025,11:02:27,5433.25,0,0,0,0,0,0
PRECON.BSE_IDX,01/07/2025,11:02:34,5432.98,0,0,0,0,0,0
PRECON.BSE_IDX,01/07/2025,11:02:42,5433.24,0,0,0,0,0,0
PRECON.BSE_IDX,01/07/2025,11:02:51,5433.28,0,0,0,0,0,0
PRECON.BSE_IDX,01/07/2025,11:02:58,5432.31,0,0,0,0,0,0
PRECON.BSE_IDX,01/07/2025,11:03:06,5432.01,0,0,0,0,0,0
PRECON.BSE_IDX,01/07/2025,11:03:14,5431.58,0,0,0,0,0,0
PRECON.BSE_IDX,01/07/2025,11:03:22,5431.63,0,0,0,0,0,0
PRECON.BSE_IDX,01/07/2025,11:03:31,5431.51,0,0,0,0,0,0
PRECON.BSE_IDX,01/07/2025,11:03:38,5431.5,0,0,0,0,0,0
PRECON.BSE_IDX,01/07/2025,11:03:46,5432.02,0,0,0,0,0,0
PRECON.BSE_IDX,01/07/2025,11:03:54,5431.77,0,0,0,0,0,0
PRECON.BSE_IDX,01/07/2025,11:04:02,5431.87,0,0,0,0,0,0
PRECON.BSE_IDX,01/07/2025,11:04:10,5431.79,0,0,0,0,0,0
PRECON.BSE_IDX,01/07/2025,11:04:18,5431.03,0,0,0,0,0,0
PRECON.BSE_IDX,01/07/2025,11:04:27,5430.48,0,0,0,0,0,0
PRECON.BSE_IDX,01/07/2025,11:04:34,5430.32,0,0,0,0,0,0
PRECON.BSE_IDX,01/07/2025,11:04:42,5430.14,0,0,0,0,0,0
PRECON.BSE_IDX,01/07/2025,11:04:51,5430.41,0,0,0,0,0,0
PRECON.BSE_IDX,01/07/2025,11:04:58,5430.14,0,0,0,0,0,0
PRECON.BSE_IDX,01/07/2025,11:05:06,5430.27,0,0,0,0,0,0
PRECON.BSE_IDX,01/07/2025,11:05:14,5430.64,0,0,0,0,0,0
PRECON.BSE_IDX,01/07/2025,11:05:22,5430.94,0,0,0,0,0,0
PRECON.BSE_IDX,01/07/2025,11:05:31,5430.83,0,0,0,0,0,0
PRECON.BSE_IDX,01/07/2025,11:05:39,5431.01,0,0,0,0,0,0
PRECON.BSE_IDX,01/07/2025,11:05:46,5431,0,0,0,0,0,0
PRECON.BSE_IDX,01/07/2025,11:05:54,5431,0,0,0,0,0,0
PRECON.BSE_IDX,01/07/2025,11:06:03,5430.83,0,0,0,0,0,0
PRECON.BSE_IDX,01/07/2025,11:06:11,5430.93,0,0,0,0,0,0
PRECON.BSE_IDX,01/07/2025,11:06:19,5431.3,0,0,0,0,0,0
PRECON.BSE_IDX,01/07/2025,11:06:27,5431.88,0,0,0,0,0,0
PRECON.BSE_IDX,01/07/2025,11:06:34,5432.18,0,0,0,0,0,0
PRECON.BSE_IDX,01/07/2025,11:06:43,5431.96,0,0,0,0,0,0
PRECON.BSE_IDX,01/07/2025,11:06:51,5431.47,0,0,0,0,0,0
PRECON.BSE_IDX,01/07/2025,11:06:58,5431.27,0,0,0,0,0,0
PRECON.BSE_IDX,01/07/2025,11:07:06,5431.91,0,0,0,0,0,0
PRECON.BSE_IDX,01/07/2025,11:07:15,5431.89,0,0,0,0,0,0
PRECON.BSE_IDX,01/07/2025,11:07:22,5431.74,0,0,0,0,0,0
PRECON.BSE_IDX,01/07/2025,11:07:31,5431.4,0,0,0,0,0,0
PRECON.BSE_IDX,01/07/2025,11:07:39,5431.76,0,0,0,0,0,0
PRECON.BSE_IDX,01/07/2025,11:07:46,5432.24,0,0,0,0,0,0
PRECON.BSE_IDX,01/07/2025,11:07:55,5432.49,0,0,0,0,0,0
PRECON.BSE_IDX,01/07/2025,11:08:02,5432.44,0,0,0,0,0,0
PRECON.BSE_IDX,01/07/2025,11:08:11,5432.76,0,0,0,0,0,0
PRECON.BSE_IDX,01/07/2025,11:08:18,5432.64,0,0,0,0,0,0
PRECON.BSE_IDX,01/07/2025,11:08:27,5432.52,0,0,0,0,0,0
PRECON.BSE_IDX,01/07/2025,11:08:35,5432.82,0,0,0,0,0,0
PRECON.BSE_IDX,01/07/2025,11:08:43,5433.07,0,0,0,0,0,0
PRECON.BSE_IDX,01/07/2025,11:08:51,5433.59,0,0,0,0,0,0
PRECON.BSE_IDX,01/07/2025,11:08:58,5433.81,0,0,0,0,0,0
PRECON.BSE_IDX,01/07/2025,11:09:07,5433.96,0,0,0,0,0,0
PRECON.BSE_IDX,01/07/2025,11:09:15,5433.54,0,0,0,0,0,0
PRECON.BSE_IDX,01/07/2025,11:09:23,5433.69,0,0,0,0,0,0
PRECON.BSE_IDX,01/07/2025,11:09:31,5433.5,0,0,0,0,0,0
PRECON.BSE_IDX,01/07/2025,11:09:39,5433.5,0,0,0,0,0,0
PRECON.BSE_IDX,01/07/2025,11:09:47,5433.62,0,0,0,0,0,0
PRECON.BSE_IDX,01/07/2025,11:09:55,5433.95,0,0,0,0,0,0
PRECON.BSE_IDX,01/07/2025,11:10:03,5433.97,0,0,0,0,0,0
PRECON.BSE_IDX,01/07/2025,11:10:11,5434.03,0,0,0,0,0,0
PRECON.BSE_IDX,01/07/2025,11:10:19,5433.99,0,0,0,0,0,0
PRECON.BSE_IDX,01/07/2025,11:10:27,5434.12,0,0,0,0,0,0
PRECON.BSE_IDX,01/07/2025,11:10:35,5434.68,0,0,0,0,0,0
PRECON.BSE_IDX,01/07/2025,11:10:43,5435.17,0,0,0,0,0,0
PRECON.BSE_IDX,01/07/2025,11:10:51,5435.18,0,0,0,0,0,0
PRECON.BSE_IDX,01/07/2025,11:10:59,5435.4,0,0,0,0,0,0
PRECON.BSE_IDX,01/07/2025,11:11:07,5435,0,0,0,0,0,0
PRECON.BSE_IDX,01/07/2025,11:11:15,5435.11,0,0,0,0,0,0
PRECON.BSE_IDX,01/07/2025,11:11:23,5435.26,0,0,0,0,0,0
PRECON.BSE_IDX,01/07/2025,11:11:31,5435.27,0,0,0,0,0,0
PRECON.BSE_IDX,01/07/2025,11:11:39,5434.53,0,0,0,0,0,0
PRECON.BSE_IDX,01/07/2025,11:11:47,5434.58,0,0,0,0,0,0
PRECON.BSE_IDX,01/07/2025,11:11:55,5434.46,0,0,0,0,0,0
PRECON.BSE_IDX,01/07/2025,11:12:03,5434.89,0,0,0,0,0,0
PRECON.BSE_IDX,01/07/2025,11:12:11,5434.88,0,0,0,0,0,0
PRECON.BSE_IDX,01/07/2025,11:12:19,5435.34,0,0,0,0,0,0
PRECON.BSE_IDX,01/07/2025,11:12:27,5435.07,0,0,0,0,0,0
PRECON.BSE_IDX,01/07/2025,11:12:35,5435.31,0,0,0,0,0,0
PRECON.BSE_IDX,01/07/2025,11:12:43,5435.2,0,0,0,0,0,0
PRECON.BSE_IDX,01/07/2025,11:12:51,5435.04,0,0,0,0,0,0
PRECON.BSE_IDX,01/07/2025,11:12:59,5434.89,0,0,0,0,0,0
PRECON.BSE_IDX,01/07/2025,11:13:07,5434.86,0,0,0,0,0,0
PRECON.BSE_IDX,01/07/2025,11:13:16,5435.06,0,0,0,0,0,0
PRECON.BSE_IDX,01/07/2025,11:13:23,5435.3,0,0,0,0,0,0
PRECON.BSE_IDX,01/07/2025,11:13:31,5435.16,0,0,0,0,0,0
PRECON.BSE_IDX,01/07/2025,11:13:39,5434.79,0,0,0,0,0,0
PRECON.BSE_IDX,01/07/2025,11:13:47,5434.96,0,0,0,0,0,0
PRECON.BSE_IDX,01/07/2025,11:13:55,5434.56,0,0,0,0,0,0
PRECON.BSE_IDX,01/07/2025,11:14:03,5434.35,0,0,0,0,0,0
PRECON.BSE_IDX,01/07/2025,11:14:11,5434.3,0,0,0,0,0,0
PRECON.BSE_IDX,01/07/2025,11:14:19,5434.16,0,0,0,0,0,0
PRECON.BSE_IDX,01/07/2025,11:14:27,5434.35,0,0,0,0,0,0
PRECON.BSE_IDX,01/07/2025,11:14:35,5434.39,0,0,0,0,0,0
PRECON.BSE_IDX,01/07/2025,11:14:43,5434.34,0,0,0,0,0,0
PRECON.BSE_IDX,01/07/2025,11:14:51,5434.56,0,0,0,0,0,0
PRECON.BSE_IDX,01/07/2025,11:14:59,5434.67,0,0,0,0,0,0
PRECON.BSE_IDX,01/07/2025,11:15:07,5434.87,0,0,0,0,0,0
PRECON.BSE_IDX,01/07/2025,11:15:15,5435.04,0,0,0,0,0,0
PRECON.BSE_IDX,01/07/2025,11:15:23,5434.93,0,0,0,0,0,0
PRECON.BSE_IDX,01/07/2025,11:15:31,5434.09,0,0,0,0,0,0
PRECON.BSE_IDX,01/07/2025,11:15:39,5433.6,0,0,0,0,0,0
PRECON.BSE_IDX,01/07/2025,11:15:47,5433.76,0,0,0,0,0,0
PRECON.BSE_IDX,01/07/2025,11:15:56,5434.72,0,0,0,0,0,0
PRECON.BSE_IDX,01/07/2025,11:16:03,5434.32,0,0,0,0,0,0
PRECON.BSE_IDX,01/07/2025,11:16:11,5433.64,0,0,0,0,0,0
PRECON.BSE_IDX,01/07/2025,11:16:19,5433.74,0,0,0,0,0,0
PRECON.BSE_IDX,01/07/2025,11:16:27,5431.63,0,0,0,0,0,0
PRECON.BSE_IDX,01/07/2025,11:16:35,5431.5,0,0,0,0,0,0
PRECON.BSE_IDX,01/07/2025,11:16:43,5431.45,0,0,0,0,0,0
PRECON.BSE_IDX,01/07/2025,11:16:51,5431.64,0,0,0,0,0,0
PRECON.BSE_IDX,01/07/2025,11:16:59,5431.01,0,0,0,0,0,0
PRECON.BSE_IDX,01/07/2025,11:17:07,5430.85,0,0,0,0,0,0
PRECON.BSE_IDX,01/07/2025,11:17:15,5431.64,0,0,0,0,0,0
PRECON.BSE_IDX,01/07/2025,11:17:23,5433.32,0,0,0,0,0,0
PRECON.BSE_IDX,01/07/2025,11:17:31,5434.77,0,0,0,0,0,0
PRECON.BSE_IDX,01/07/2025,11:17:39,5435.18,0,0,0,0,0,0
PRECON.BSE_IDX,01/07/2025,11:17:47,5435.87,0,0,0,0,0,0
PRECON.BSE_IDX,01/07/2025,11:17:57,5436.44,0,0,0,0,0,0
PRECON.BSE_IDX,01/07/2025,11:18:03,5435.05,0,0,0,0,0,0
PRECON.BSE_IDX,01/07/2025,11:18:11,5435.13,0,0,0,0,0,0
PRECON.BSE_IDX,01/07/2025,11:18:19,5435.29,0,0,0,0,0,0
PRECON.BSE_IDX,01/07/2025,11:18:27,5434.9,0,0,0,0,0,0
PRECON.BSE_IDX,01/07/2025,11:18:35,5435.21,0,0,0,0,0,0
PRECON.BSE_IDX,01/07/2025,11:18:44,5435.36,0,0,0,0,0,0
PRECON.BSE_IDX,01/07/2025,11:18:51,5435.34,0,0,0,0,0,0
PRECON.BSE_IDX,01/07/2025,11:18:59,5434.18,0,0,0,0,0,0
PRECON.BSE_IDX,01/07/2025,11:19:08,5433.29,0,0,0,0,0,0
PRECON.BSE_IDX,01/07/2025,11:19:15,5432.71,0,0,0,0,0,0
PRECON.BSE_IDX,01/07/2025,11:19:23,5432.7,0,0,0,0,0,0
PRECON.BSE_IDX,01/07/2025,11:19:31,5432.63,0,0,0,0,0,0
PRECON.BSE_IDX,01/07/2025,11:19:39,5432.41,0,0,0,0,0,0
PRECON.BSE_IDX,01/07/2025,11:19:47,5432.95,0,0,0,0,0,0
PRECON.BSE_IDX,01/07/2025,11:19:55,5431.09,0,0,0,0,0,0
PRECON.BSE_IDX,01/07/2025,11:20:03,5431.95,0,0,0,0,0,0
PRECON.BSE_IDX,01/07/2025,11:20:11,5431.47,0,0,0,0,0,0
PRECON.BSE_IDX,01/07/2025,11:20:19,5431.48,0,0,0,0,0,0
PRECON.BSE_IDX,01/07/2025,11:20:27,5431.6,0,0,0,0,0,0
PRECON.BSE_IDX,01/07/2025,11:20:35,5431.83,0,0,0,0,0,0
PRECON.BSE_IDX,01/07/2025,11:20:43,5431.71,0,0,0,0,0,0
PRECON.BSE_IDX,01/07/2025,11:20:51,5431.88,0,0,0,0,0,0
PRECON.BSE_IDX,01/07/2025,11:20:59,5431.47,0,0,0,0,0,0
PRECON.BSE_IDX,01/07/2025,11:21:07,5431.99,0,0,0,0,0,0
PRECON.BSE_IDX,01/07/2025,11:21:15,5432.11,0,0,0,0,0,0
PRECON.BSE_IDX,01/07/2025,11:21:24,5432.16,0,0,0,0,0,0
PRECON.BSE_IDX,01/07/2025,11:21:31,5432.54,0,0,0,0,0,0
PRECON.BSE_IDX,01/07/2025,11:21:39,5432.24,0,0,0,0,0,0
PRECON.BSE_IDX,01/07/2025,11:21:47,5432.17,0,0,0,0,0,0
PRECON.BSE_IDX,01/07/2025,11:21:56,5431.94,0,0,0,0,0,0
PRECON.BSE_IDX,01/07/2025,11:22:03,5432.39,0,0,0,0,0,0
PRECON.BSE_IDX,01/07/2025,11:22:11,5431.79,0,0,0,0,0,0
PRECON.BSE_IDX,01/07/2025,11:22:19,5431.9,0,0,0,0,0,0
PRECON.BSE_IDX,01/07/2025,11:22:28,5431.87,0,0,0,0,0,0
PRECON.BSE_IDX,01/07/2025,11:22:35,5431.86,0,0,0,0,0,0
PRECON.BSE_IDX,01/07/2025,11:22:43,5431.83,0,0,0,0,0,0
PRECON.BSE_IDX,01/07/2025,11:22:51,5431.45,0,0,0,0,0,0
PRECON.BSE_IDX,01/07/2025,11:22:59,5430.96,0,0,0,0,0,0
PRECON.BSE_IDX,01/07/2025,11:23:07,5430.68,0,0,0,0,0,0
PRECON.BSE_IDX,01/07/2025,11:23:15,5431.76,0,0,0,0,0,0
PRECON.BSE_IDX,01/07/2025,11:23:23,5431.8,0,0,0,0,0,0
PRECON.BSE_IDX,01/07/2025,11:23:31,5431.68,0,0,0,0,0,0
PRECON.BSE_IDX,01/07/2025,11:23:39,5431.61,0,0,0,0,0,0
PRECON.BSE_IDX,01/07/2025,11:23:47,5431.84,0,0,0,0,0,0
PRECON.BSE_IDX,01/07/2025,11:23:55,5431.45,0,0,0,0,0,0
PRECON.BSE_IDX,01/07/2025,11:24:04,5431.08,0,0,0,0,0,0
PRECON.BSE_IDX,01/07/2025,11:24:11,5431.28,0,0,0,0,0,0
PRECON.BSE_IDX,01/07/2025,11:24:19,5431.13,0,0,0,0,0,0
PRECON.BSE_IDX,01/07/2025,11:24:27,5431.71,0,0,0,0,0,0
PRECON.BSE_IDX,01/07/2025,11:24:35,5431.02,0,0,0,0,0,0
PRECON.BSE_IDX,01/07/2025,11:24:43,5430.79,0,0,0,0,0,0
PRECON.BSE_IDX,01/07/2025,11:24:52,5430.82,0,0,0,0,0,0
PRECON.BSE_IDX,01/07/2025,11:25:00,5431.05,0,0,0,0,0,0
PRECON.BSE_IDX,01/07/2025,11:25:07,5430.17,0,0,0,0,0,0
PRECON.BSE_IDX,01/07/2025,11:25:15,5428.96,0,0,0,0,0,0
PRECON.BSE_IDX,01/07/2025,11:25:23,5429.26,0,0,0,0,0,0
PRECON.BSE_IDX,01/07/2025,11:25:31,5429.23,0,0,0,0,0,0
PRECON.BSE_IDX,01/07/2025,11:25:41,5429.61,0,0,0,0,0,0
PRECON.BSE_IDX,01/07/2025,11:25:47,5429.65,0,0,0,0,0,0
PRECON.BSE_IDX,01/07/2025,11:25:55,5429.85,0,0,0,0,0,0
PRECON.BSE_IDX,01/07/2025,11:26:03,5429.64,0,0,0,0,0,0
PRECON.BSE_IDX,01/07/2025,11:26:11,5429.73,0,0,0,0,0,0
PRECON.BSE_IDX,01/07/2025,11:26:19,5430,0,0,0,0,0,0
PRECON.BSE_IDX,01/07/2025,11:26:27,5429.78,0,0,0,0,0,0
PRECON.BSE_IDX,01/07/2025,11:26:35,5430.12,0,0,0,0,0,0
PRECON.BSE_IDX,01/07/2025,11:26:43,5430.21,0,0,0,0,0,0
PRECON.BSE_IDX,01/07/2025,11:26:51,5430.37,0,0,0,0,0,0
PRECON.BSE_IDX,01/07/2025,11:26:59,5430.22,0,0,0,0,0,0
PRECON.BSE_IDX,01/07/2025,11:27:07,5430.34,0,0,0,0,0,0
PRECON.BSE_IDX,01/07/2025,11:27:15,5430.29,0,0,0,0,0,0
PRECON.BSE_IDX,01/07/2025,11:27:23,5429.77,0,0,0,0,0,0
PRECON.BSE_IDX,01/07/2025,11:27:31,5430.47,0,0,0,0,0,0
PRECON.BSE_IDX,01/07/2025,11:27:39,5430.72,0,0,0,0,0,0
PRECON.BSE_IDX,01/07/2025,11:27:47,5431.16,0,0,0,0,0,0
PRECON.BSE_IDX,01/07/2025,11:27:55,5430.77,0,0,0,0,0,0
PRECON.BSE_IDX,01/07/2025,11:28:03,5430.9,0,0,0,0,0,0
PRECON.BSE_IDX,01/07/2025,11:28:11,5430.89,0,0,0,0,0,0
PRECON.BSE_IDX,01/07/2025,11:28:19,5430.5,0,0,0,0,0,0
PRECON.BSE_IDX,01/07/2025,11:28:27,5430.71,0,0,0,0,0,0
PRECON.BSE_IDX,01/07/2025,11:28:36,5429.96,0,0,0,0,0,0
PRECON.BSE_IDX,01/07/2025,11:28:43,5430.31,0,0,0,0,0,0
PRECON.BSE_IDX,01/07/2025,11:28:51,5430.75,0,0,0,0,0,0
PRECON.BSE_IDX,01/07/2025,11:28:59,5430.73,0,0,0,0,0,0
PRECON.BSE_IDX,01/07/2025,11:29:07,5430.97,0,0,0,0,0,0
PRECON.BSE_IDX,01/07/2025,11:29:16,5431.09,0,0,0,0,0,0
PRECON.BSE_IDX,01/07/2025,11:29:24,5430.98,0,0,0,0,0,0
PRECON.BSE_IDX,01/07/2025,11:29:31,5431.12,0,0,0,0,0,0
PRECON.BSE_IDX,01/07/2025,11:29:39,5431.29,0,0,0,0,0,0
PRECON.BSE_IDX,01/07/2025,11:29:47,5431.36,0,0,0,0,0,0
PRECON.BSE_IDX,01/07/2025,11:29:55,5431.58,0,0,0,0,0,0
PRECON.BSE_IDX,01/07/2025,11:30:03,5431.15,0,0,0,0,0,0
PRECON.BSE_IDX,01/07/2025,11:30:11,5431.32,0,0,0,0,0,0
PRECON.BSE_IDX,01/07/2025,11:30:19,5431.33,0,0,0,0,0,0
PRECON.BSE_IDX,01/07/2025,11:30:27,5431.44,0,0,0,0,0,0
PRECON.BSE_IDX,01/07/2025,11:30:35,5431.65,0,0,0,0,0,0
PRECON.BSE_IDX,01/07/2025,11:30:43,5432.05,0,0,0,0,0,0
PRECON.BSE_IDX,01/07/2025,11:30:52,5431.32,0,0,0,0,0,0
PRECON.BSE_IDX,01/07/2025,11:30:59,5431.52,0,0,0,0,0,0
PRECON.BSE_IDX,01/07/2025,11:31:07,5431.4,0,0,0,0,0,0
PRECON.BSE_IDX,01/07/2025,11:31:16,5431.59,0,0,0,0,0,0
PRECON.BSE_IDX,01/07/2025,11:31:23,5431.54,0,0,0,0,0,0
PRECON.BSE_IDX,01/07/2025,11:31:31,5432.31,0,0,0,0,0,0
PRECON.BSE_IDX,01/07/2025,11:31:39,5432.52,0,0,0,0,0,0
PRECON.BSE_IDX,01/07/2025,11:31:47,5432.08,0,0,0,0,0,0
PRECON.BSE_IDX,01/07/2025,11:31:55,5431.87,0,0,0,0,0,0
PRECON.BSE_IDX,01/07/2025,11:32:04,5431.56,0,0,0,0,0,0
PRECON.BSE_IDX,01/07/2025,11:32:11,5431.57,0,0,0,0,0,0
PRECON.BSE_IDX,01/07/2025,11:32:19,5431.71,0,0,0,0,0,0
PRECON.BSE_IDX,01/07/2025,11:32:27,5431.84,0,0,0,0,0,0
PRECON.BSE_IDX,01/07/2025,11:32:35,5431.49,0,0,0,0,0,0
PRECON.BSE_IDX,01/07/2025,11:32:43,5430.98,0,0,0,0,0,0
PRECON.BSE_IDX,01/07/2025,11:32:51,5430.65,0,0,0,0,0,0
PRECON.BSE_IDX,01/07/2025,11:32:59,5430.14,0,0,0,0,0,0
PRECON.BSE_IDX,01/07/2025,11:33:07,5429.92,0,0,0,0,0,0
PRECON.BSE_IDX,01/07/2025,11:33:15,5429.47,0,0,0,0,0,0
PRECON.BSE_IDX,01/07/2025,11:33:23,5429.91,0,0,0,0,0,0
PRECON.BSE_IDX,01/07/2025,11:33:31,5429.68,0,0,0,0,0,0
PRECON.BSE_IDX,01/07/2025,11:33:39,5430.45,0,0,0,0,0,0
PRECON.BSE_IDX,01/07/2025,11:33:47,5430.1,0,0,0,0,0,0
PRECON.BSE_IDX,01/07/2025,11:33:55,5430.06,0,0,0,0,0,0
PRECON.BSE_IDX,01/07/2025,11:34:03,5429.4,0,0,0,0,0,0
PRECON.BSE_IDX,01/07/2025,11:34:12,5429.37,0,0,0,0,0,0
PRECON.BSE_IDX,01/07/2025,11:34:19,5429.25,0,0,0,0,0,0
PRECON.BSE_IDX,01/07/2025,11:34:27,5429.46,0,0,0,0,0,0
PRECON.BSE_IDX,01/07/2025,11:34:35,5429.62,0,0,0,0,0,0
PRECON.BSE_IDX,01/07/2025,11:34:43,5429.81,0,0,0,0,0,0
PRECON.BSE_IDX,01/07/2025,11:34:52,5429.87,0,0,0,0,0,0
PRECON.BSE_IDX,01/07/2025,11:35:00,5429.68,0,0,0,0,0,0
PRECON.BSE_IDX,01/07/2025,11:35:07,5429.6,0,0,0,0,0,0
PRECON.BSE_IDX,01/07/2025,11:35:16,5428.46,0,0,0,0,0,0
PRECON.BSE_IDX,01/07/2025,11:35:23,5428.23,0,0,0,0,0,0
PRECON.BSE_IDX,01/07/2025,11:35:32,5427.64,0,0,0,0,0,0
PRECON.BSE_IDX,01/07/2025,11:35:40,5427.63,0,0,0,0,0,0
PRECON.BSE_IDX,01/07/2025,11:35:47,5428.06,0,0,0,0,0,0
PRECON.BSE_IDX,01/07/2025,11:35:55,5428.01,0,0,0,0,0,0
PRECON.BSE_IDX,01/07/2025,11:36:04,5428,0,0,0,0,0,0
PRECON.BSE_IDX,01/07/2025,11:36:11,5427.76,0,0,0,0,0,0
PRECON.BSE_IDX,01/07/2025,11:36:20,5428.37,0,0,0,0,0,0
PRECON.BSE_IDX,01/07/2025,11:36:28,5428.74,0,0,0,0,0,0
PRECON.BSE_IDX,01/07/2025,11:36:35,5428.69,0,0,0,0,0,0
PRECON.BSE_IDX,01/07/2025,11:36:44,5428.65,0,0,0,0,0,0
PRECON.BSE_IDX,01/07/2025,11:36:54,5429.17,0,0,0,0,0,0
PRECON.BSE_IDX,01/07/2025,11:36:59,5429.11,0,0,0,0,0,0
PRECON.BSE_IDX,01/07/2025,11:37:08,5429.15,0,0,0,0,0,0
PRECON.BSE_IDX,01/07/2025,11:37:15,5429.06,0,0,0,0,0,0
PRECON.BSE_IDX,01/07/2025,11:37:23,5429.17,0,0,0,0,0,0
PRECON.BSE_IDX,01/07/2025,11:37:32,5428.94,0,0,0,0,0,0
PRECON.BSE_IDX,01/07/2025,11:37:41,5429.05,0,0,0,0,0,0
PRECON.BSE_IDX,01/07/2025,11:37:47,5429.34,0,0,0,0,0,0
PRECON.BSE_IDX,01/07/2025,11:37:55,5429.02,0,0,0,0,0,0
PRECON.BSE_IDX,01/07/2025,11:38:03,5429.57,0,0,0,0,0,0
PRECON.BSE_IDX,01/07/2025,11:38:11,5429.21,0,0,0,0,0,0
PRECON.BSE_IDX,01/07/2025,11:38:20,5429.38,0,0,0,0,0,0
PRECON.BSE_IDX,01/07/2025,11:38:27,5429.42,0,0,0,0,0,0
PRECON.BSE_IDX,01/07/2025,11:38:35,5430.12,0,0,0,0,0,0
PRECON.BSE_IDX,01/07/2025,11:38:43,5430.22,0,0,0,0,0,0
PRECON.BSE_IDX,01/07/2025,11:38:51,5430.02,0,0,0,0,0,0
PRECON.BSE_IDX,01/07/2025,11:38:59,5430.37,0,0,0,0,0,0
PRECON.BSE_IDX,01/07/2025,11:39:07,5430.48,0,0,0,0,0,0
PRECON.BSE_IDX,01/07/2025,11:39:16,5430.31,0,0,0,0,0,0
PRECON.BSE_IDX,01/07/2025,11:39:24,5430.91,0,0,0,0,0,0
PRECON.BSE_IDX,01/07/2025,11:39:31,5430.95,0,0,0,0,0,0
PRECON.BSE_IDX,01/07/2025,11:39:39,5431.2,0,0,0,0,0,0
PRECON.BSE_IDX,01/07/2025,11:39:48,5431.04,0,0,0,0,0,0
PRECON.BSE_IDX,01/07/2025,11:39:55,5430.83,0,0,0,0,0,0
PRECON.BSE_IDX,01/07/2025,11:40:03,5432.51,0,0,0,0,0,0
PRECON.BSE_IDX,01/07/2025,11:40:12,5433.17,0,0,0,0,0,0
PRECON.BSE_IDX,01/07/2025,11:40:20,5432.95,0,0,0,0,0,0
PRECON.BSE_IDX,01/07/2025,11:40:28,5432.9,0,0,0,0,0,0
PRECON.BSE_IDX,01/07/2025,11:40:36,5433.24,0,0,0,0,0,0
PRECON.BSE_IDX,01/07/2025,11:40:44,5433.17,0,0,0,0,0,0
PRECON.BSE_IDX,01/07/2025,11:40:52,5433.45,0,0,0,0,0,0
PRECON.BSE_IDX,01/07/2025,11:41:00,5433.41,0,0,0,0,0,0
PRECON.BSE_IDX,01/07/2025,11:41:07,5433.3,0,0,0,0,0,0
PRECON.BSE_IDX,01/07/2025,11:41:16,5433.01,0,0,0,0,0,0
PRECON.BSE_IDX,01/07/2025,11:41:24,5432.83,0,0,0,0,0,0
PRECON.BSE_IDX,01/07/2025,11:41:32,5432.94,0,0,0,0,0,0
PRECON.BSE_IDX,01/07/2025,11:41:40,5433.31,0,0,0,0,0,0
PRECON.BSE_IDX,01/07/2025,11:41:48,5433.84,0,0,0,0,0,0
PRECON.BSE_IDX,01/07/2025,11:41:56,5433.73,0,0,0,0,0,0
PRECON.BSE_IDX,01/07/2025,11:42:04,5433.97,0,0,0,0,0,0
PRECON.BSE_IDX,01/07/2025,11:42:12,5433.74,0,0,0,0,0,0
PRECON.BSE_IDX,01/07/2025,11:42:20,5433.48,0,0,0,0,0,0
PRECON.BSE_IDX,01/07/2025,11:42:28,5433.99,0,0,0,0,0,0
PRECON.BSE_IDX,01/07/2025,11:42:36,5434.42,0,0,0,0,0,0
PRECON.BSE_IDX,01/07/2025,11:42:44,5434.57,0,0,0,0,0,0
PRECON.BSE_IDX,01/07/2025,11:42:52,5435.03,0,0,0,0,0,0
PRECON.BSE_IDX,01/07/2025,11:43:00,5434.41,0,0,0,0,0,0
PRECON.BSE_IDX,01/07/2025,11:43:08,5434.53,0,0,0,0,0,0
PRECON.BSE_IDX,01/07/2025,11:43:16,5434.38,0,0,0,0,0,0
PRECON.BSE_IDX,01/07/2025,11:43:24,5433.88,0,0,0,0,0,0
PRECON.BSE_IDX,01/07/2025,11:43:32,5433.61,0,0,0,0,0,0
PRECON.BSE_IDX,01/07/2025,11:43:40,5433.11,0,0,0,0,0,0
PRECON.BSE_IDX,01/07/2025,11:43:48,5433.66,0,0,0,0,0,0
PRECON.BSE_IDX,01/07/2025,11:43:56,5433.84,0,0,0,0,0,0
PRECON.BSE_IDX,01/07/2025,11:44:04,5433.74,0,0,0,0,0,0
PRECON.BSE_IDX,01/07/2025,11:44:12,5433.54,0,0,0,0,0,0
PRECON.BSE_IDX,01/07/2025,11:44:20,5433.36,0,0,0,0,0,0
PRECON.BSE_IDX,01/07/2025,11:44:28,5432.96,0,0,0,0,0,0
PRECON.BSE_IDX,01/07/2025,11:44:36,5432.75,0,0,0,0,0,0
PRECON.BSE_IDX,01/07/2025,11:44:44,5432.33,0,0,0,0,0,0
PRECON.BSE_IDX,01/07/2025,11:44:52,5432.09,0,0,0,0,0,0
PRECON.BSE_IDX,01/07/2025,11:45:00,5431.55,0,0,0,0,0,0
PRECON.BSE_IDX,01/07/2025,11:45:08,5431.79,0,0,0,0,0,0
PRECON.BSE_IDX,01/07/2025,11:45:16,5432.53,0,0,0,0,0,0
PRECON.BSE_IDX,01/07/2025,11:45:24,5432.65,0,0,0,0,0,0
PRECON.BSE_IDX,01/07/2025,11:45:32,5432.63,0,0,0,0,0,0
PRECON.BSE_IDX,01/07/2025,11:45:40,5433.94,0,0,0,0,0,0
PRECON.BSE_IDX,01/07/2025,11:45:48,5433.51,0,0,0,0,0,0
PRECON.BSE_IDX,01/07/2025,11:45:56,5433.59,0,0,0,0,0,0
PRECON.BSE_IDX,01/07/2025,11:46:04,5434.28,0,0,0,0,0,0
PRECON.BSE_IDX,01/07/2025,11:46:12,5434.36,0,0,0,0,0,0
PRECON.BSE_IDX,01/07/2025,11:46:20,5434.59,0,0,0,0,0,0
PRECON.BSE_IDX,01/07/2025,11:46:28,5434.87,0,0,0,0,0,0
PRECON.BSE_IDX,01/07/2025,11:46:36,5434.47,0,0,0,0,0,0
PRECON.BSE_IDX,01/07/2025,11:46:44,5433.9,0,0,0,0,0,0
PRECON.BSE_IDX,01/07/2025,11:46:52,5433.99,0,0,0,0,0,0
PRECON.BSE_IDX,01/07/2025,11:47:00,5434.02,0,0,0,0,0,0
PRECON.BSE_IDX,01/07/2025,11:47:08,5433.52,0,0,0,0,0,0
PRECON.BSE_IDX,01/07/2025,11:47:16,5433.63,0,0,0,0,0,0
PRECON.BSE_IDX,01/07/2025,11:47:24,5433.4,0,0,0,0,0,0
PRECON.BSE_IDX,01/07/2025,11:47:32,5433.53,0,0,0,0,0,0
PRECON.BSE_IDX,01/07/2025,11:47:40,5433.15,0,0,0,0,0,0
PRECON.BSE_IDX,01/07/2025,11:47:48,5433.17,0,0,0,0,0,0
PRECON.BSE_IDX,01/07/2025,11:47:56,5433.2,0,0,0,0,0,0
PRECON.BSE_IDX,01/07/2025,11:48:04,5433.37,0,0,0,0,0,0
PRECON.BSE_IDX,01/07/2025,11:48:12,5433.57,0,0,0,0,0,0
PRECON.BSE_IDX,01/07/2025,11:48:20,5433.93,0,0,0,0,0,0
PRECON.BSE_IDX,01/07/2025,11:48:28,5433.86,0,0,0,0,0,0
PRECON.BSE_IDX,01/07/2025,11:48:36,5434.4,0,0,0,0,0,0
PRECON.BSE_IDX,01/07/2025,11:48:44,5434.4,0,0,0,0,0,0
PRECON.BSE_IDX,01/07/2025,11:48:52,5434.48,0,0,0,0,0,0
PRECON.BSE_IDX,01/07/2025,11:49:01,5434.33,0,0,0,0,0,0
PRECON.BSE_IDX,01/07/2025,11:49:09,5434.16,0,0,0,0,0,0
PRECON.BSE_IDX,01/07/2025,11:49:16,5434.05,0,0,0,0,0,0
PRECON.BSE_IDX,01/07/2025,11:49:24,5433.52,0,0,0,0,0,0
PRECON.BSE_IDX,01/07/2025,11:49:32,5433.67,0,0,0,0,0,0
PRECON.BSE_IDX,01/07/2025,11:49:40,5433.56,0,0,0,0,0,0
PRECON.BSE_IDX,01/07/2025,11:49:49,5433.28,0,0,0,0,0,0
PRECON.BSE_IDX,01/07/2025,11:49:56,5433.76,0,0,0,0,0,0
PRECON.BSE_IDX,01/07/2025,11:50:04,5433.69,0,0,0,0,0,0
PRECON.BSE_IDX,01/07/2025,11:50:12,5432.83,0,0,0,0,0,0
PRECON.BSE_IDX,01/07/2025,11:50:20,5432.77,0,0,0,0,0,0
PRECON.BSE_IDX,01/07/2025,11:50:28,5432.66,0,0,0,0,0,0
PRECON.BSE_IDX,01/07/2025,11:50:36,5432.66,0,0,0,0,0,0
PRECON.BSE_IDX,01/07/2025,11:50:44,5432.58,0,0,0,0,0,0
PRECON.BSE_IDX,01/07/2025,11:50:52,5432.58,0,0,0,0,0,0
PRECON.BSE_IDX,01/07/2025,11:51:00,5432.25,0,0,0,0,0,0
PRECON.BSE_IDX,01/07/2025,11:51:08,5432.31,0,0,0,0,0,0
PRECON.BSE_IDX,01/07/2025,11:51:16,5432.39,0,0,0,0,0,0
PRECON.BSE_IDX,01/07/2025,11:51:24,5432.42,0,0,0,0,0,0
PRECON.BSE_IDX,01/07/2025,11:51:32,5432.38,0,0,0,0,0,0
PRECON.BSE_IDX,01/07/2025,11:51:40,5432.83,0,0,0,0,0,0
PRECON.BSE_IDX,01/07/2025,11:51:48,5432.51,0,0,0,0,0,0
PRECON.BSE_IDX,01/07/2025,11:51:56,5432.83,0,0,0,0,0,0
PRECON.BSE_IDX,01/07/2025,11:52:04,5432.96,0,0,0,0,0,0
PRECON.BSE_IDX,01/07/2025,11:52:12,5433.09,0,0,0,0,0,0
PRECON.BSE_IDX,01/07/2025,11:52:20,5432.96,0,0,0,0,0,0
PRECON.BSE_IDX,01/07/2025,11:52:28,5433.09,0,0,0,0,0,0
PRECON.BSE_IDX,01/07/2025,11:52:36,5432.87,0,0,0,0,0,0
PRECON.BSE_IDX,01/07/2025,11:52:44,5433.21,0,0,0,0,0,0
PRECON.BSE_IDX,01/07/2025,11:52:52,5432.79,0,0,0,0,0,0
PRECON.BSE_IDX,01/07/2025,11:53:00,5432.2,0,0,0,0,0,0
PRECON.BSE_IDX,01/07/2025,11:53:08,5431.91,0,0,0,0,0,0
PRECON.BSE_IDX,01/07/2025,11:53:16,5432.02,0,0,0,0,0,0
PRECON.BSE_IDX,01/07/2025,11:53:24,5432.16,0,0,0,0,0,0
PRECON.BSE_IDX,01/07/2025,11:53:32,5431.9,0,0,0,0,0,0
PRECON.BSE_IDX,01/07/2025,11:53:40,5431.6,0,0,0,0,0,0
PRECON.BSE_IDX,01/07/2025,11:53:48,5430.76,0,0,0,0,0,0
PRECON.BSE_IDX,01/07/2025,11:53:56,5430.57,0,0,0,0,0,0
PRECON.BSE_IDX,01/07/2025,11:54:04,5429.85,0,0,0,0,0,0
PRECON.BSE_IDX,01/07/2025,11:54:12,5428.83,0,0,0,0,0,0
PRECON.BSE_IDX,01/07/2025,11:54:20,5428.75,0,0,0,0,0,0
PRECON.BSE_IDX,01/07/2025,11:54:28,5428.88,0,0,0,0,0,0
PRECON.BSE_IDX,01/07/2025,11:54:36,5429.12,0,0,0,0,0,0
PRECON.BSE_IDX,01/07/2025,11:54:44,5429.48,0,0,0,0,0,0
PRECON.BSE_IDX,01/07/2025,11:54:52,5428.84,0,0,0,0,0,0
PRECON.BSE_IDX,01/07/2025,11:55:00,5429.35,0,0,0,0,0,0
PRECON.BSE_IDX,01/07/2025,11:55:08,5429.35,0,0,0,0,0,0
PRECON.BSE_IDX,01/07/2025,11:55:17,5428.81,0,0,0,0,0,0
PRECON.BSE_IDX,01/07/2025,11:55:24,5428.8,0,0,0,0,0,0
PRECON.BSE_IDX,01/07/2025,11:55:32,5428.82,0,0,0,0,0,0
PRECON.BSE_IDX,01/07/2025,11:55:40,5429.46,0,0,0,0,0,0
PRECON.BSE_IDX,01/07/2025,11:55:48,5429.29,0,0,0,0,0,0
PRECON.BSE_IDX,01/07/2025,11:55:56,5429.69,0,0,0,0,0,0
PRECON.BSE_IDX,01/07/2025,11:56:05,5429.09,0,0,0,0,0,0
PRECON.BSE_IDX,01/07/2025,11:56:12,5428.28,0,0,0,0,0,0
PRECON.BSE_IDX,01/07/2025,11:56:20,5427.88,0,0,0,0,0,0
PRECON.BSE_IDX,01/07/2025,11:56:28,5427.7,0,0,0,0,0,0
PRECON.BSE_IDX,01/07/2025,11:56:36,5427.05,0,0,0,0,0,0
PRECON.BSE_IDX,01/07/2025,11:56:44,5427.16,0,0,0,0,0,0
PRECON.BSE_IDX,01/07/2025,11:56:52,5427.08,0,0,0,0,0,0
PRECON.BSE_IDX,01/07/2025,11:57:00,5427.52,0,0,0,0,0,0
PRECON.BSE_IDX,01/07/2025,11:57:08,5427.17,0,0,0,0,0,0
PRECON.BSE_IDX,01/07/2025,11:57:16,5426.48,0,0,0,0,0,0
PRECON.BSE_IDX,01/07/2025,11:57:24,5426.88,0,0,0,0,0,0
PRECON.BSE_IDX,01/07/2025,11:57:32,5426.91,0,0,0,0,0,0
PRECON.BSE_IDX,01/07/2025,11:57:40,5427.73,0,0,0,0,0,0
PRECON.BSE_IDX,01/07/2025,11:57:48,5427.19,0,0,0,0,0,0
PRECON.BSE_IDX,01/07/2025,11:57:56,5426.77,0,0,0,0,0,0
PRECON.BSE_IDX,01/07/2025,11:58:04,5426.98,0,0,0,0,0,0
PRECON.BSE_IDX,01/07/2025,11:58:12,5427.35,0,0,0,0,0,0
PRECON.BSE_IDX,01/07/2025,11:58:20,5427.27,0,0,0,0,0,0
PRECON.BSE_IDX,01/07/2025,11:58:28,5427.06,0,0,0,0,0,0
PRECON.BSE_IDX,01/07/2025,11:58:36,5426.89,0,0,0,0,0,0
PRECON.BSE_IDX,01/07/2025,11:58:44,5427.34,0,0,0,0,0,0
PRECON.BSE_IDX,01/07/2025,11:58:52,5426.83,0,0,0,0,0,0
PRECON.BSE_IDX,01/07/2025,11:59:00,5426.43,0,0,0,0,0,0
PRECON.BSE_IDX,01/07/2025,11:59:08,5427.52,0,0,0,0,0,0
PRECON.BSE_IDX,01/07/2025,11:59:16,5428,0,0,0,0,0,0
PRECON.BSE_IDX,01/07/2025,11:59:24,5428.52,0,0,0,0,0,0
PRECON.BSE_IDX,01/07/2025,11:59:32,5428.67,0,0,0,0,0,0
PRECON.BSE_IDX,01/07/2025,11:59:40,5429.01,0,0,0,0,0,0
PRECON.BSE_IDX,01/07/2025,11:59:48,5429.05,0,0,0,0,0,0
PRECON.BSE_IDX,01/07/2025,11:59:56,5429.02,0,0,0,0,0,0
PRECON.BSE_IDX,01/07/2025,12:00:05,5429.03,0,0,0,0,0,0
PRECON.BSE_IDX,01/07/2025,12:00:12,5429.15,0,0,0,0,0,0
PRECON.BSE_IDX,01/07/2025,12:00:20,5429.15,0,0,0,0,0,0
PRECON.BSE_IDX,01/07/2025,12:00:28,5428.89,0,0,0,0,0,0
PRECON.BSE_IDX,01/07/2025,12:00:37,5428.12,0,0,0,0,0,0
PRECON.BSE_IDX,01/07/2025,12:00:44,5428.23,0,0,0,0,0,0
PRECON.BSE_IDX,01/07/2025,12:00:52,5428.18,0,0,0,0,0,0
PRECON.BSE_IDX,01/07/2025,12:01:00,5428.3,0,0,0,0,0,0
PRECON.BSE_IDX,01/07/2025,12:01:08,5428.18,0,0,0,0,0,0
PRECON.BSE_IDX,01/07/2025,12:01:16,5427.99,0,0,0,0,0,0
PRECON.BSE_IDX,01/07/2025,12:01:24,5428.13,0,0,0,0,0,0
PRECON.BSE_IDX,01/07/2025,12:01:32,5427.69,0,0,0,0,0,0
PRECON.BSE_IDX,01/07/2025,12:01:40,5427.76,0,0,0,0,0,0
PRECON.BSE_IDX,01/07/2025,12:01:48,5427.81,0,0,0,0,0,0
PRECON.BSE_IDX,01/07/2025,12:01:57,5427.96,0,0,0,0,0,0
PRECON.BSE_IDX,01/07/2025,12:02:04,5428.11,0,0,0,0,0,0
PRECON.BSE_IDX,01/07/2025,12:02:12,5428.97,0,0,0,0,0,0
PRECON.BSE_IDX,01/07/2025,12:02:20,5428.88,0,0,0,0,0,0
PRECON.BSE_IDX,01/07/2025,12:02:28,5428.04,0,0,0,0,0,0
PRECON.BSE_IDX,01/07/2025,12:02:36,5428.18,0,0,0,0,0,0
PRECON.BSE_IDX,01/07/2025,12:02:44,5428.15,0,0,0,0,0,0
PRECON.BSE_IDX,01/07/2025,12:02:52,5428.25,0,0,0,0,0,0
PRECON.BSE_IDX,01/07/2025,12:03:00,5428.55,0,0,0,0,0,0
PRECON.BSE_IDX,01/07/2025,12:03:08,5428.17,0,0,0,0,0,0
PRECON.BSE_IDX,01/07/2025,12:03:17,5428.13,0,0,0,0,0,0
PRECON.BSE_IDX,01/07/2025,12:03:24,5428.57,0,0,0,0,0,0
PRECON.BSE_IDX,01/07/2025,12:03:32,5428.5,0,0,0,0,0,0
PRECON.BSE_IDX,01/07/2025,12:03:40,5428.12,0,0,0,0,0,0
PRECON.BSE_IDX,01/07/2025,12:03:48,5427.82,0,0,0,0,0,0
PRECON.BSE_IDX,01/07/2025,12:03:56,5427.59,0,0,0,0,0,0
PRECON.BSE_IDX,01/07/2025,12:04:04,5428.02,0,0,0,0,0,0
PRECON.BSE_IDX,01/07/2025,12:04:12,5428.32,0,0,0,0,0,0
PRECON.BSE_IDX,01/07/2025,12:04:20,5428.2,0,0,0,0,0,0
PRECON.BSE_IDX,01/07/2025,12:04:28,5428.31,0,0,0,0,0,0
PRECON.BSE_IDX,01/07/2025,12:04:36,5428.21,0,0,0,0,0,0
PRECON.BSE_IDX,01/07/2025,12:04:44,5427.82,0,0,0,0,0,0
PRECON.BSE_IDX,01/07/2025,12:04:52,5428.01,0,0,0,0,0,0
PRECON.BSE_IDX,01/07/2025,12:05:01,5428.15,0,0,0,0,0,0
PRECON.BSE_IDX,01/07/2025,12:05:08,5428.02,0,0,0,0,0,0
PRECON.BSE_IDX,01/07/2025,12:05:16,5428.02,0,0,0,0,0,0
PRECON.BSE_IDX,01/07/2025,12:05:24,5428.33,0,0,0,0,0,0
PRECON.BSE_IDX,01/07/2025,12:05:32,5428.07,0,0,0,0,0,0
PRECON.BSE_IDX,01/07/2025,12:05:40,5428.32,0,0,0,0,0,0
PRECON.BSE_IDX,01/07/2025,12:05:48,5427.85,0,0,0,0,0,0
PRECON.BSE_IDX,01/07/2025,12:05:56,5428.01,0,0,0,0,0,0
PRECON.BSE_IDX,01/07/2025,12:06:04,5427.68,0,0,0,0,0,0
PRECON.BSE_IDX,01/07/2025,12:06:12,5427.32,0,0,0,0,0,0
PRECON.BSE_IDX,01/07/2025,12:06:20,5426.93,0,0,0,0,0,0
PRECON.BSE_IDX,01/07/2025,12:06:28,5426.8,0,0,0,0,0,0
PRECON.BSE_IDX,01/07/2025,12:06:36,5426.35,0,0,0,0,0,0
PRECON.BSE_IDX,01/07/2025,12:06:44,5426.57,0,0,0,0,0,0
PRECON.BSE_IDX,01/07/2025,12:06:53,5426.71,0,0,0,0,0,0
PRECON.BSE_IDX,01/07/2025,12:07:00,5426.58,0,0,0,0,0,0
PRECON.BSE_IDX,01/07/2025,12:07:08,5426.51,0,0,0,0,0,0
PRECON.BSE_IDX,01/07/2025,12:07:17,5427.14,0,0,0,0,0,0
PRECON.BSE_IDX,01/07/2025,12:07:24,5426.64,0,0,0,0,0,0
PRECON.BSE_IDX,01/07/2025,12:07:33,5426.59,0,0,0,0,0,0
PRECON.BSE_IDX,01/07/2025,12:07:40,5425.99,0,0,0,0,0,0
PRECON.BSE_IDX,01/07/2025,12:07:49,5426.27,0,0,0,0,0,0
PRECON.BSE_IDX,01/07/2025,12:07:57,5426.23,0,0,0,0,0,0
PRECON.BSE_IDX,01/07/2025,12:08:05,5426.17,0,0,0,0,0,0
PRECON.BSE_IDX,01/07/2025,12:08:13,5426.22,0,0,0,0,0,0
PRECON.BSE_IDX,01/07/2025,12:08:21,5426.35,0,0,0,0,0,0
PRECON.BSE_IDX,01/07/2025,12:08:28,5426.19,0,0,0,0,0,0
PRECON.BSE_IDX,01/07/2025,12:08:36,5426.08,0,0,0,0,0,0
PRECON.BSE_IDX,01/07/2025,12:08:45,5426.01,0,0,0,0,0,0
PRECON.BSE_IDX,01/07/2025,12:08:52,5426.42,0,0,0,0,0,0
PRECON.BSE_IDX,01/07/2025,12:09:00,5426.42,0,0,0,0,0,0
PRECON.BSE_IDX,01/07/2025,12:09:08,5426.54,0,0,0,0,0,0
PRECON.BSE_IDX,01/07/2025,12:09:16,5426.48,0,0,0,0,0,0
PRECON.BSE_IDX,01/07/2025,12:09:25,5426.63,0,0,0,0,0,0
PRECON.BSE_IDX,01/07/2025,12:09:32,5427.19,0,0,0,0,0,0
PRECON.BSE_IDX,01/07/2025,12:09:40,5427.04,0,0,0,0,0,0
PRECON.BSE_IDX,01/07/2025,12:09:48,5426.94,0,0,0,0,0,0
PRECON.BSE_IDX,01/07/2025,12:09:57,5426.95,0,0,0,0,0,0
PRECON.BSE_IDX,01/07/2025,12:10:05,5426.88,0,0,0,0,0,0
PRECON.BSE_IDX,01/07/2025,12:10:13,5426.48,0,0,0,0,0,0
PRECON.BSE_IDX,01/07/2025,12:10:22,5426.94,0,0,0,0,0,0
PRECON.BSE_IDX,01/07/2025,12:10:28,5426.64,0,0,0,0,0,0
PRECON.BSE_IDX,01/07/2025,12:10:36,5426.45,0,0,0,0,0,0
PRECON.BSE_IDX,01/07/2025,12:10:45,5426.4,0,0,0,0,0,0
PRECON.BSE_IDX,01/07/2025,12:10:52,5426.51,0,0,0,0,0,0
PRECON.BSE_IDX,01/07/2025,12:11:00,5425.91,0,0,0,0,0,0
PRECON.BSE_IDX,01/07/2025,12:11:08,5425.71,0,0,0,0,0,0
PRECON.BSE_IDX,01/07/2025,12:11:17,5425.44,0,0,0,0,0,0
PRECON.BSE_IDX,01/07/2025,12:11:24,5425.48,0,0,0,0,0,0
PRECON.BSE_IDX,01/07/2025,12:11:32,5425.32,0,0,0,0,0,0
PRECON.BSE_IDX,01/07/2025,12:11:41,5425.54,0,0,0,0,0,0
PRECON.BSE_IDX,01/07/2025,12:11:49,5426.61,0,0,0,0,0,0
PRECON.BSE_IDX,01/07/2025,12:11:57,5426.95,0,0,0,0,0,0
PRECON.BSE_IDX,01/07/2025,12:12:05,5426.88,0,0,0,0,0,0
PRECON.BSE_IDX,01/07/2025,12:12:13,5426.91,0,0,0,0,0,0
PRECON.BSE_IDX,01/07/2025,12:12:21,5427.08,0,0,0,0,0,0
PRECON.BSE_IDX,01/07/2025,12:12:29,5426.75,0,0,0,0,0,0
PRECON.BSE_IDX,01/07/2025,12:12:37,5426.72,0,0,0,0,0,0
PRECON.BSE_IDX,01/07/2025,12:12:45,5426.13,0,0,0,0,0,0
PRECON.BSE_IDX,01/07/2025,12:12:53,5426.22,0,0,0,0,0,0
PRECON.BSE_IDX,01/07/2025,12:13:01,5426.75,0,0,0,0,0,0
PRECON.BSE_IDX,01/07/2025,12:13:09,5426.89,0,0,0,0,0,0
PRECON.BSE_IDX,01/07/2025,12:13:17,5427.38,0,0,0,0,0,0
PRECON.BSE_IDX,01/07/2025,12:13:25,5427.09,0,0,0,0,0,0
PRECON.BSE_IDX,01/07/2025,12:13:33,5427.16,0,0,0,0,0,0
PRECON.BSE_IDX,01/07/2025,12:13:41,5427.67,0,0,0,0,0,0
PRECON.BSE_IDX,01/07/2025,12:13:49,5427.7,0,0,0,0,0,0
PRECON.BSE_IDX,01/07/2025,12:13:57,5427.94,0,0,0,0,0,0
PRECON.BSE_IDX,01/07/2025,12:14:05,5427.61,0,0,0,0,0,0
PRECON.BSE_IDX,01/07/2025,12:14:13,5427.89,0,0,0,0,0,0
PRECON.BSE_IDX,01/07/2025,12:14:21,5428.99,0,0,0,0,0,0
PRECON.BSE_IDX,01/07/2025,12:14:29,5429.05,0,0,0,0,0,0
PRECON.BSE_IDX,01/07/2025,12:14:37,5429.6,0,0,0,0,0,0
PRECON.BSE_IDX,01/07/2025,12:14:46,5429.89,0,0,0,0,0,0
PRECON.BSE_IDX,01/07/2025,12:14:54,5429.74,0,0,0,0,0,0
PRECON.BSE_IDX,01/07/2025,12:15:01,5429.85,0,0,0,0,0,0
PRECON.BSE_IDX,01/07/2025,12:15:09,5429.94,0,0,0,0,0,0
PRECON.BSE_IDX,01/07/2025,12:15:17,5429.77,0,0,0,0,0,0
PRECON.BSE_IDX,01/07/2025,12:15:25,5430.21,0,0,0,0,0,0
PRECON.BSE_IDX,01/07/2025,12:15:33,5430.23,0,0,0,0,0,0
PRECON.BSE_IDX,01/07/2025,12:15:41,5430.22,0,0,0,0,0,0
PRECON.BSE_IDX,01/07/2025,12:15:49,5430.26,0,0,0,0,0,0
PRECON.BSE_IDX,01/07/2025,12:15:57,5430.39,0,0,0,0,0,0
PRECON.BSE_IDX,01/07/2025,12:16:05,5429.93,0,0,0,0,0,0
PRECON.BSE_IDX,01/07/2025,12:16:13,5429.87,0,0,0,0,0,0
PRECON.BSE_IDX,01/07/2025,12:16:21,5429.57,0,0,0,0,0,0
PRECON.BSE_IDX,01/07/2025,12:16:29,5429.6,0,0,0,0,0,0
PRECON.BSE_IDX,01/07/2025,12:16:37,5429.85,0,0,0,0,0,0
PRECON.BSE_IDX,01/07/2025,12:16:45,5429.98,0,0,0,0,0,0
PRECON.BSE_IDX,01/07/2025,12:16:53,5429.67,0,0,0,0,0,0
PRECON.BSE_IDX,01/07/2025,12:17:01,5429.55,0,0,0,0,0,0
PRECON.BSE_IDX,01/07/2025,12:17:09,5429.93,0,0,0,0,0,0
PRECON.BSE_IDX,01/07/2025,12:17:17,5429.91,0,0,0,0,0,0
PRECON.BSE_IDX,01/07/2025,12:17:25,5430.69,0,0,0,0,0,0
PRECON.BSE_IDX,01/07/2025,12:17:33,5430.47,0,0,0,0,0,0
PRECON.BSE_IDX,01/07/2025,12:17:41,5430.34,0,0,0,0,0,0
PRECON.BSE_IDX,01/07/2025,12:17:49,5429.98,0,0,0,0,0,0
PRECON.BSE_IDX,01/07/2025,12:17:57,5429.78,0,0,0,0,0,0
PRECON.BSE_IDX,01/07/2025,12:18:05,5429.52,0,0,0,0,0,0
PRECON.BSE_IDX,01/07/2025,12:18:13,5429.87,0,0,0,0,0,0
PRECON.BSE_IDX,01/07/2025,12:18:21,5429.94,0,0,0,0,0,0
PRECON.BSE_IDX,01/07/2025,12:18:29,5429.92,0,0,0,0,0,0
PRECON.BSE_IDX,01/07/2025,12:18:37,5430.43,0,0,0,0,0,0
PRECON.BSE_IDX,01/07/2025,12:18:45,5430.27,0,0,0,0,0,0
PRECON.BSE_IDX,01/07/2025,12:18:53,5429.97,0,0,0,0,0,0
PRECON.BSE_IDX,01/07/2025,12:19:01,5430.78,0,0,0,0,0,0
PRECON.BSE_IDX,01/07/2025,12:19:09,5430.46,0,0,0,0,0,0
PRECON.BSE_IDX,01/07/2025,12:19:17,5430.8,0,0,0,0,0,0
PRECON.BSE_IDX,01/07/2025,12:19:25,5430.53,0,0,0,0,0,0
PRECON.BSE_IDX,01/07/2025,12:19:33,5430.84,0,0,0,0,0,0
PRECON.BSE_IDX,01/07/2025,12:19:41,5432.04,0,0,0,0,0,0
PRECON.BSE_IDX,01/07/2025,12:19:49,5432.57,0,0,0,0,0,0
PRECON.BSE_IDX,01/07/2025,12:19:57,5432.31,0,0,0,0,0,0
PRECON.BSE_IDX,01/07/2025,12:20:05,5432.65,0,0,0,0,0,0
PRECON.BSE_IDX,01/07/2025,12:20:13,5432.43,0,0,0,0,0,0
PRECON.BSE_IDX,01/07/2025,12:20:21,5433.94,0,0,0,0,0,0
PRECON.BSE_IDX,01/07/2025,12:20:29,5434.5,0,0,0,0,0,0
PRECON.BSE_IDX,01/07/2025,12:20:37,5434.52,0,0,0,0,0,0
PRECON.BSE_IDX,01/07/2025,12:20:45,5434.65,0,0,0,0,0,0
PRECON.BSE_IDX,01/07/2025,12:20:53,5434.44,0,0,0,0,0,0
PRECON.BSE_IDX,01/07/2025,12:21:01,5434.44,0,0,0,0,0,0
PRECON.BSE_IDX,01/07/2025,12:21:09,5433.83,0,0,0,0,0,0
PRECON.BSE_IDX,01/07/2025,12:21:17,5433.54,0,0,0,0,0,0
PRECON.BSE_IDX,01/07/2025,12:21:25,5433.48,0,0,0,0,0,0
PRECON.BSE_IDX,01/07/2025,12:21:33,5433.58,0,0,0,0,0,0
PRECON.BSE_IDX,01/07/2025,12:21:41,5434.21,0,0,0,0,0,0
PRECON.BSE_IDX,01/07/2025,12:21:49,5434.7,0,0,0,0,0,0
PRECON.BSE_IDX,01/07/2025,12:21:57,5434.77,0,0,0,0,0,0
PRECON.BSE_IDX,01/07/2025,12:22:05,5435.04,0,0,0,0,0,0
PRECON.BSE_IDX,01/07/2025,12:22:13,5434.95,0,0,0,0,0,0
PRECON.BSE_IDX,01/07/2025,12:22:21,5435.22,0,0,0,0,0,0
PRECON.BSE_IDX,01/07/2025,12:22:29,5435.54,0,0,0,0,0,0
PRECON.BSE_IDX,01/07/2025,12:22:37,5435.19,0,0,0,0,0,0
PRECON.BSE_IDX,01/07/2025,12:22:45,5435.52,0,0,0,0,0,0
PRECON.BSE_IDX,01/07/2025,12:22:53,5435.19,0,0,0,0,0,0
PRECON.BSE_IDX,01/07/2025,12:23:02,5435.32,0,0,0,0,0,0
PRECON.BSE_IDX,01/07/2025,12:23:09,5435.49,0,0,0,0,0,0
PRECON.BSE_IDX,01/07/2025,12:23:17,5435.42,0,0,0,0,0,0
PRECON.BSE_IDX,01/07/2025,12:23:25,5435.43,0,0,0,0,0,0
PRECON.BSE_IDX,01/07/2025,12:23:33,5435.38,0,0,0,0,0,0
PRECON.BSE_IDX,01/07/2025,12:23:41,5435.37,0,0,0,0,0,0
PRECON.BSE_IDX,01/07/2025,12:23:49,5435.19,0,0,0,0,0,0
PRECON.BSE_IDX,01/07/2025,12:23:57,5435.06,0,0,0,0,0,0
PRECON.BSE_IDX,01/07/2025,12:24:05,5435.18,0,0,0,0,0,0
PRECON.BSE_IDX,01/07/2025,12:24:13,5435.15,0,0,0,0,0,0
PRECON.BSE_IDX,01/07/2025,12:24:21,5434.97,0,0,0,0,0,0
PRECON.BSE_IDX,01/07/2025,12:24:29,5435.23,0,0,0,0,0,0
PRECON.BSE_IDX,01/07/2025,12:24:37,5435.3,0,0,0,0,0,0
PRECON.BSE_IDX,01/07/2025,12:24:45,5435.23,0,0,0,0,0,0
PRECON.BSE_IDX,01/07/2025,12:24:53,5434.9,0,0,0,0,0,0
PRECON.BSE_IDX,01/07/2025,12:25:01,5435.15,0,0,0,0,0,0
PRECON.BSE_IDX,01/07/2025,12:25:09,5434.61,0,0,0,0,0,0
PRECON.BSE_IDX,01/07/2025,12:25:17,5435.18,0,0,0,0,0,0
PRECON.BSE_IDX,01/07/2025,12:25:25,5435.34,0,0,0,0,0,0
PRECON.BSE_IDX,01/07/2025,12:25:33,5435.44,0,0,0,0,0,0
PRECON.BSE_IDX,01/07/2025,12:25:41,5435.86,0,0,0,0,0,0
PRECON.BSE_IDX,01/07/2025,12:25:49,5435.71,0,0,0,0,0,0
PRECON.BSE_IDX,01/07/2025,12:25:57,5435.78,0,0,0,0,0,0
PRECON.BSE_IDX,01/07/2025,12:26:05,5435.66,0,0,0,0,0,0
PRECON.BSE_IDX,01/07/2025,12:26:13,5435.68,0,0,0,0,0,0
PRECON.BSE_IDX,01/07/2025,12:26:21,5435.75,0,0,0,0,0,0
PRECON.BSE_IDX,01/07/2025,12:26:31,5435.65,0,0,0,0,0,0
PRECON.BSE_IDX,01/07/2025,12:26:37,5435.62,0,0,0,0,0,0
PRECON.BSE_IDX,01/07/2025,12:26:45,5435.58,0,0,0,0,0,0
PRECON.BSE_IDX,01/07/2025,12:26:53,5436.01,0,0,0,0,0,0
PRECON.BSE_IDX,01/07/2025,12:27:01,5436.03,0,0,0,0,0,0
PRECON.BSE_IDX,01/07/2025,12:27:09,5435.75,0,0,0,0,0,0
PRECON.BSE_IDX,01/07/2025,12:27:17,5435.54,0,0,0,0,0,0
PRECON.BSE_IDX,01/07/2025,12:27:25,5435.48,0,0,0,0,0,0
PRECON.BSE_IDX,01/07/2025,12:27:33,5435.24,0,0,0,0,0,0
PRECON.BSE_IDX,01/07/2025,12:27:41,5435.14,0,0,0,0,0,0
PRECON.BSE_IDX,01/07/2025,12:27:49,5435.06,0,0,0,0,0,0
PRECON.BSE_IDX,01/07/2025,12:27:57,5434.82,0,0,0,0,0,0
PRECON.BSE_IDX,01/07/2025,12:28:05,5434.82,0,0,0,0,0,0
PRECON.BSE_IDX,01/07/2025,12:28:13,5435.11,0,0,0,0,0,0
PRECON.BSE_IDX,01/07/2025,12:28:21,5434.6,0,0,0,0,0,0
PRECON.BSE_IDX,01/07/2025,12:28:29,5434.44,0,0,0,0,0,0
PRECON.BSE_IDX,01/07/2025,12:28:37,5434.56,0,0,0,0,0,0
PRECON.BSE_IDX,01/07/2025,12:28:45,5433.9,0,0,0,0,0,0
PRECON.BSE_IDX,01/07/2025,12:28:53,5433.9,0,0,0,0,0,0
PRECON.BSE_IDX,01/07/2025,12:29:01,5434.02,0,0,0,0,0,0
PRECON.BSE_IDX,01/07/2025,12:29:10,5433.77,0,0,0,0,0,0
PRECON.BSE_IDX,01/07/2025,12:29:18,5433.84,0,0,0,0,0,0
PRECON.BSE_IDX,01/07/2025,12:29:25,5433.71,0,0,0,0,0,0
PRECON.BSE_IDX,01/07/2025,12:29:33,5433.66,0,0,0,0,0,0
PRECON.BSE_IDX,01/07/2025,12:29:41,5433.63,0,0,0,0,0,0
PRECON.BSE_IDX,01/07/2025,12:29:49,5434.03,0,0,0,0,0,0
PRECON.BSE_IDX,01/07/2025,12:29:57,5434.1,0,0,0,0,0,0
PRECON.BSE_IDX,01/07/2025,12:30:05,5434.47,0,0,0,0,0,0
PRECON.BSE_IDX,01/07/2025,12:30:13,5434.42,0,0,0,0,0,0
PRECON.BSE_IDX,01/07/2025,12:30:22,5434,0,0,0,0,0,0
PRECON.BSE_IDX,01/07/2025,12:30:29,5434.45,0,0,0,0,0,0
PRECON.BSE_IDX,01/07/2025,12:30:37,5434.33,0,0,0,0,0,0
PRECON.BSE_IDX,01/07/2025,12:30:45,5434.4,0,0,0,0,0,0
PRECON.BSE_IDX,01/07/2025,12:30:53,5434.69,0,0,0,0,0,0
PRECON.BSE_IDX,01/07/2025,12:31:01,5435.23,0,0,0,0,0,0
PRECON.BSE_IDX,01/07/2025,12:31:09,5434.61,0,0,0,0,0,0
PRECON.BSE_IDX,01/07/2025,12:31:17,5433.35,0,0,0,0,0,0
PRECON.BSE_IDX,01/07/2025,12:31:25,5433.03,0,0,0,0,0,0
PRECON.BSE_IDX,01/07/2025,12:31:34,5433.22,0,0,0,0,0,0
PRECON.BSE_IDX,01/07/2025,12:31:41,5432.74,0,0,0,0,0,0
PRECON.BSE_IDX,01/07/2025,12:31:49,5432.99,0,0,0,0,0,0
PRECON.BSE_IDX,01/07/2025,12:31:57,5433.15,0,0,0,0,0,0
PRECON.BSE_IDX,01/07/2025,12:32:05,5432.84,0,0,0,0,0,0
PRECON.BSE_IDX,01/07/2025,12:32:13,5432.95,0,0,0,0,0,0
PRECON.BSE_IDX,01/07/2025,12:32:21,5432.62,0,0,0,0,0,0
PRECON.BSE_IDX,01/07/2025,12:32:29,5433.04,0,0,0,0,0,0
PRECON.BSE_IDX,01/07/2025,12:32:37,5432.31,0,0,0,0,0,0
PRECON.BSE_IDX,01/07/2025,12:32:45,5431.66,0,0,0,0,0,0
PRECON.BSE_IDX,01/07/2025,12:32:53,5431.67,0,0,0,0,0,0
PRECON.BSE_IDX,01/07/2025,12:33:01,5431.19,0,0,0,0,0,0
PRECON.BSE_IDX,01/07/2025,12:33:09,5431.31,0,0,0,0,0,0
PRECON.BSE_IDX,01/07/2025,12:33:17,5431.52,0,0,0,0,0,0
PRECON.BSE_IDX,01/07/2025,12:33:26,5431.32,0,0,0,0,0,0
PRECON.BSE_IDX,01/07/2025,12:33:33,5431.21,0,0,0,0,0,0
PRECON.BSE_IDX,01/07/2025,12:33:41,5431.37,0,0,0,0,0,0
PRECON.BSE_IDX,01/07/2025,12:33:49,5431.96,0,0,0,0,0,0
PRECON.BSE_IDX,01/07/2025,12:33:57,5432.18,0,0,0,0,0,0
PRECON.BSE_IDX,01/07/2025,12:34:05,5432.27,0,0,0,0,0,0
PRECON.BSE_IDX,01/07/2025,12:34:13,5432.46,0,0,0,0,0,0
PRECON.BSE_IDX,01/07/2025,12:34:21,5431.56,0,0,0,0,0,0
PRECON.BSE_IDX,01/07/2025,12:34:29,5431.73,0,0,0,0,0,0
PRECON.BSE_IDX,01/07/2025,12:34:37,5431.83,0,0,0,0,0,0
PRECON.BSE_IDX,01/07/2025,12:34:45,5432.33,0,0,0,0,0,0
PRECON.BSE_IDX,01/07/2025,12:34:53,5432.32,0,0,0,0,0,0
PRECON.BSE_IDX,01/07/2025,12:35:01,5432.9,0,0,0,0,0,0
PRECON.BSE_IDX,01/07/2025,12:35:09,5432.83,0,0,0,0,0,0
PRECON.BSE_IDX,01/07/2025,12:35:17,5433.08,0,0,0,0,0,0
PRECON.BSE_IDX,01/07/2025,12:35:25,5433.02,0,0,0,0,0,0
PRECON.BSE_IDX,01/07/2025,12:35:33,5433.19,0,0,0,0,0,0
PRECON.BSE_IDX,01/07/2025,12:35:41,5433.05,0,0,0,0,0,0
PRECON.BSE_IDX,01/07/2025,12:35:49,5432.96,0,0,0,0,0,0
PRECON.BSE_IDX,01/07/2025,12:35:57,5432.94,0,0,0,0,0,0
PRECON.BSE_IDX,01/07/2025,12:36:05,5432.99,0,0,0,0,0,0
PRECON.BSE_IDX,01/07/2025,12:36:13,5432.89,0,0,0,0,0,0
PRECON.BSE_IDX,01/07/2025,12:36:21,5432.49,0,0,0,0,0,0
PRECON.BSE_IDX,01/07/2025,12:36:29,5432.89,0,0,0,0,0,0
PRECON.BSE_IDX,01/07/2025,12:36:37,5433.28,0,0,0,0,0,0
PRECON.BSE_IDX,01/07/2025,12:36:45,5433.53,0,0,0,0,0,0
PRECON.BSE_IDX,01/07/2025,12:36:53,5433.22,0,0,0,0,0,0
PRECON.BSE_IDX,01/07/2025,12:37:01,5433.28,0,0,0,0,0,0
PRECON.BSE_IDX,01/07/2025,12:37:09,5433.3,0,0,0,0,0,0
PRECON.BSE_IDX,01/07/2025,12:37:17,5433.42,0,0,0,0,0,0
PRECON.BSE_IDX,01/07/2025,12:37:25,5433.87,0,0,0,0,0,0
PRECON.BSE_IDX,01/07/2025,12:37:33,5433.8,0,0,0,0,0,0
PRECON.BSE_IDX,01/07/2025,12:37:41,5433.7,0,0,0,0,0,0
PRECON.BSE_IDX,01/07/2025,12:37:49,5433.43,0,0,0,0,0,0
PRECON.BSE_IDX,01/07/2025,12:37:57,5433.32,0,0,0,0,0,0
PRECON.BSE_IDX,01/07/2025,12:38:05,5433.39,0,0,0,0,0,0
PRECON.BSE_IDX,01/07/2025,12:38:13,5433.34,0,0,0,0,0,0
PRECON.BSE_IDX,01/07/2025,12:38:22,5433.28,0,0,0,0,0,0
PRECON.BSE_IDX,01/07/2025,12:38:29,5432.96,0,0,0,0,0,0
PRECON.BSE_IDX,01/07/2025,12:38:39,5432.53,0,0,0,0,0,0
PRECON.BSE_IDX,01/07/2025,12:38:45,5433.17,0,0,0,0,0,0
PRECON.BSE_IDX,01/07/2025,12:38:53,5433.32,0,0,0,0,0,0
PRECON.BSE_IDX,01/07/2025,12:39:01,5433.47,0,0,0,0,0,0
PRECON.BSE_IDX,01/07/2025,12:39:10,5433.46,0,0,0,0,0,0
PRECON.BSE_IDX,01/07/2025,12:39:18,5433.34,0,0,0,0,0,0
PRECON.BSE_IDX,01/07/2025,12:39:25,5433.14,0,0,0,0,0,0
PRECON.BSE_IDX,01/07/2025,12:39:34,5433.42,0,0,0,0,0,0
PRECON.BSE_IDX,01/07/2025,12:39:42,5433.46,0,0,0,0,0,0
PRECON.BSE_IDX,01/07/2025,12:39:49,5433.34,0,0,0,0,0,0
PRECON.BSE_IDX,01/07/2025,12:39:57,5433.32,0,0,0,0,0,0
PRECON.BSE_IDX,01/07/2025,12:40:05,5433.6,0,0,0,0,0,0
PRECON.BSE_IDX,01/07/2025,12:40:14,5434.1,0,0,0,0,0,0
PRECON.BSE_IDX,01/07/2025,12:40:21,5433.53,0,0,0,0,0,0
PRECON.BSE_IDX,01/07/2025,12:40:29,5433.44,0,0,0,0,0,0
PRECON.BSE_IDX,01/07/2025,12:40:37,5433.34,0,0,0,0,0,0
PRECON.BSE_IDX,01/07/2025,12:40:45,5433.49,0,0,0,0,0,0
PRECON.BSE_IDX,01/07/2025,12:40:54,5433.72,0,0,0,0,0,0
PRECON.BSE_IDX,01/07/2025,12:41:01,5433.91,0,0,0,0,0,0
PRECON.BSE_IDX,01/07/2025,12:41:09,5433.76,0,0,0,0,0,0
PRECON.BSE_IDX,01/07/2025,12:41:17,5433.78,0,0,0,0,0,0
PRECON.BSE_IDX,01/07/2025,12:41:25,5433.79,0,0,0,0,0,0
PRECON.BSE_IDX,01/07/2025,12:41:33,5434.87,0,0,0,0,0,0
PRECON.BSE_IDX,01/07/2025,12:41:42,5435.58,0,0,0,0,0,0
PRECON.BSE_IDX,01/07/2025,12:41:50,5435.46,0,0,0,0,0,0
PRECON.BSE_IDX,01/07/2025,12:41:58,5435.79,0,0,0,0,0,0
PRECON.BSE_IDX,01/07/2025,12:42:05,5436.16,0,0,0,0,0,0
PRECON.BSE_IDX,01/07/2025,12:42:13,5436.08,0,0,0,0,0,0
PRECON.BSE_IDX,01/07/2025,12:42:21,5435.14,0,0,0,0,0,0
PRECON.BSE_IDX,01/07/2025,12:42:29,5435.29,0,0,0,0,0,0
PRECON.BSE_IDX,01/07/2025,12:42:37,5435.12,0,0,0,0,0,0
PRECON.BSE_IDX,01/07/2025,12:42:46,5435.62,0,0,0,0,0,0
PRECON.BSE_IDX,01/07/2025,12:42:53,5435.26,0,0,0,0,0,0
PRECON.BSE_IDX,01/07/2025,12:43:01,5435.24,0,0,0,0,0,0
PRECON.BSE_IDX,01/07/2025,12:43:10,5435.21,0,0,0,0,0,0
PRECON.BSE_IDX,01/07/2025,12:43:17,5435.16,0,0,0,0,0,0
PRECON.BSE_IDX,01/07/2025,12:43:26,5435.24,0,0,0,0,0,0
PRECON.BSE_IDX,01/07/2025,12:43:34,5435.29,0,0,0,0,0,0
PRECON.BSE_IDX,01/07/2025,12:43:42,5435.29,0,0,0,0,0,0
PRECON.BSE_IDX,01/07/2025,12:43:49,5435.07,0,0,0,0,0,0
PRECON.BSE_IDX,01/07/2025,12:43:58,5435.09,0,0,0,0,0,0
PRECON.BSE_IDX,01/07/2025,12:44:05,5434.55,0,0,0,0,0,0
PRECON.BSE_IDX,01/07/2025,12:44:14,5434.87,0,0,0,0,0,0
PRECON.BSE_IDX,01/07/2025,12:44:22,5434.99,0,0,0,0,0,0
PRECON.BSE_IDX,01/07/2025,12:44:29,5434.83,0,0,0,0,0,0
PRECON.BSE_IDX,01/07/2025,12:44:38,5434.91,0,0,0,0,0,0
PRECON.BSE_IDX,01/07/2025,12:44:46,5434.67,0,0,0,0,0,0
PRECON.BSE_IDX,01/07/2025,12:44:53,5433.91,0,0,0,0,0,0
PRECON.BSE_IDX,01/07/2025,12:45:01,5434.21,0,0,0,0,0,0
PRECON.BSE_IDX,01/07/2025,12:45:11,5434.12,0,0,0,0,0,0
PRECON.BSE_IDX,01/07/2025,12:45:18,5433.98,0,0,0,0,0,0
PRECON.BSE_IDX,01/07/2025,12:45:26,5434.59,0,0,0,0,0,0
PRECON.BSE_IDX,01/07/2025,12:45:34,5434.82,0,0,0,0,0,0
PRECON.BSE_IDX,01/07/2025,12:45:42,5434.66,0,0,0,0,0,0
PRECON.BSE_IDX,01/07/2025,12:45:50,5434.76,0,0,0,0,0,0
PRECON.BSE_IDX,01/07/2025,12:45:58,5434.62,0,0,0,0,0,0
PRECON.BSE_IDX,01/07/2025,12:46:06,5434.6,0,0,0,0,0,0
PRECON.BSE_IDX,01/07/2025,12:46:14,5434.58,0,0,0,0,0,0
PRECON.BSE_IDX,01/07/2025,12:46:22,5434.29,0,0,0,0,0,0
PRECON.BSE_IDX,01/07/2025,12:46:30,5434.25,0,0,0,0,0,0
PRECON.BSE_IDX,01/07/2025,12:46:38,5434.03,0,0,0,0,0,0
PRECON.BSE_IDX,01/07/2025,12:46:46,5434.02,0,0,0,0,0,0
PRECON.BSE_IDX,01/07/2025,12:46:54,5434.35,0,0,0,0,0,0
PRECON.BSE_IDX,01/07/2025,12:47:02,5434.85,0,0,0,0,0,0
PRECON.BSE_IDX,01/07/2025,12:47:10,5434.08,0,0,0,0,0,0
PRECON.BSE_IDX,01/07/2025,12:47:18,5434.29,0,0,0,0,0,0
PRECON.BSE_IDX,01/07/2025,12:47:26,5434.1,0,0,0,0,0,0
PRECON.BSE_IDX,01/07/2025,12:47:34,5434,0,0,0,0,0,0
PRECON.BSE_IDX,01/07/2025,12:47:42,5433.37,0,0,0,0,0,0
PRECON.BSE_IDX,01/07/2025,12:47:50,5433.99,0,0,0,0,0,0
PRECON.BSE_IDX,01/07/2025,12:47:58,5434.04,0,0,0,0,0,0
PRECON.BSE_IDX,01/07/2025,12:48:06,5433.91,0,0,0,0,0,0
PRECON.BSE_IDX,01/07/2025,12:48:14,5433.93,0,0,0,0,0,0
PRECON.BSE_IDX,01/07/2025,12:48:22,5433.02,0,0,0,0,0,0
PRECON.BSE_IDX,01/07/2025,12:48:30,5433.44,0,0,0,0,0,0
PRECON.BSE_IDX,01/07/2025,12:48:38,5433.45,0,0,0,0,0,0
PRECON.BSE_IDX,01/07/2025,12:48:46,5433.75,0,0,0,0,0,0
PRECON.BSE_IDX,01/07/2025,12:48:54,5433.79,0,0,0,0,0,0
PRECON.BSE_IDX,01/07/2025,12:49:02,5434.12,0,0,0,0,0,0
PRECON.BSE_IDX,01/07/2025,12:49:10,5433.89,0,0,0,0,0,0
PRECON.BSE_IDX,01/07/2025,12:49:18,5433.88,0,0,0,0,0,0
PRECON.BSE_IDX,01/07/2025,12:49:26,5433.92,0,0,0,0,0,0
PRECON.BSE_IDX,01/07/2025,12:49:34,5433.6,0,0,0,0,0,0
PRECON.BSE_IDX,01/07/2025,12:49:42,5433.49,0,0,0,0,0,0
PRECON.BSE_IDX,01/07/2025,12:49:50,5433.4,0,0,0,0,0,0
PRECON.BSE_IDX,01/07/2025,12:49:58,5433.62,0,0,0,0,0,0
PRECON.BSE_IDX,01/07/2025,12:50:06,5433.82,0,0,0,0,0,0
PRECON.BSE_IDX,01/07/2025,12:50:14,5433.77,0,0,0,0,0,0
PRECON.BSE_IDX,01/07/2025,12:50:22,5433.78,0,0,0,0,0,0
PRECON.BSE_IDX,01/07/2025,12:50:30,5433.86,0,0,0,0,0,0
PRECON.BSE_IDX,01/07/2025,12:50:38,5434.54,0,0,0,0,0,0
PRECON.BSE_IDX,01/07/2025,12:50:47,5434.57,0,0,0,0,0,0
PRECON.BSE_IDX,01/07/2025,12:50:54,5434.51,0,0,0,0,0,0
PRECON.BSE_IDX,01/07/2025,12:51:02,5434.22,0,0,0,0,0,0
PRECON.BSE_IDX,01/07/2025,12:51:10,5434.17,0,0,0,0,0,0
PRECON.BSE_IDX,01/07/2025,12:51:19,5434.22,0,0,0,0,0,0
PRECON.BSE_IDX,01/07/2025,12:51:26,5433.78,0,0,0,0,0,0
PRECON.BSE_IDX,01/07/2025,12:51:34,5433.5,0,0,0,0,0,0
PRECON.BSE_IDX,01/07/2025,12:51:42,5433.46,0,0,0,0,0,0
PRECON.BSE_IDX,01/07/2025,12:51:50,5433.59,0,0,0,0,0,0
PRECON.BSE_IDX,01/07/2025,12:51:58,5433.63,0,0,0,0,0,0
PRECON.BSE_IDX,01/07/2025,12:52:06,5433.68,0,0,0,0,0,0
PRECON.BSE_IDX,01/07/2025,12:52:14,5433.56,0,0,0,0,0,0
PRECON.BSE_IDX,01/07/2025,12:52:22,5433.78,0,0,0,0,0,0
PRECON.BSE_IDX,01/07/2025,12:52:30,5433.54,0,0,0,0,0,0
PRECON.BSE_IDX,01/07/2025,12:52:38,5433.52,0,0,0,0,0,0
PRECON.BSE_IDX,01/07/2025,12:52:46,5432.99,0,0,0,0,0,0
PRECON.BSE_IDX,01/07/2025,12:52:54,5433.22,0,0,0,0,0,0
PRECON.BSE_IDX,01/07/2025,12:53:02,5433.19,0,0,0,0,0,0
PRECON.BSE_IDX,01/07/2025,12:53:10,5432.96,0,0,0,0,0,0
PRECON.BSE_IDX,01/07/2025,12:53:18,5433.14,0,0,0,0,0,0
PRECON.BSE_IDX,01/07/2025,12:53:26,5432.76,0,0,0,0,0,0
PRECON.BSE_IDX,01/07/2025,12:53:34,5432.56,0,0,0,0,0,0
PRECON.BSE_IDX,01/07/2025,12:53:42,5432.13,0,0,0,0,0,0
PRECON.BSE_IDX,01/07/2025,12:53:50,5432.01,0,0,0,0,0,0
PRECON.BSE_IDX,01/07/2025,12:53:58,5432.71,0,0,0,0,0,0
PRECON.BSE_IDX,01/07/2025,12:54:06,5432.64,0,0,0,0,0,0
PRECON.BSE_IDX,01/07/2025,12:54:14,5432.55,0,0,0,0,0,0
PRECON.BSE_IDX,01/07/2025,12:54:22,5432.43,0,0,0,0,0,0
PRECON.BSE_IDX,01/07/2025,12:54:30,5432.52,0,0,0,0,0,0
PRECON.BSE_IDX,01/07/2025,12:54:38,5432.51,0,0,0,0,0,0
PRECON.BSE_IDX,01/07/2025,12:54:46,5432.47,0,0,0,0,0,0
PRECON.BSE_IDX,01/07/2025,12:54:54,5432.62,0,0,0,0,0,0
PRECON.BSE_IDX,01/07/2025,12:55:02,5432.56,0,0,0,0,0,0
PRECON.BSE_IDX,01/07/2025,12:55:10,5432.05,0,0,0,0,0,0
PRECON.BSE_IDX,01/07/2025,12:55:18,5432.37,0,0,0,0,0,0
PRECON.BSE_IDX,01/07/2025,12:55:26,5432.3,0,0,0,0,0,0
PRECON.BSE_IDX,01/07/2025,12:55:34,5432.43,0,0,0,0,0,0
PRECON.BSE_IDX,01/07/2025,12:55:42,5432.2,0,0,0,0,0,0
PRECON.BSE_IDX,01/07/2025,12:55:50,5431.71,0,0,0,0,0,0
PRECON.BSE_IDX,01/07/2025,12:55:58,5431.73,0,0,0,0,0,0
PRECON.BSE_IDX,01/07/2025,12:56:06,5431.67,0,0,0,0,0,0
PRECON.BSE_IDX,01/07/2025,12:56:15,5432.28,0,0,0,0,0,0
PRECON.BSE_IDX,01/07/2025,12:56:22,5432.2,0,0,0,0,0,0
PRECON.BSE_IDX,01/07/2025,12:56:30,5432.17,0,0,0,0,0,0
PRECON.BSE_IDX,01/07/2025,12:56:38,5430.78,0,0,0,0,0,0
PRECON.BSE_IDX,01/07/2025,12:56:46,5430.69,0,0,0,0,0,0
PRECON.BSE_IDX,01/07/2025,12:56:54,5430.5,0,0,0,0,0,0
PRECON.BSE_IDX,01/07/2025,12:57:02,5430.34,0,0,0,0,0,0
PRECON.BSE_IDX,01/07/2025,12:57:10,5430.39,0,0,0,0,0,0
PRECON.BSE_IDX,01/07/2025,12:57:18,5430.62,0,0,0,0,0,0
PRECON.BSE_IDX,01/07/2025,12:57:26,5430.31,0,0,0,0,0,0
PRECON.BSE_IDX,01/07/2025,12:57:34,5430.3,0,0,0,0,0,0
PRECON.BSE_IDX,01/07/2025,12:57:42,5430.18,0,0,0,0,0,0
PRECON.BSE_IDX,01/07/2025,12:57:51,5430.15,0,0,0,0,0,0
PRECON.BSE_IDX,01/07/2025,12:57:58,5430.25,0,0,0,0,0,0
PRECON.BSE_IDX,01/07/2025,12:58:06,5430.44,0,0,0,0,0,0
PRECON.BSE_IDX,01/07/2025,12:58:14,5429.93,0,0,0,0,0,0
PRECON.BSE_IDX,01/07/2025,12:58:22,5429.59,0,0,0,0,0,0
