Ticker,Date,Time,LTP,BuyPrice,BuyQty,SellPrice,SellQty,LTQ,OpenInterest
REALTY.BSE_IDX,01/07/2025,09:00:07,7656.39,0,0,0,0,0,0
REALTY.BSE_IDX,01/07/2025,09:00:15,7666.62,0,0,0,0,0,0
REALTY.BSE_IDX,01/07/2025,09:00:23,7673.84,0,0,0,0,0,0
REALTY.BSE_IDX,01/07/2025,09:00:31,7673.84,0,0,0,0,0,0
REALTY.BSE_IDX,01/07/2025,09:00:39,7670.34,0,0,0,0,0,0
REALTY.BSE_IDX,01/07/2025,09:00:47,7670.34,0,0,0,0,0,0
REALTY.BSE_IDX,01/07/2025,09:00:55,7669.9,0,0,0,0,0,0
REALTY.BSE_IDX,01/07/2025,09:01:03,7665.53,0,0,0,0,0,0
REALTY.BSE_IDX,01/07/2025,09:01:11,7668.2,0,0,0,0,0,0
REALTY.BSE_IDX,01/07/2025,09:01:19,7669.81,0,0,0,0,0,0
REALTY.BSE_IDX,01/07/2025,09:01:27,7669.81,0,0,0,0,0,0
REALTY.BSE_IDX,01/07/2025,09:01:35,7576.53,0,0,0,0,0,0
REALTY.BSE_IDX,01/07/2025,09:01:43,7669.81,0,0,0,0,0,0
REALTY.BSE_IDX,01/07/2025,09:01:51,7669.81,0,0,0,0,0,0
REALTY.BSE_IDX,01/07/2025,09:01:59,7669.81,0,0,0,0,0,0
REALTY.BSE_IDX,01/07/2025,09:02:07,7670.25,0,0,0,0,0,0
REALTY.BSE_IDX,01/07/2025,09:02:15,7670.25,0,0,0,0,0,0
REALTY.BSE_IDX,01/07/2025,09:02:23,7670.25,0,0,0,0,0,0
REALTY.BSE_IDX,01/07/2025,09:02:31,7668.69,0,0,0,0,0,0
REALTY.BSE_IDX,01/07/2025,09:02:39,7668.69,0,0,0,0,0,0
REALTY.BSE_IDX,01/07/2025,09:02:47,7669.58,0,0,0,0,0,0
REALTY.BSE_IDX,01/07/2025,09:02:55,7669.58,0,0,0,0,0,0
REALTY.BSE_IDX,01/07/2025,09:03:03,7669.58,0,0,0,0,0,0
REALTY.BSE_IDX,01/07/2025,09:03:11,7669.58,0,0,0,0,0,0
REALTY.BSE_IDX,01/07/2025,09:03:19,7669.58,0,0,0,0,0,0
REALTY.BSE_IDX,01/07/2025,09:03:27,7669.58,0,0,0,0,0,0
REALTY.BSE_IDX,01/07/2025,09:03:35,7669.58,0,0,0,0,0,0
REALTY.BSE_IDX,01/07/2025,09:03:43,7670.7,0,0,0,0,0,0
REALTY.BSE_IDX,01/07/2025,09:03:51,7670.7,0,0,0,0,0,0
REALTY.BSE_IDX,01/07/2025,09:03:59,7670.7,0,0,0,0,0,0
REALTY.BSE_IDX,01/07/2025,09:04:07,7670.7,0,0,0,0,0,0
REALTY.BSE_IDX,01/07/2025,09:04:15,7667.74,0,0,0,0,0,0
REALTY.BSE_IDX,01/07/2025,09:04:23,7667.74,0,0,0,0,0,0
REALTY.BSE_IDX,01/07/2025,09:04:31,7667.74,0,0,0,0,0,0
REALTY.BSE_IDX,01/07/2025,09:04:39,7666.85,0,0,0,0,0,0
REALTY.BSE_IDX,01/07/2025,09:04:47,7668.91,0,0,0,0,0,0
REALTY.BSE_IDX,01/07/2025,09:04:55,7667.29,0,0,0,0,0,0
REALTY.BSE_IDX,01/07/2025,09:05:03,7667.29,0,0,0,0,0,0
REALTY.BSE_IDX,01/07/2025,09:05:11,7667.29,0,0,0,0,0,0
REALTY.BSE_IDX,01/07/2025,09:05:19,7664.77,0,0,0,0,0,0
REALTY.BSE_IDX,01/07/2025,09:05:27,7664.77,0,0,0,0,0,0
REALTY.BSE_IDX,01/07/2025,09:05:35,7664.77,0,0,0,0,0,0
REALTY.BSE_IDX,01/07/2025,09:05:43,7664.84,0,0,0,0,0,0
REALTY.BSE_IDX,01/07/2025,09:05:51,7664.84,0,0,0,0,0,0
REALTY.BSE_IDX,01/07/2025,09:05:59,7664.84,0,0,0,0,0,0
REALTY.BSE_IDX,01/07/2025,09:06:07,7664.84,0,0,0,0,0,0
REALTY.BSE_IDX,01/07/2025,09:06:15,7664.84,0,0,0,0,0,0
REALTY.BSE_IDX,01/07/2025,09:06:23,7665.77,0,0,0,0,0,0
REALTY.BSE_IDX,01/07/2025,09:06:31,7675.34,0,0,0,0,0,0
REALTY.BSE_IDX,01/07/2025,09:06:39,7690.19,0,0,0,0,0,0
REALTY.BSE_IDX,01/07/2025,09:06:47,7693.53,0,0,0,0,0,0
REALTY.BSE_IDX,01/07/2025,09:06:55,7689.22,0,0,0,0,0,0
REALTY.BSE_IDX,01/07/2025,09:07:04,7699,0,0,0,0,0,0
REALTY.BSE_IDX,01/07/2025,09:07:11,7699,0,0,0,0,0,0
REALTY.BSE_IDX,01/07/2025,09:07:19,7699,0,0,0,0,0,0
REALTY.BSE_IDX,01/07/2025,09:07:27,7699,0,0,0,0,0,0
REALTY.BSE_IDX,01/07/2025,09:07:35,7699,0,0,0,0,0,0
REALTY.BSE_IDX,01/07/2025,09:07:43,7699,0,0,0,0,0,0
REALTY.BSE_IDX,01/07/2025,09:07:51,7699,0,0,0,0,0,0
REALTY.BSE_IDX,01/07/2025,09:07:59,7699,0,0,0,0,0,0
REALTY.BSE_IDX,01/07/2025,09:08:07,7699,0,0,0,0,0,0
REALTY.BSE_IDX,01/07/2025,09:08:15,7699,0,0,0,0,0,0
REALTY.BSE_IDX,01/07/2025,09:08:23,7699,0,0,0,0,0,0
REALTY.BSE_IDX,01/07/2025,09:08:31,7699,0,0,0,0,0,0
REALTY.BSE_IDX,01/07/2025,09:08:39,7699,0,0,0,0,0,0
REALTY.BSE_IDX,01/07/2025,09:08:47,7699,0,0,0,0,0,0
REALTY.BSE_IDX,01/07/2025,09:08:55,7699,0,0,0,0,0,0
REALTY.BSE_IDX,01/07/2025,09:09:03,7699.03,0,0,0,0,0,0
REALTY.BSE_IDX,01/07/2025,09:09:11,7699.03,0,0,0,0,0,0
REALTY.BSE_IDX,01/07/2025,09:09:19,7699.03,0,0,0,0,0,0
REALTY.BSE_IDX,01/07/2025,09:09:27,7699.03,0,0,0,0,0,0
REALTY.BSE_IDX,01/07/2025,09:09:35,7699.03,0,0,0,0,0,0
REALTY.BSE_IDX,01/07/2025,09:09:43,7699.03,0,0,0,0,0,0
REALTY.BSE_IDX,01/07/2025,09:09:51,7699.03,0,0,0,0,0,0
REALTY.BSE_IDX,01/07/2025,09:09:59,7699.03,0,0,0,0,0,0
REALTY.BSE_IDX,01/07/2025,09:10:07,7699.03,0,0,0,0,0,0
REALTY.BSE_IDX,01/07/2025,09:10:15,7699.03,0,0,0,0,0,0
REALTY.BSE_IDX,01/07/2025,09:10:23,7699.03,0,0,0,0,0,0
REALTY.BSE_IDX,01/07/2025,09:10:31,7699.03,0,0,0,0,0,0
REALTY.BSE_IDX,01/07/2025,09:10:39,7699.03,0,0,0,0,0,0
REALTY.BSE_IDX,01/07/2025,09:10:47,7699.03,0,0,0,0,0,0
REALTY.BSE_IDX,01/07/2025,09:10:55,7699.03,0,0,0,0,0,0
REALTY.BSE_IDX,01/07/2025,09:11:03,7699.03,0,0,0,0,0,0
REALTY.BSE_IDX,01/07/2025,09:11:11,7699.03,0,0,0,0,0,0
REALTY.BSE_IDX,01/07/2025,09:11:19,7699.03,0,0,0,0,0,0
REALTY.BSE_IDX,01/07/2025,09:11:27,7699.03,0,0,0,0,0,0
REALTY.BSE_IDX,01/07/2025,09:11:35,7699.03,0,0,0,0,0,0
REALTY.BSE_IDX,01/07/2025,09:11:43,7699.03,0,0,0,0,0,0
REALTY.BSE_IDX,01/07/2025,09:11:51,7699.03,0,0,0,0,0,0
REALTY.BSE_IDX,01/07/2025,09:11:59,7699.03,0,0,0,0,0,0
REALTY.BSE_IDX,01/07/2025,09:12:07,7699.03,0,0,0,0,0,0
REALTY.BSE_IDX,01/07/2025,09:12:16,7699.03,0,0,0,0,0,0
REALTY.BSE_IDX,01/07/2025,09:12:23,7699.03,0,0,0,0,0,0
REALTY.BSE_IDX,01/07/2025,09:12:31,7699.03,0,0,0,0,0,0
REALTY.BSE_IDX,01/07/2025,09:12:39,7699.03,0,0,0,0,0,0
REALTY.BSE_IDX,01/07/2025,09:12:47,7699.03,0,0,0,0,0,0
REALTY.BSE_IDX,01/07/2025,09:12:55,7699.03,0,0,0,0,0,0
REALTY.BSE_IDX,01/07/2025,09:13:03,7699.03,0,0,0,0,0,0
REALTY.BSE_IDX,01/07/2025,09:13:11,7699.03,0,0,0,0,0,0
REALTY.BSE_IDX,01/07/2025,09:13:19,7699.03,0,0,0,0,0,0
REALTY.BSE_IDX,01/07/2025,09:13:27,7699.03,0,0,0,0,0,0
REALTY.BSE_IDX,01/07/2025,09:13:35,7699.03,0,0,0,0,0,0
REALTY.BSE_IDX,01/07/2025,09:13:43,7699.03,0,0,0,0,0,0
REALTY.BSE_IDX,01/07/2025,09:13:51,7699.03,0,0,0,0,0,0
REALTY.BSE_IDX,01/07/2025,09:13:59,7699.03,0,0,0,0,0,0
REALTY.BSE_IDX,01/07/2025,09:14:07,7699.03,0,0,0,0,0,0
REALTY.BSE_IDX,01/07/2025,09:14:15,7699.03,0,0,0,0,0,0
REALTY.BSE_IDX,01/07/2025,09:14:23,7699.03,0,0,0,0,0,0
REALTY.BSE_IDX,01/07/2025,09:14:31,7699.03,0,0,0,0,0,0
REALTY.BSE_IDX,01/07/2025,09:14:39,7699.03,0,0,0,0,0,0
REALTY.BSE_IDX,01/07/2025,09:14:47,7699.03,0,0,0,0,0,0
REALTY.BSE_IDX,01/07/2025,09:14:55,7699.03,0,0,0,0,0,0
REALTY.BSE_IDX,01/07/2025,09:15:04,7675.54,0,0,0,0,0,0
REALTY.BSE_IDX,01/07/2025,09:15:11,7689.33,0,0,0,0,0,0
REALTY.BSE_IDX,01/07/2025,09:15:19,7683.55,0,0,0,0,0,0
REALTY.BSE_IDX,01/07/2025,09:15:27,7685.75,0,0,0,0,0,0
REALTY.BSE_IDX,01/07/2025,09:15:35,7694.98,0,0,0,0,0,0
REALTY.BSE_IDX,01/07/2025,09:15:43,7692.46,0,0,0,0,0,0
REALTY.BSE_IDX,01/07/2025,09:15:51,7694.95,0,0,0,0,0,0
REALTY.BSE_IDX,01/07/2025,09:15:59,7693.88,0,0,0,0,0,0
REALTY.BSE_IDX,01/07/2025,09:16:07,7684.85,0,0,0,0,0,0
REALTY.BSE_IDX,01/07/2025,09:16:15,7685.15,0,0,0,0,0,0
REALTY.BSE_IDX,01/07/2025,09:16:24,7684.79,0,0,0,0,0,0
REALTY.BSE_IDX,01/07/2025,09:16:31,7686.64,0,0,0,0,0,0
REALTY.BSE_IDX,01/07/2025,09:16:39,7690.25,0,0,0,0,0,0
REALTY.BSE_IDX,01/07/2025,09:16:48,7690.05,0,0,0,0,0,0
REALTY.BSE_IDX,01/07/2025,09:16:55,7687.21,0,0,0,0,0,0
REALTY.BSE_IDX,01/07/2025,09:17:03,7685.21,0,0,0,0,0,0
REALTY.BSE_IDX,01/07/2025,09:17:12,7688.53,0,0,0,0,0,0
REALTY.BSE_IDX,01/07/2025,09:17:19,7686.33,0,0,0,0,0,0
REALTY.BSE_IDX,01/07/2025,09:17:27,7686.13,0,0,0,0,0,0
REALTY.BSE_IDX,01/07/2025,09:17:35,7689.27,0,0,0,0,0,0
REALTY.BSE_IDX,01/07/2025,09:17:44,7688.42,0,0,0,0,0,0
REALTY.BSE_IDX,01/07/2025,09:17:51,7686.75,0,0,0,0,0,0
REALTY.BSE_IDX,01/07/2025,09:17:59,7690.08,0,0,0,0,0,0
REALTY.BSE_IDX,01/07/2025,09:18:07,7690.48,0,0,0,0,0,0
REALTY.BSE_IDX,01/07/2025,09:18:15,7691.78,0,0,0,0,0,0
REALTY.BSE_IDX,01/07/2025,09:18:23,7693.43,0,0,0,0,0,0
REALTY.BSE_IDX,01/07/2025,09:18:31,7693.72,0,0,0,0,0,0
REALTY.BSE_IDX,01/07/2025,09:18:39,7697.54,0,0,0,0,0,0
REALTY.BSE_IDX,01/07/2025,09:18:47,7699.61,0,0,0,0,0,0
REALTY.BSE_IDX,01/07/2025,09:18:56,7699.22,0,0,0,0,0,0
REALTY.BSE_IDX,01/07/2025,09:19:03,7697.18,0,0,0,0,0,0
REALTY.BSE_IDX,01/07/2025,09:19:11,7697.56,0,0,0,0,0,0
REALTY.BSE_IDX,01/07/2025,09:19:19,7695.04,0,0,0,0,0,0
REALTY.BSE_IDX,01/07/2025,09:19:28,7695.29,0,0,0,0,0,0
REALTY.BSE_IDX,01/07/2025,09:19:35,7692.12,0,0,0,0,0,0
REALTY.BSE_IDX,01/07/2025,09:19:43,7692.43,0,0,0,0,0,0
REALTY.BSE_IDX,01/07/2025,09:19:52,7691.77,0,0,0,0,0,0
REALTY.BSE_IDX,01/07/2025,09:19:59,7687.71,0,0,0,0,0,0
REALTY.BSE_IDX,01/07/2025,09:20:07,7691.08,0,0,0,0,0,0
REALTY.BSE_IDX,01/07/2025,09:20:15,7693.5,0,0,0,0,0,0
REALTY.BSE_IDX,01/07/2025,09:20:24,7691.61,0,0,0,0,0,0
REALTY.BSE_IDX,01/07/2025,09:20:31,7689.3,0,0,0,0,0,0
REALTY.BSE_IDX,01/07/2025,09:20:39,7691.17,0,0,0,0,0,0
REALTY.BSE_IDX,01/07/2025,09:20:47,7689.47,0,0,0,0,0,0
REALTY.BSE_IDX,01/07/2025,09:20:55,7686.76,0,0,0,0,0,0
REALTY.BSE_IDX,01/07/2025,09:21:03,7689.49,0,0,0,0,0,0
REALTY.BSE_IDX,01/07/2025,09:21:11,7689.47,0,0,0,0,0,0
REALTY.BSE_IDX,01/07/2025,09:21:19,7689.4,0,0,0,0,0,0
REALTY.BSE_IDX,01/07/2025,09:21:27,7689.66,0,0,0,0,0,0
REALTY.BSE_IDX,01/07/2025,09:21:36,7689.34,0,0,0,0,0,0
REALTY.BSE_IDX,01/07/2025,09:21:43,7690.07,0,0,0,0,0,0
REALTY.BSE_IDX,01/07/2025,09:21:51,7689.71,0,0,0,0,0,0
REALTY.BSE_IDX,01/07/2025,09:21:59,7691.09,0,0,0,0,0,0
REALTY.BSE_IDX,01/07/2025,09:22:07,7682.51,0,0,0,0,0,0
REALTY.BSE_IDX,01/07/2025,09:22:15,7680.95,0,0,0,0,0,0
REALTY.BSE_IDX,01/07/2025,09:22:23,7682.28,0,0,0,0,0,0
REALTY.BSE_IDX,01/07/2025,09:22:31,7684.69,0,0,0,0,0,0
REALTY.BSE_IDX,01/07/2025,09:22:39,7686.15,0,0,0,0,0,0
REALTY.BSE_IDX,01/07/2025,09:22:47,7688.82,0,0,0,0,0,0
REALTY.BSE_IDX,01/07/2025,09:22:55,7691.46,0,0,0,0,0,0
REALTY.BSE_IDX,01/07/2025,09:23:03,7692.13,0,0,0,0,0,0
REALTY.BSE_IDX,01/07/2025,09:23:11,7693.4,0,0,0,0,0,0
REALTY.BSE_IDX,01/07/2025,09:23:19,7691.07,0,0,0,0,0,0
REALTY.BSE_IDX,01/07/2025,09:23:27,7688.67,0,0,0,0,0,0
REALTY.BSE_IDX,01/07/2025,09:23:35,7689.37,0,0,0,0,0,0
REALTY.BSE_IDX,01/07/2025,09:23:44,7687.06,0,0,0,0,0,0
REALTY.BSE_IDX,01/07/2025,09:23:51,7689.27,0,0,0,0,0,0
REALTY.BSE_IDX,01/07/2025,09:23:59,7688.01,0,0,0,0,0,0
REALTY.BSE_IDX,01/07/2025,09:24:08,7689.54,0,0,0,0,0,0
REALTY.BSE_IDX,01/07/2025,09:24:15,7686.55,0,0,0,0,0,0
REALTY.BSE_IDX,01/07/2025,09:24:23,7685.99,0,0,0,0,0,0
REALTY.BSE_IDX,01/07/2025,09:24:32,7685.99,0,0,0,0,0,0
REALTY.BSE_IDX,01/07/2025,09:24:39,7686.03,0,0,0,0,0,0
REALTY.BSE_IDX,01/07/2025,09:24:48,7687.49,0,0,0,0,0,0
REALTY.BSE_IDX,01/07/2025,09:24:57,7685.55,0,0,0,0,0,0
REALTY.BSE_IDX,01/07/2025,09:25:03,7685.57,0,0,0,0,0,0
REALTY.BSE_IDX,01/07/2025,09:25:12,7682.77,0,0,0,0,0,0
REALTY.BSE_IDX,01/07/2025,09:25:19,7680.84,0,0,0,0,0,0
REALTY.BSE_IDX,01/07/2025,09:25:29,7679.76,0,0,0,0,0,0
REALTY.BSE_IDX,01/07/2025,09:25:35,7681.05,0,0,0,0,0,0
REALTY.BSE_IDX,01/07/2025,09:25:43,7673.66,0,0,0,0,0,0
REALTY.BSE_IDX,01/07/2025,09:25:51,7675.77,0,0,0,0,0,0
REALTY.BSE_IDX,01/07/2025,09:25:59,7675.36,0,0,0,0,0,0
REALTY.BSE_IDX,01/07/2025,09:26:08,7672.08,0,0,0,0,0,0
REALTY.BSE_IDX,01/07/2025,09:26:15,7672.5,0,0,0,0,0,0
REALTY.BSE_IDX,01/07/2025,09:26:23,7672.57,0,0,0,0,0,0
REALTY.BSE_IDX,01/07/2025,09:26:31,7673.81,0,0,0,0,0,0
REALTY.BSE_IDX,01/07/2025,09:26:39,7673.79,0,0,0,0,0,0
REALTY.BSE_IDX,01/07/2025,09:26:48,7673.42,0,0,0,0,0,0
REALTY.BSE_IDX,01/07/2025,09:26:55,7672.39,0,0,0,0,0,0
REALTY.BSE_IDX,01/07/2025,09:27:04,7669.72,0,0,0,0,0,0
REALTY.BSE_IDX,01/07/2025,09:27:12,7670.91,0,0,0,0,0,0
REALTY.BSE_IDX,01/07/2025,09:27:19,7670.48,0,0,0,0,0,0
REALTY.BSE_IDX,01/07/2025,09:27:28,7670.39,0,0,0,0,0,0
REALTY.BSE_IDX,01/07/2025,09:27:36,7670.52,0,0,0,0,0,0
REALTY.BSE_IDX,01/07/2025,09:27:44,7671.05,0,0,0,0,0,0
REALTY.BSE_IDX,01/07/2025,09:27:51,7670.61,0,0,0,0,0,0
REALTY.BSE_IDX,01/07/2025,09:28:00,7670.13,0,0,0,0,0,0
REALTY.BSE_IDX,01/07/2025,09:28:08,7666.96,0,0,0,0,0,0
REALTY.BSE_IDX,01/07/2025,09:28:16,7665.95,0,0,0,0,0,0
REALTY.BSE_IDX,01/07/2025,09:28:24,7662.66,0,0,0,0,0,0
REALTY.BSE_IDX,01/07/2025,09:28:32,7663.12,0,0,0,0,0,0
REALTY.BSE_IDX,01/07/2025,09:28:40,7660.7,0,0,0,0,0,0
REALTY.BSE_IDX,01/07/2025,09:28:48,7660.37,0,0,0,0,0,0
REALTY.BSE_IDX,01/07/2025,09:28:56,7661.12,0,0,0,0,0,0
REALTY.BSE_IDX,01/07/2025,09:29:04,7655.81,0,0,0,0,0,0
REALTY.BSE_IDX,01/07/2025,09:29:12,7657.13,0,0,0,0,0,0
REALTY.BSE_IDX,01/07/2025,09:29:20,7656.45,0,0,0,0,0,0
REALTY.BSE_IDX,01/07/2025,09:29:28,7655.27,0,0,0,0,0,0
REALTY.BSE_IDX,01/07/2025,09:29:36,7654.71,0,0,0,0,0,0
REALTY.BSE_IDX,01/07/2025,09:29:44,7657.83,0,0,0,0,0,0
REALTY.BSE_IDX,01/07/2025,09:29:52,7658.5,0,0,0,0,0,0
REALTY.BSE_IDX,01/07/2025,09:30:00,7659.67,0,0,0,0,0,0
REALTY.BSE_IDX,01/07/2025,09:30:08,7666.01,0,0,0,0,0,0
REALTY.BSE_IDX,01/07/2025,09:30:16,7665.3,0,0,0,0,0,0
REALTY.BSE_IDX,01/07/2025,09:30:24,7665.33,0,0,0,0,0,0
REALTY.BSE_IDX,01/07/2025,09:30:32,7664.47,0,0,0,0,0,0
REALTY.BSE_IDX,01/07/2025,09:30:40,7664.6,0,0,0,0,0,0
REALTY.BSE_IDX,01/07/2025,09:30:48,7666.24,0,0,0,0,0,0
REALTY.BSE_IDX,01/07/2025,09:30:56,7663.2,0,0,0,0,0,0
REALTY.BSE_IDX,01/07/2025,09:31:04,7662.16,0,0,0,0,0,0
REALTY.BSE_IDX,01/07/2025,09:31:12,7658.83,0,0,0,0,0,0
REALTY.BSE_IDX,01/07/2025,09:31:20,7658.72,0,0,0,0,0,0
REALTY.BSE_IDX,01/07/2025,09:31:28,7657.21,0,0,0,0,0,0
REALTY.BSE_IDX,01/07/2025,09:31:36,7656.77,0,0,0,0,0,0
REALTY.BSE_IDX,01/07/2025,09:31:44,7660.18,0,0,0,0,0,0
REALTY.BSE_IDX,01/07/2025,09:31:52,7660.29,0,0,0,0,0,0
REALTY.BSE_IDX,01/07/2025,09:32:00,7661.54,0,0,0,0,0,0
REALTY.BSE_IDX,01/07/2025,09:32:08,7664.73,0,0,0,0,0,0
REALTY.BSE_IDX,01/07/2025,09:32:16,7664.01,0,0,0,0,0,0
REALTY.BSE_IDX,01/07/2025,09:32:24,7665.31,0,0,0,0,0,0
REALTY.BSE_IDX,01/07/2025,09:32:32,7665.44,0,0,0,0,0,0
REALTY.BSE_IDX,01/07/2025,09:32:40,7666.36,0,0,0,0,0,0
REALTY.BSE_IDX,01/07/2025,09:32:48,7668.39,0,0,0,0,0,0
REALTY.BSE_IDX,01/07/2025,09:32:56,7668.16,0,0,0,0,0,0
REALTY.BSE_IDX,01/07/2025,09:33:04,7670.91,0,0,0,0,0,0
REALTY.BSE_IDX,01/07/2025,09:33:12,7669.42,0,0,0,0,0,0
REALTY.BSE_IDX,01/07/2025,09:33:20,7668.85,0,0,0,0,0,0
REALTY.BSE_IDX,01/07/2025,09:33:28,7669.98,0,0,0,0,0,0
REALTY.BSE_IDX,01/07/2025,09:33:36,7671.01,0,0,0,0,0,0
REALTY.BSE_IDX,01/07/2025,09:33:44,7666.52,0,0,0,0,0,0
REALTY.BSE_IDX,01/07/2025,09:33:52,7667.79,0,0,0,0,0,0
REALTY.BSE_IDX,01/07/2025,09:34:00,7666.81,0,0,0,0,0,0
REALTY.BSE_IDX,01/07/2025,09:34:08,7666.51,0,0,0,0,0,0
REALTY.BSE_IDX,01/07/2025,09:34:16,7663.25,0,0,0,0,0,0
REALTY.BSE_IDX,01/07/2025,09:34:24,7664.46,0,0,0,0,0,0
REALTY.BSE_IDX,01/07/2025,09:34:32,7664.57,0,0,0,0,0,0
REALTY.BSE_IDX,01/07/2025,09:34:40,7667.22,0,0,0,0,0,0
REALTY.BSE_IDX,01/07/2025,09:34:48,7671.35,0,0,0,0,0,0
REALTY.BSE_IDX,01/07/2025,09:34:56,7673.1,0,0,0,0,0,0
REALTY.BSE_IDX,01/07/2025,09:35:05,7674.15,0,0,0,0,0,0
REALTY.BSE_IDX,01/07/2025,09:35:12,7673.26,0,0,0,0,0,0
REALTY.BSE_IDX,01/07/2025,09:35:20,7674.26,0,0,0,0,0,0
REALTY.BSE_IDX,01/07/2025,09:35:28,7672.61,0,0,0,0,0,0
REALTY.BSE_IDX,01/07/2025,09:35:36,7670.56,0,0,0,0,0,0
REALTY.BSE_IDX,01/07/2025,09:35:44,7672.71,0,0,0,0,0,0
REALTY.BSE_IDX,01/07/2025,09:35:52,7672.49,0,0,0,0,0,0
REALTY.BSE_IDX,01/07/2025,09:36:00,7672.56,0,0,0,0,0,0
REALTY.BSE_IDX,01/07/2025,09:36:08,7668.53,0,0,0,0,0,0
REALTY.BSE_IDX,01/07/2025,09:36:16,7668.04,0,0,0,0,0,0
REALTY.BSE_IDX,01/07/2025,09:36:24,7667.46,0,0,0,0,0,0
REALTY.BSE_IDX,01/07/2025,09:36:33,7667.69,0,0,0,0,0,0
REALTY.BSE_IDX,01/07/2025,09:36:40,7669.66,0,0,0,0,0,0
REALTY.BSE_IDX,01/07/2025,09:36:48,7666.03,0,0,0,0,0,0
REALTY.BSE_IDX,01/07/2025,09:36:56,7666.81,0,0,0,0,0,0
REALTY.BSE_IDX,01/07/2025,09:37:04,7673.85,0,0,0,0,0,0
REALTY.BSE_IDX,01/07/2025,09:37:12,7672.02,0,0,0,0,0,0
REALTY.BSE_IDX,01/07/2025,09:37:20,7671.81,0,0,0,0,0,0
REALTY.BSE_IDX,01/07/2025,09:37:28,7672.2,0,0,0,0,0,0
REALTY.BSE_IDX,01/07/2025,09:37:36,7671.36,0,0,0,0,0,0
REALTY.BSE_IDX,01/07/2025,09:37:44,7671.32,0,0,0,0,0,0
REALTY.BSE_IDX,01/07/2025,09:37:52,7670.85,0,0,0,0,0,0
REALTY.BSE_IDX,01/07/2025,09:38:00,7671.97,0,0,0,0,0,0
REALTY.BSE_IDX,01/07/2025,09:38:08,7671.85,0,0,0,0,0,0
REALTY.BSE_IDX,01/07/2025,09:38:16,7666.31,0,0,0,0,0,0
REALTY.BSE_IDX,01/07/2025,09:38:24,7665.58,0,0,0,0,0,0
REALTY.BSE_IDX,01/07/2025,09:38:32,7665.58,0,0,0,0,0,0
REALTY.BSE_IDX,01/07/2025,09:38:40,7665.51,0,0,0,0,0,0
REALTY.BSE_IDX,01/07/2025,09:38:48,7664.62,0,0,0,0,0,0
REALTY.BSE_IDX,01/07/2025,09:38:56,7666.62,0,0,0,0,0,0
REALTY.BSE_IDX,01/07/2025,09:39:04,7666.62,0,0,0,0,0,0
REALTY.BSE_IDX,01/07/2025,09:39:12,7665.38,0,0,0,0,0,0
REALTY.BSE_IDX,01/07/2025,09:39:20,7665.63,0,0,0,0,0,0
REALTY.BSE_IDX,01/07/2025,09:39:28,7668.48,0,0,0,0,0,0
REALTY.BSE_IDX,01/07/2025,09:39:36,7670.51,0,0,0,0,0,0
REALTY.BSE_IDX,01/07/2025,09:39:44,7670.51,0,0,0,0,0,0
REALTY.BSE_IDX,01/07/2025,09:39:52,7669.55,0,0,0,0,0,0
REALTY.BSE_IDX,01/07/2025,09:40:00,7669.46,0,0,0,0,0,0
REALTY.BSE_IDX,01/07/2025,09:40:08,7670.83,0,0,0,0,0,0
REALTY.BSE_IDX,01/07/2025,09:40:16,7670.11,0,0,0,0,0,0
REALTY.BSE_IDX,01/07/2025,09:40:24,7670.16,0,0,0,0,0,0
REALTY.BSE_IDX,01/07/2025,09:40:32,7670.13,0,0,0,0,0,0
REALTY.BSE_IDX,01/07/2025,09:40:40,7669.18,0,0,0,0,0,0
REALTY.BSE_IDX,01/07/2025,09:40:48,7667.61,0,0,0,0,0,0
REALTY.BSE_IDX,01/07/2025,09:40:56,7667.13,0,0,0,0,0,0
REALTY.BSE_IDX,01/07/2025,09:41:04,7665.49,0,0,0,0,0,0
REALTY.BSE_IDX,01/07/2025,09:41:12,7665.74,0,0,0,0,0,0
REALTY.BSE_IDX,01/07/2025,09:41:20,7666.23,0,0,0,0,0,0
REALTY.BSE_IDX,01/07/2025,09:41:28,7666.23,0,0,0,0,0,0
REALTY.BSE_IDX,01/07/2025,09:41:36,7666.23,0,0,0,0,0,0
REALTY.BSE_IDX,01/07/2025,09:41:44,7665.41,0,0,0,0,0,0
REALTY.BSE_IDX,01/07/2025,09:41:52,7664.63,0,0,0,0,0,0
REALTY.BSE_IDX,01/07/2025,09:42:00,7664.63,0,0,0,0,0,0
REALTY.BSE_IDX,01/07/2025,09:42:08,7664.91,0,0,0,0,0,0
REALTY.BSE_IDX,01/07/2025,09:42:16,7665.24,0,0,0,0,0,0
REALTY.BSE_IDX,01/07/2025,09:42:24,7665.2,0,0,0,0,0,0
REALTY.BSE_IDX,01/07/2025,09:42:32,7666.5,0,0,0,0,0,0
REALTY.BSE_IDX,01/07/2025,09:42:40,7666.66,0,0,0,0,0,0
REALTY.BSE_IDX,01/07/2025,09:42:48,7667.77,0,0,0,0,0,0
REALTY.BSE_IDX,01/07/2025,09:42:56,7667.77,0,0,0,0,0,0
REALTY.BSE_IDX,01/07/2025,09:43:04,7668.08,0,0,0,0,0,0
REALTY.BSE_IDX,01/07/2025,09:43:12,7668.79,0,0,0,0,0,0
REALTY.BSE_IDX,01/07/2025,09:43:20,7667.53,0,0,0,0,0,0
REALTY.BSE_IDX,01/07/2025,09:43:28,7665.49,0,0,0,0,0,0
REALTY.BSE_IDX,01/07/2025,09:43:36,7665.38,0,0,0,0,0,0
REALTY.BSE_IDX,01/07/2025,09:43:44,7665.44,0,0,0,0,0,0
REALTY.BSE_IDX,01/07/2025,09:43:53,7665.67,0,0,0,0,0,0
REALTY.BSE_IDX,01/07/2025,09:44:00,7666.6,0,0,0,0,0,0
REALTY.BSE_IDX,01/07/2025,09:44:08,7667.42,0,0,0,0,0,0
REALTY.BSE_IDX,01/07/2025,09:44:16,7667.33,0,0,0,0,0,0
REALTY.BSE_IDX,01/07/2025,09:44:24,7667.33,0,0,0,0,0,0
REALTY.BSE_IDX,01/07/2025,09:44:32,7670.08,0,0,0,0,0,0
REALTY.BSE_IDX,01/07/2025,09:44:40,7669.47,0,0,0,0,0,0
REALTY.BSE_IDX,01/07/2025,09:44:48,7669.81,0,0,0,0,0,0
REALTY.BSE_IDX,01/07/2025,09:44:56,7667.4,0,0,0,0,0,0
REALTY.BSE_IDX,01/07/2025,09:45:05,7666.21,0,0,0,0,0,0
REALTY.BSE_IDX,01/07/2025,09:45:12,7663.4,0,0,0,0,0,0
REALTY.BSE_IDX,01/07/2025,09:45:20,7660.47,0,0,0,0,0,0
REALTY.BSE_IDX,01/07/2025,09:45:28,7659.25,0,0,0,0,0,0
REALTY.BSE_IDX,01/07/2025,09:45:36,7658.16,0,0,0,0,0,0
REALTY.BSE_IDX,01/07/2025,09:45:44,7658.06,0,0,0,0,0,0
REALTY.BSE_IDX,01/07/2025,09:45:52,7658.06,0,0,0,0,0,0
REALTY.BSE_IDX,01/07/2025,09:46:01,7658.7,0,0,0,0,0,0
REALTY.BSE_IDX,01/07/2025,09:46:08,7658.85,0,0,0,0,0,0
REALTY.BSE_IDX,01/07/2025,09:46:16,7659.87,0,0,0,0,0,0
REALTY.BSE_IDX,01/07/2025,09:46:24,7659.27,0,0,0,0,0,0
REALTY.BSE_IDX,01/07/2025,09:46:32,7658.8,0,0,0,0,0,0
REALTY.BSE_IDX,01/07/2025,09:46:40,7658.99,0,0,0,0,0,0
REALTY.BSE_IDX,01/07/2025,09:46:48,7659.47,0,0,0,0,0,0
REALTY.BSE_IDX,01/07/2025,09:46:56,7658.97,0,0,0,0,0,0
REALTY.BSE_IDX,01/07/2025,09:47:04,7660,0,0,0,0,0,0
REALTY.BSE_IDX,01/07/2025,09:47:12,7659.98,0,0,0,0,0,0
REALTY.BSE_IDX,01/07/2025,09:47:20,7658.8,0,0,0,0,0,0
REALTY.BSE_IDX,01/07/2025,09:47:28,7658.45,0,0,0,0,0,0
REALTY.BSE_IDX,01/07/2025,09:47:36,7659.14,0,0,0,0,0,0
REALTY.BSE_IDX,01/07/2025,09:47:44,7661.14,0,0,0,0,0,0
REALTY.BSE_IDX,01/07/2025,09:47:52,7661.38,0,0,0,0,0,0
REALTY.BSE_IDX,01/07/2025,09:48:00,7661.78,0,0,0,0,0,0
REALTY.BSE_IDX,01/07/2025,09:48:08,7661.67,0,0,0,0,0,0
REALTY.BSE_IDX,01/07/2025,09:48:16,7663.42,0,0,0,0,0,0
REALTY.BSE_IDX,01/07/2025,09:48:24,7665.92,0,0,0,0,0,0
REALTY.BSE_IDX,01/07/2025,09:48:32,7667.34,0,0,0,0,0,0
REALTY.BSE_IDX,01/07/2025,09:48:40,7666.41,0,0,0,0,0,0
REALTY.BSE_IDX,01/07/2025,09:48:48,7665.91,0,0,0,0,0,0
REALTY.BSE_IDX,01/07/2025,09:48:56,7665.91,0,0,0,0,0,0
REALTY.BSE_IDX,01/07/2025,09:49:04,7665.12,0,0,0,0,0,0
REALTY.BSE_IDX,01/07/2025,09:49:12,7664.27,0,0,0,0,0,0
REALTY.BSE_IDX,01/07/2025,09:49:20,7664.98,0,0,0,0,0,0
REALTY.BSE_IDX,01/07/2025,09:49:28,7663.91,0,0,0,0,0,0
REALTY.BSE_IDX,01/07/2025,09:49:36,7663.91,0,0,0,0,0,0
REALTY.BSE_IDX,01/07/2025,09:49:44,7663.47,0,0,0,0,0,0
REALTY.BSE_IDX,01/07/2025,09:49:52,7662.83,0,0,0,0,0,0
REALTY.BSE_IDX,01/07/2025,09:50:00,7662.9,0,0,0,0,0,0
REALTY.BSE_IDX,01/07/2025,09:50:08,7662.46,0,0,0,0,0,0
REALTY.BSE_IDX,01/07/2025,09:50:16,7662.73,0,0,0,0,0,0
REALTY.BSE_IDX,01/07/2025,09:50:24,7662.59,0,0,0,0,0,0
REALTY.BSE_IDX,01/07/2025,09:50:32,7664.25,0,0,0,0,0,0
REALTY.BSE_IDX,01/07/2025,09:50:40,7664.25,0,0,0,0,0,0
REALTY.BSE_IDX,01/07/2025,09:50:48,7660.4,0,0,0,0,0,0
REALTY.BSE_IDX,01/07/2025,09:50:57,7658.47,0,0,0,0,0,0
REALTY.BSE_IDX,01/07/2025,09:51:04,7658.67,0,0,0,0,0,0
REALTY.BSE_IDX,01/07/2025,09:51:12,7658.67,0,0,0,0,0,0
REALTY.BSE_IDX,01/07/2025,09:51:20,7659.49,0,0,0,0,0,0
REALTY.BSE_IDX,01/07/2025,09:51:28,7658.42,0,0,0,0,0,0
REALTY.BSE_IDX,01/07/2025,09:51:37,7658.42,0,0,0,0,0,0
REALTY.BSE_IDX,01/07/2025,09:51:44,7659.89,0,0,0,0,0,0
REALTY.BSE_IDX,01/07/2025,09:51:52,7660.09,0,0,0,0,0,0
REALTY.BSE_IDX,01/07/2025,09:52:01,7657.86,0,0,0,0,0,0
REALTY.BSE_IDX,01/07/2025,09:52:08,7657.86,0,0,0,0,0,0
REALTY.BSE_IDX,01/07/2025,09:52:17,7657.94,0,0,0,0,0,0
REALTY.BSE_IDX,01/07/2025,09:52:24,7657.81,0,0,0,0,0,0
REALTY.BSE_IDX,01/07/2025,09:52:32,7657.22,0,0,0,0,0,0
REALTY.BSE_IDX,01/07/2025,09:52:40,7657.4,0,0,0,0,0,0
REALTY.BSE_IDX,01/07/2025,09:52:48,7656.52,0,0,0,0,0,0
REALTY.BSE_IDX,01/07/2025,09:52:57,7656.78,0,0,0,0,0,0
REALTY.BSE_IDX,01/07/2025,09:53:04,7658.19,0,0,0,0,0,0
REALTY.BSE_IDX,01/07/2025,09:53:13,7658.46,0,0,0,0,0,0
REALTY.BSE_IDX,01/07/2025,09:53:20,7657.67,0,0,0,0,0,0
REALTY.BSE_IDX,01/07/2025,09:53:28,7658.66,0,0,0,0,0,0
REALTY.BSE_IDX,01/07/2025,09:53:36,7659.21,0,0,0,0,0,0
REALTY.BSE_IDX,01/07/2025,09:53:44,7659.05,0,0,0,0,0,0
REALTY.BSE_IDX,01/07/2025,09:53:52,7660.59,0,0,0,0,0,0
REALTY.BSE_IDX,01/07/2025,09:54:00,7660.59,0,0,0,0,0,0
REALTY.BSE_IDX,01/07/2025,09:54:08,7660.6,0,0,0,0,0,0
REALTY.BSE_IDX,01/07/2025,09:54:16,7661.42,0,0,0,0,0,0
REALTY.BSE_IDX,01/07/2025,09:54:24,7660.78,0,0,0,0,0,0
REALTY.BSE_IDX,01/07/2025,09:54:32,7659.34,0,0,0,0,0,0
REALTY.BSE_IDX,01/07/2025,09:54:40,7656.18,0,0,0,0,0,0
REALTY.BSE_IDX,01/07/2025,09:54:48,7657.52,0,0,0,0,0,0
REALTY.BSE_IDX,01/07/2025,09:54:56,7655.56,0,0,0,0,0,0
REALTY.BSE_IDX,01/07/2025,09:55:04,7651.1,0,0,0,0,0,0
REALTY.BSE_IDX,01/07/2025,09:55:12,7650.78,0,0,0,0,0,0
REALTY.BSE_IDX,01/07/2025,09:55:20,7651.69,0,0,0,0,0,0
REALTY.BSE_IDX,01/07/2025,09:55:28,7651.79,0,0,0,0,0,0
REALTY.BSE_IDX,01/07/2025,09:55:36,7652.12,0,0,0,0,0,0
REALTY.BSE_IDX,01/07/2025,09:55:44,7650.2,0,0,0,0,0,0
REALTY.BSE_IDX,01/07/2025,09:55:52,7649.17,0,0,0,0,0,0
REALTY.BSE_IDX,01/07/2025,09:56:00,7646.59,0,0,0,0,0,0
REALTY.BSE_IDX,01/07/2025,09:56:08,7647.11,0,0,0,0,0,0
REALTY.BSE_IDX,01/07/2025,09:56:16,7646.53,0,0,0,0,0,0
REALTY.BSE_IDX,01/07/2025,09:56:25,7646.48,0,0,0,0,0,0
REALTY.BSE_IDX,01/07/2025,09:56:32,7646.68,0,0,0,0,0,0
REALTY.BSE_IDX,01/07/2025,09:56:41,7647.03,0,0,0,0,0,0
REALTY.BSE_IDX,01/07/2025,09:56:48,7645.51,0,0,0,0,0,0
REALTY.BSE_IDX,01/07/2025,09:56:57,7645.71,0,0,0,0,0,0
REALTY.BSE_IDX,01/07/2025,09:57:04,7645.22,0,0,0,0,0,0
REALTY.BSE_IDX,01/07/2025,09:57:12,7647.1,0,0,0,0,0,0
REALTY.BSE_IDX,01/07/2025,09:57:20,7648.4,0,0,0,0,0,0
REALTY.BSE_IDX,01/07/2025,09:57:28,7649.15,0,0,0,0,0,0
REALTY.BSE_IDX,01/07/2025,09:57:36,7649.15,0,0,0,0,0,0
REALTY.BSE_IDX,01/07/2025,09:57:44,7649.33,0,0,0,0,0,0
REALTY.BSE_IDX,01/07/2025,09:57:52,7650.1,0,0,0,0,0,0
REALTY.BSE_IDX,01/07/2025,09:58:00,7648.37,0,0,0,0,0,0
REALTY.BSE_IDX,01/07/2025,09:58:08,7648.24,0,0,0,0,0,0
REALTY.BSE_IDX,01/07/2025,09:58:16,7648.33,0,0,0,0,0,0
REALTY.BSE_IDX,01/07/2025,09:58:24,7647.8,0,0,0,0,0,0
REALTY.BSE_IDX,01/07/2025,09:58:32,7648.34,0,0,0,0,0,0
REALTY.BSE_IDX,01/07/2025,09:58:40,7651.51,0,0,0,0,0,0
REALTY.BSE_IDX,01/07/2025,09:58:48,7651.38,0,0,0,0,0,0
REALTY.BSE_IDX,01/07/2025,09:58:56,7653.07,0,0,0,0,0,0
REALTY.BSE_IDX,01/07/2025,09:59:05,7652.06,0,0,0,0,0,0
REALTY.BSE_IDX,01/07/2025,09:59:12,7653.02,0,0,0,0,0,0
REALTY.BSE_IDX,01/07/2025,09:59:20,7653.02,0,0,0,0,0,0
REALTY.BSE_IDX,01/07/2025,09:59:28,7651.98,0,0,0,0,0,0
REALTY.BSE_IDX,01/07/2025,09:59:36,7652.11,0,0,0,0,0,0
REALTY.BSE_IDX,01/07/2025,09:59:45,7652.11,0,0,0,0,0,0
REALTY.BSE_IDX,01/07/2025,09:59:52,7652.02,0,0,0,0,0,0
REALTY.BSE_IDX,01/07/2025,10:00:00,7652.02,0,0,0,0,0,0
REALTY.BSE_IDX,01/07/2025,10:00:08,7657.06,0,0,0,0,0,0
REALTY.BSE_IDX,01/07/2025,10:00:16,7659.06,0,0,0,0,0,0
REALTY.BSE_IDX,01/07/2025,10:00:24,7657.88,0,0,0,0,0,0
REALTY.BSE_IDX,01/07/2025,10:00:32,7657.88,0,0,0,0,0,0
REALTY.BSE_IDX,01/07/2025,10:00:40,7658.43,0,0,0,0,0,0
REALTY.BSE_IDX,01/07/2025,10:00:48,7658.68,0,0,0,0,0,0
REALTY.BSE_IDX,01/07/2025,10:00:56,7659.42,0,0,0,0,0,0
REALTY.BSE_IDX,01/07/2025,10:01:04,7659.11,0,0,0,0,0,0
REALTY.BSE_IDX,01/07/2025,10:01:12,7658.31,0,0,0,0,0,0
REALTY.BSE_IDX,01/07/2025,10:01:21,7661.14,0,0,0,0,0,0
REALTY.BSE_IDX,01/07/2025,10:01:28,7661.14,0,0,0,0,0,0
REALTY.BSE_IDX,01/07/2025,10:01:36,7660.35,0,0,0,0,0,0
REALTY.BSE_IDX,01/07/2025,10:01:44,7660.08,0,0,0,0,0,0
REALTY.BSE_IDX,01/07/2025,10:01:52,7660.08,0,0,0,0,0,0
REALTY.BSE_IDX,01/07/2025,10:02:00,7660.08,0,0,0,0,0,0
REALTY.BSE_IDX,01/07/2025,10:02:08,7660.31,0,0,0,0,0,0
REALTY.BSE_IDX,01/07/2025,10:02:16,7660.95,0,0,0,0,0,0
REALTY.BSE_IDX,01/07/2025,10:02:24,7660.95,0,0,0,0,0,0
REALTY.BSE_IDX,01/07/2025,10:02:32,7660.95,0,0,0,0,0,0
REALTY.BSE_IDX,01/07/2025,10:02:41,7662.69,0,0,0,0,0,0
REALTY.BSE_IDX,01/07/2025,10:02:49,7665.85,0,0,0,0,0,0
REALTY.BSE_IDX,01/07/2025,10:02:56,7665.91,0,0,0,0,0,0
REALTY.BSE_IDX,01/07/2025,10:03:04,7663.63,0,0,0,0,0,0
REALTY.BSE_IDX,01/07/2025,10:03:13,7659.17,0,0,0,0,0,0
REALTY.BSE_IDX,01/07/2025,10:03:20,7658.18,0,0,0,0,0,0
REALTY.BSE_IDX,01/07/2025,10:03:29,7656.46,0,0,0,0,0,0
REALTY.BSE_IDX,01/07/2025,10:03:37,7656.26,0,0,0,0,0,0
REALTY.BSE_IDX,01/07/2025,10:03:45,7656.16,0,0,0,0,0,0
REALTY.BSE_IDX,01/07/2025,10:03:53,7653.33,0,0,0,0,0,0
REALTY.BSE_IDX,01/07/2025,10:04:01,7652.17,0,0,0,0,0,0
REALTY.BSE_IDX,01/07/2025,10:04:09,7652.3,0,0,0,0,0,0
REALTY.BSE_IDX,01/07/2025,10:04:17,7652.87,0,0,0,0,0,0
REALTY.BSE_IDX,01/07/2025,10:04:25,7653.49,0,0,0,0,0,0
REALTY.BSE_IDX,01/07/2025,10:04:33,7653.73,0,0,0,0,0,0
REALTY.BSE_IDX,01/07/2025,10:04:41,7654.15,0,0,0,0,0,0
REALTY.BSE_IDX,01/07/2025,10:04:50,7653.93,0,0,0,0,0,0
REALTY.BSE_IDX,01/07/2025,10:04:57,7653.45,0,0,0,0,0,0
REALTY.BSE_IDX,01/07/2025,10:05:05,7654.63,0,0,0,0,0,0
REALTY.BSE_IDX,01/07/2025,10:05:14,7654.63,0,0,0,0,0,0
REALTY.BSE_IDX,01/07/2025,10:05:21,7652.32,0,0,0,0,0,0
REALTY.BSE_IDX,01/07/2025,10:05:29,7652.27,0,0,0,0,0,0
REALTY.BSE_IDX,01/07/2025,10:05:37,7654.32,0,0,0,0,0,0
REALTY.BSE_IDX,01/07/2025,10:05:45,7658.12,0,0,0,0,0,0
REALTY.BSE_IDX,01/07/2025,10:05:53,7656.76,0,0,0,0,0,0
REALTY.BSE_IDX,01/07/2025,10:06:01,7656.24,0,0,0,0,0,0
REALTY.BSE_IDX,01/07/2025,10:06:09,7656.2,0,0,0,0,0,0
REALTY.BSE_IDX,01/07/2025,10:06:17,7654.84,0,0,0,0,0,0
REALTY.BSE_IDX,01/07/2025,10:06:25,7654.13,0,0,0,0,0,0
REALTY.BSE_IDX,01/07/2025,10:06:33,7652.07,0,0,0,0,0,0
REALTY.BSE_IDX,01/07/2025,10:06:41,7650.76,0,0,0,0,0,0
REALTY.BSE_IDX,01/07/2025,10:06:49,7650.68,0,0,0,0,0,0
REALTY.BSE_IDX,01/07/2025,10:06:57,7650.69,0,0,0,0,0,0
REALTY.BSE_IDX,01/07/2025,10:07:05,7650.69,0,0,0,0,0,0
REALTY.BSE_IDX,01/07/2025,10:07:13,7651.47,0,0,0,0,0,0
REALTY.BSE_IDX,01/07/2025,10:07:21,7651.83,0,0,0,0,0,0
REALTY.BSE_IDX,01/07/2025,10:07:29,7650.98,0,0,0,0,0,0
REALTY.BSE_IDX,01/07/2025,10:07:37,7651.53,0,0,0,0,0,0
REALTY.BSE_IDX,01/07/2025,10:07:45,7652.89,0,0,0,0,0,0
REALTY.BSE_IDX,01/07/2025,10:07:53,7652.53,0,0,0,0,0,0
REALTY.BSE_IDX,01/07/2025,10:08:01,7654.22,0,0,0,0,0,0
REALTY.BSE_IDX,01/07/2025,10:08:09,7652.3,0,0,0,0,0,0
REALTY.BSE_IDX,01/07/2025,10:08:17,7652.38,0,0,0,0,0,0
REALTY.BSE_IDX,01/07/2025,10:08:25,7653.32,0,0,0,0,0,0
REALTY.BSE_IDX,01/07/2025,10:08:33,7653.83,0,0,0,0,0,0
REALTY.BSE_IDX,01/07/2025,10:08:41,7651.69,0,0,0,0,0,0
REALTY.BSE_IDX,01/07/2025,10:08:49,7648.99,0,0,0,0,0,0
REALTY.BSE_IDX,01/07/2025,10:08:57,7648.96,0,0,0,0,0,0
REALTY.BSE_IDX,01/07/2025,10:09:05,7647.96,0,0,0,0,0,0
REALTY.BSE_IDX,01/07/2025,10:09:13,7647,0,0,0,0,0,0
REALTY.BSE_IDX,01/07/2025,10:09:21,7647,0,0,0,0,0,0
REALTY.BSE_IDX,01/07/2025,10:09:29,7647.31,0,0,0,0,0,0
REALTY.BSE_IDX,01/07/2025,10:09:37,7648.51,0,0,0,0,0,0
REALTY.BSE_IDX,01/07/2025,10:09:45,7648.68,0,0,0,0,0,0
REALTY.BSE_IDX,01/07/2025,10:09:53,7648.54,0,0,0,0,0,0
REALTY.BSE_IDX,01/07/2025,10:10:01,7647.41,0,0,0,0,0,0
REALTY.BSE_IDX,01/07/2025,10:10:09,7648.56,0,0,0,0,0,0
REALTY.BSE_IDX,01/07/2025,10:10:17,7647.1,0,0,0,0,0,0
REALTY.BSE_IDX,01/07/2025,10:10:25,7651.15,0,0,0,0,0,0
REALTY.BSE_IDX,01/07/2025,10:10:33,7651.15,0,0,0,0,0,0
REALTY.BSE_IDX,01/07/2025,10:10:41,7650.06,0,0,0,0,0,0
REALTY.BSE_IDX,01/07/2025,10:10:49,7650.06,0,0,0,0,0,0
REALTY.BSE_IDX,01/07/2025,10:10:57,7649.96,0,0,0,0,0,0
REALTY.BSE_IDX,01/07/2025,10:11:05,7648.61,0,0,0,0,0,0
REALTY.BSE_IDX,01/07/2025,10:11:13,7650.1,0,0,0,0,0,0
REALTY.BSE_IDX,01/07/2025,10:11:22,7648.37,0,0,0,0,0,0
REALTY.BSE_IDX,01/07/2025,10:11:29,7648.37,0,0,0,0,0,0
REALTY.BSE_IDX,01/07/2025,10:11:37,7648.37,0,0,0,0,0,0
REALTY.BSE_IDX,01/07/2025,10:11:45,7647.25,0,0,0,0,0,0
REALTY.BSE_IDX,01/07/2025,10:11:53,7647.25,0,0,0,0,0,0
REALTY.BSE_IDX,01/07/2025,10:12:01,7645.51,0,0,0,0,0,0
REALTY.BSE_IDX,01/07/2025,10:12:09,7644.81,0,0,0,0,0,0
REALTY.BSE_IDX,01/07/2025,10:12:17,7644.57,0,0,0,0,0,0
REALTY.BSE_IDX,01/07/2025,10:12:25,7642.15,0,0,0,0,0,0
REALTY.BSE_IDX,01/07/2025,10:12:33,7642.02,0,0,0,0,0,0
REALTY.BSE_IDX,01/07/2025,10:12:41,7642.02,0,0,0,0,0,0
REALTY.BSE_IDX,01/07/2025,10:12:49,7642.43,0,0,0,0,0,0
REALTY.BSE_IDX,01/07/2025,10:12:57,7642.43,0,0,0,0,0,0
REALTY.BSE_IDX,01/07/2025,10:13:05,7641.99,0,0,0,0,0,0
REALTY.BSE_IDX,01/07/2025,10:13:13,7638.25,0,0,0,0,0,0
REALTY.BSE_IDX,01/07/2025,10:13:21,7638.85,0,0,0,0,0,0
REALTY.BSE_IDX,01/07/2025,10:13:29,7638.3,0,0,0,0,0,0
REALTY.BSE_IDX,01/07/2025,10:13:37,7633.41,0,0,0,0,0,0
REALTY.BSE_IDX,01/07/2025,10:13:45,7633.33,0,0,0,0,0,0
REALTY.BSE_IDX,01/07/2025,10:13:53,7635.29,0,0,0,0,0,0
REALTY.BSE_IDX,01/07/2025,10:14:01,7632.14,0,0,0,0,0,0
REALTY.BSE_IDX,01/07/2025,10:14:09,7632.14,0,0,0,0,0,0
REALTY.BSE_IDX,01/07/2025,10:14:17,7633.63,0,0,0,0,0,0
REALTY.BSE_IDX,01/07/2025,10:14:25,7633.18,0,0,0,0,0,0
REALTY.BSE_IDX,01/07/2025,10:14:33,7632.57,0,0,0,0,0,0
REALTY.BSE_IDX,01/07/2025,10:14:41,7631.98,0,0,0,0,0,0
REALTY.BSE_IDX,01/07/2025,10:14:49,7631.19,0,0,0,0,0,0
REALTY.BSE_IDX,01/07/2025,10:14:57,7630.74,0,0,0,0,0,0
REALTY.BSE_IDX,01/07/2025,10:15:05,7631.21,0,0,0,0,0,0
REALTY.BSE_IDX,01/07/2025,10:15:13,7629.69,0,0,0,0,0,0
REALTY.BSE_IDX,01/07/2025,10:15:21,7629.84,0,0,0,0,0,0
REALTY.BSE_IDX,01/07/2025,10:15:29,7630.79,0,0,0,0,0,0
REALTY.BSE_IDX,01/07/2025,10:15:37,7630.72,0,0,0,0,0,0
REALTY.BSE_IDX,01/07/2025,10:15:45,7627.91,0,0,0,0,0,0
REALTY.BSE_IDX,01/07/2025,10:15:53,7629.01,0,0,0,0,0,0
REALTY.BSE_IDX,01/07/2025,10:16:01,7626.83,0,0,0,0,0,0
REALTY.BSE_IDX,01/07/2025,10:16:09,7628.06,0,0,0,0,0,0
REALTY.BSE_IDX,01/07/2025,10:16:17,7628.06,0,0,0,0,0,0
REALTY.BSE_IDX,01/07/2025,10:16:25,7628.06,0,0,0,0,0,0
REALTY.BSE_IDX,01/07/2025,10:16:33,7628.06,0,0,0,0,0,0
REALTY.BSE_IDX,01/07/2025,10:16:41,7630.51,0,0,0,0,0,0
REALTY.BSE_IDX,01/07/2025,10:16:49,7631.06,0,0,0,0,0,0
REALTY.BSE_IDX,01/07/2025,10:16:57,7631.06,0,0,0,0,0,0
REALTY.BSE_IDX,01/07/2025,10:17:05,7630.89,0,0,0,0,0,0
REALTY.BSE_IDX,01/07/2025,10:17:13,7630.89,0,0,0,0,0,0
REALTY.BSE_IDX,01/07/2025,10:17:21,7630.89,0,0,0,0,0,0
REALTY.BSE_IDX,01/07/2025,10:17:29,7633.43,0,0,0,0,0,0
REALTY.BSE_IDX,01/07/2025,10:17:37,7634.79,0,0,0,0,0,0
REALTY.BSE_IDX,01/07/2025,10:17:45,7636.64,0,0,0,0,0,0
REALTY.BSE_IDX,01/07/2025,10:17:53,7637.92,0,0,0,0,0,0
REALTY.BSE_IDX,01/07/2025,10:18:01,7639.03,0,0,0,0,0,0
REALTY.BSE_IDX,01/07/2025,10:18:09,7638.52,0,0,0,0,0,0
REALTY.BSE_IDX,01/07/2025,10:18:17,7640.12,0,0,0,0,0,0
REALTY.BSE_IDX,01/07/2025,10:18:25,7639.71,0,0,0,0,0,0
REALTY.BSE_IDX,01/07/2025,10:18:33,7641.24,0,0,0,0,0,0
REALTY.BSE_IDX,01/07/2025,10:18:41,7638.42,0,0,0,0,0,0
REALTY.BSE_IDX,01/07/2025,10:18:49,7637.94,0,0,0,0,0,0
REALTY.BSE_IDX,01/07/2025,10:18:57,7636.96,0,0,0,0,0,0
REALTY.BSE_IDX,01/07/2025,10:19:05,7635.53,0,0,0,0,0,0
REALTY.BSE_IDX,01/07/2025,10:19:13,7637.96,0,0,0,0,0,0
REALTY.BSE_IDX,01/07/2025,10:19:21,7636.24,0,0,0,0,0,0
REALTY.BSE_IDX,01/07/2025,10:19:29,7636.65,0,0,0,0,0,0
REALTY.BSE_IDX,01/07/2025,10:19:37,7636.65,0,0,0,0,0,0
REALTY.BSE_IDX,01/07/2025,10:19:45,7637.79,0,0,0,0,0,0
REALTY.BSE_IDX,01/07/2025,10:19:53,7638.86,0,0,0,0,0,0
REALTY.BSE_IDX,01/07/2025,10:20:01,7638.86,0,0,0,0,0,0
REALTY.BSE_IDX,01/07/2025,10:20:09,7638.86,0,0,0,0,0,0
REALTY.BSE_IDX,01/07/2025,10:20:17,7638.86,0,0,0,0,0,0
REALTY.BSE_IDX,01/07/2025,10:20:25,7638.2,0,0,0,0,0,0
REALTY.BSE_IDX,01/07/2025,10:20:33,7638.2,0,0,0,0,0,0
REALTY.BSE_IDX,01/07/2025,10:20:41,7636.56,0,0,0,0,0,0
REALTY.BSE_IDX,01/07/2025,10:20:49,7635.02,0,0,0,0,0,0
REALTY.BSE_IDX,01/07/2025,10:20:57,7634.88,0,0,0,0,0,0
REALTY.BSE_IDX,01/07/2025,10:21:05,7634.88,0,0,0,0,0,0
REALTY.BSE_IDX,01/07/2025,10:21:13,7634.82,0,0,0,0,0,0
REALTY.BSE_IDX,01/07/2025,10:21:21,7635,0,0,0,0,0,0
REALTY.BSE_IDX,01/07/2025,10:21:29,7635,0,0,0,0,0,0
REALTY.BSE_IDX,01/07/2025,10:21:37,7635,0,0,0,0,0,0
REALTY.BSE_IDX,01/07/2025,10:21:45,7636.11,0,0,0,0,0,0
REALTY.BSE_IDX,01/07/2025,10:21:53,7634.97,0,0,0,0,0,0
REALTY.BSE_IDX,01/07/2025,10:22:01,7634.17,0,0,0,0,0,0
REALTY.BSE_IDX,01/07/2025,10:22:09,7634.41,0,0,0,0,0,0
REALTY.BSE_IDX,01/07/2025,10:22:17,7634.25,0,0,0,0,0,0
REALTY.BSE_IDX,01/07/2025,10:22:25,7634.96,0,0,0,0,0,0
REALTY.BSE_IDX,01/07/2025,10:22:33,7634.96,0,0,0,0,0,0
REALTY.BSE_IDX,01/07/2025,10:22:41,7634.04,0,0,0,0,0,0
REALTY.BSE_IDX,01/07/2025,10:22:49,7633.94,0,0,0,0,0,0
REALTY.BSE_IDX,01/07/2025,10:22:57,7633.63,0,0,0,0,0,0
REALTY.BSE_IDX,01/07/2025,10:23:05,7630.8,0,0,0,0,0,0
REALTY.BSE_IDX,01/07/2025,10:23:13,7630.72,0,0,0,0,0,0
REALTY.BSE_IDX,01/07/2025,10:23:21,7629.23,0,0,0,0,0,0
REALTY.BSE_IDX,01/07/2025,10:23:29,7629.23,0,0,0,0,0,0
REALTY.BSE_IDX,01/07/2025,10:23:37,7629.65,0,0,0,0,0,0
REALTY.BSE_IDX,01/07/2025,10:23:45,7629.65,0,0,0,0,0,0
REALTY.BSE_IDX,01/07/2025,10:23:53,7629.22,0,0,0,0,0,0
REALTY.BSE_IDX,01/07/2025,10:24:01,7628.91,0,0,0,0,0,0
REALTY.BSE_IDX,01/07/2025,10:24:09,7628.53,0,0,0,0,0,0
REALTY.BSE_IDX,01/07/2025,10:24:17,7629.1,0,0,0,0,0,0
REALTY.BSE_IDX,01/07/2025,10:24:25,7629.41,0,0,0,0,0,0
REALTY.BSE_IDX,01/07/2025,10:24:33,7627.74,0,0,0,0,0,0
REALTY.BSE_IDX,01/07/2025,10:24:41,7625.84,0,0,0,0,0,0
REALTY.BSE_IDX,01/07/2025,10:24:49,7625.53,0,0,0,0,0,0
REALTY.BSE_IDX,01/07/2025,10:24:57,7625.73,0,0,0,0,0,0
REALTY.BSE_IDX,01/07/2025,10:25:05,7625.79,0,0,0,0,0,0
REALTY.BSE_IDX,01/07/2025,10:25:13,7625,0,0,0,0,0,0
REALTY.BSE_IDX,01/07/2025,10:25:21,7626.74,0,0,0,0,0,0
REALTY.BSE_IDX,01/07/2025,10:25:29,7627.8,0,0,0,0,0,0
REALTY.BSE_IDX,01/07/2025,10:25:37,7626.87,0,0,0,0,0,0
REALTY.BSE_IDX,01/07/2025,10:25:45,7627.19,0,0,0,0,0,0
REALTY.BSE_IDX,01/07/2025,10:25:53,7625.49,0,0,0,0,0,0
REALTY.BSE_IDX,01/07/2025,10:26:01,7622.97,0,0,0,0,0,0
REALTY.BSE_IDX,01/07/2025,10:26:09,7624.46,0,0,0,0,0,0
REALTY.BSE_IDX,01/07/2025,10:26:17,7626.16,0,0,0,0,0,0
REALTY.BSE_IDX,01/07/2025,10:26:25,7625.73,0,0,0,0,0,0
REALTY.BSE_IDX,01/07/2025,10:26:33,7626.07,0,0,0,0,0,0
REALTY.BSE_IDX,01/07/2025,10:26:41,7624.76,0,0,0,0,0,0
REALTY.BSE_IDX,01/07/2025,10:26:49,7625.15,0,0,0,0,0,0
REALTY.BSE_IDX,01/07/2025,10:26:57,7625.06,0,0,0,0,0,0
REALTY.BSE_IDX,01/07/2025,10:27:05,7625.01,0,0,0,0,0,0
REALTY.BSE_IDX,01/07/2025,10:27:13,7625.01,0,0,0,0,0,0
REALTY.BSE_IDX,01/07/2025,10:27:21,7625.42,0,0,0,0,0,0
REALTY.BSE_IDX,01/07/2025,10:27:29,7627.08,0,0,0,0,0,0
REALTY.BSE_IDX,01/07/2025,10:27:37,7627.08,0,0,0,0,0,0
REALTY.BSE_IDX,01/07/2025,10:27:45,7627.06,0,0,0,0,0,0
REALTY.BSE_IDX,01/07/2025,10:27:53,7627.68,0,0,0,0,0,0
REALTY.BSE_IDX,01/07/2025,10:28:01,7626.07,0,0,0,0,0,0
REALTY.BSE_IDX,01/07/2025,10:28:09,7627.28,0,0,0,0,0,0
REALTY.BSE_IDX,01/07/2025,10:28:17,7628.53,0,0,0,0,0,0
REALTY.BSE_IDX,01/07/2025,10:28:25,7629.04,0,0,0,0,0,0
REALTY.BSE_IDX,01/07/2025,10:28:33,7629.04,0,0,0,0,0,0
REALTY.BSE_IDX,01/07/2025,10:28:41,7626.7,0,0,0,0,0,0
REALTY.BSE_IDX,01/07/2025,10:28:49,7627.01,0,0,0,0,0,0
REALTY.BSE_IDX,01/07/2025,10:28:57,7626.98,0,0,0,0,0,0
REALTY.BSE_IDX,01/07/2025,10:29:05,7627.82,0,0,0,0,0,0
REALTY.BSE_IDX,01/07/2025,10:29:13,7627.82,0,0,0,0,0,0
REALTY.BSE_IDX,01/07/2025,10:29:21,7626.58,0,0,0,0,0,0
REALTY.BSE_IDX,01/07/2025,10:29:29,7626.48,0,0,0,0,0,0
REALTY.BSE_IDX,01/07/2025,10:29:37,7625.99,0,0,0,0,0,0
REALTY.BSE_IDX,01/07/2025,10:29:46,7623.46,0,0,0,0,0,0
REALTY.BSE_IDX,01/07/2025,10:29:54,7623.1,0,0,0,0,0,0
REALTY.BSE_IDX,01/07/2025,10:30:01,7623.14,0,0,0,0,0,0
REALTY.BSE_IDX,01/07/2025,10:30:09,7623.9,0,0,0,0,0,0
REALTY.BSE_IDX,01/07/2025,10:30:17,7626.1,0,0,0,0,0,0
REALTY.BSE_IDX,01/07/2025,10:30:25,7628.14,0,0,0,0,0,0
REALTY.BSE_IDX,01/07/2025,10:30:33,7628.14,0,0,0,0,0,0
REALTY.BSE_IDX,01/07/2025,10:30:41,7627.67,0,0,0,0,0,0
REALTY.BSE_IDX,01/07/2025,10:30:49,7627.43,0,0,0,0,0,0
REALTY.BSE_IDX,01/07/2025,10:30:57,7627.43,0,0,0,0,0,0
REALTY.BSE_IDX,01/07/2025,10:31:05,7627.43,0,0,0,0,0,0
REALTY.BSE_IDX,01/07/2025,10:31:13,7628.15,0,0,0,0,0,0
REALTY.BSE_IDX,01/07/2025,10:31:21,7630.52,0,0,0,0,0,0
REALTY.BSE_IDX,01/07/2025,10:31:29,7630.37,0,0,0,0,0,0
REALTY.BSE_IDX,01/07/2025,10:31:37,7630.19,0,0,0,0,0,0
REALTY.BSE_IDX,01/07/2025,10:31:45,7630.08,0,0,0,0,0,0
REALTY.BSE_IDX,01/07/2025,10:31:53,7630.19,0,0,0,0,0,0
REALTY.BSE_IDX,01/07/2025,10:32:01,7629.92,0,0,0,0,0,0
REALTY.BSE_IDX,01/07/2025,10:32:09,7629.88,0,0,0,0,0,0
REALTY.BSE_IDX,01/07/2025,10:32:17,7629.88,0,0,0,0,0,0
REALTY.BSE_IDX,01/07/2025,10:32:25,7631.03,0,0,0,0,0,0
REALTY.BSE_IDX,01/07/2025,10:32:33,7628.78,0,0,0,0,0,0
REALTY.BSE_IDX,01/07/2025,10:32:41,7630.05,0,0,0,0,0,0
REALTY.BSE_IDX,01/07/2025,10:32:49,7631.81,0,0,0,0,0,0
REALTY.BSE_IDX,01/07/2025,10:32:57,7631.4,0,0,0,0,0,0
REALTY.BSE_IDX,01/07/2025,10:33:05,7631.4,0,0,0,0,0,0
REALTY.BSE_IDX,01/07/2025,10:33:13,7631.4,0,0,0,0,0,0
REALTY.BSE_IDX,01/07/2025,10:33:21,7630.96,0,0,0,0,0,0
REALTY.BSE_IDX,01/07/2025,10:33:29,7630.96,0,0,0,0,0,0
REALTY.BSE_IDX,01/07/2025,10:33:37,7633.56,0,0,0,0,0,0
REALTY.BSE_IDX,01/07/2025,10:33:45,7633.56,0,0,0,0,0,0
REALTY.BSE_IDX,01/07/2025,10:33:53,7634.12,0,0,0,0,0,0
REALTY.BSE_IDX,01/07/2025,10:34:01,7634.12,0,0,0,0,0,0
REALTY.BSE_IDX,01/07/2025,10:34:09,7635.82,0,0,0,0,0,0
REALTY.BSE_IDX,01/07/2025,10:34:17,7635.82,0,0,0,0,0,0
REALTY.BSE_IDX,01/07/2025,10:34:25,7636.65,0,0,0,0,0,0
REALTY.BSE_IDX,01/07/2025,10:34:33,7636.06,0,0,0,0,0,0
REALTY.BSE_IDX,01/07/2025,10:34:41,7636.06,0,0,0,0,0,0
REALTY.BSE_IDX,01/07/2025,10:34:49,7636.72,0,0,0,0,0,0
REALTY.BSE_IDX,01/07/2025,10:34:58,7636.1,0,0,0,0,0,0
REALTY.BSE_IDX,01/07/2025,10:35:06,7635.74,0,0,0,0,0,0
REALTY.BSE_IDX,01/07/2025,10:35:14,7635.74,0,0,0,0,0,0
REALTY.BSE_IDX,01/07/2025,10:35:21,7635.88,0,0,0,0,0,0
REALTY.BSE_IDX,01/07/2025,10:35:29,7636.06,0,0,0,0,0,0
REALTY.BSE_IDX,01/07/2025,10:35:37,7636.08,0,0,0,0,0,0
REALTY.BSE_IDX,01/07/2025,10:35:45,7634.88,0,0,0,0,0,0
REALTY.BSE_IDX,01/07/2025,10:35:54,7633.45,0,0,0,0,0,0
REALTY.BSE_IDX,01/07/2025,10:36:02,7633.98,0,0,0,0,0,0
REALTY.BSE_IDX,01/07/2025,10:36:10,7634.12,0,0,0,0,0,0
REALTY.BSE_IDX,01/07/2025,10:36:17,7633.06,0,0,0,0,0,0
REALTY.BSE_IDX,01/07/2025,10:36:25,7633.06,0,0,0,0,0,0
REALTY.BSE_IDX,01/07/2025,10:36:34,7632.84,0,0,0,0,0,0
REALTY.BSE_IDX,01/07/2025,10:36:42,7633.18,0,0,0,0,0,0
REALTY.BSE_IDX,01/07/2025,10:36:49,7632.83,0,0,0,0,0,0
REALTY.BSE_IDX,01/07/2025,10:36:58,7633.12,0,0,0,0,0,0
REALTY.BSE_IDX,01/07/2025,10:37:05,7632.77,0,0,0,0,0,0
REALTY.BSE_IDX,01/07/2025,10:37:14,7632.42,0,0,0,0,0,0
REALTY.BSE_IDX,01/07/2025,10:37:21,7632.15,0,0,0,0,0,0
REALTY.BSE_IDX,01/07/2025,10:37:30,7632.36,0,0,0,0,0,0
REALTY.BSE_IDX,01/07/2025,10:37:38,7631.24,0,0,0,0,0,0
REALTY.BSE_IDX,01/07/2025,10:37:46,7631.24,0,0,0,0,0,0
REALTY.BSE_IDX,01/07/2025,10:37:54,7630.42,0,0,0,0,0,0
REALTY.BSE_IDX,01/07/2025,10:38:02,7629,0,0,0,0,0,0
REALTY.BSE_IDX,01/07/2025,10:38:10,7628.97,0,0,0,0,0,0
REALTY.BSE_IDX,01/07/2025,10:38:18,7628.97,0,0,0,0,0,0
REALTY.BSE_IDX,01/07/2025,10:38:26,7629.13,0,0,0,0,0,0
REALTY.BSE_IDX,01/07/2025,10:38:34,7630.57,0,0,0,0,0,0
REALTY.BSE_IDX,01/07/2025,10:38:42,7630.45,0,0,0,0,0,0
REALTY.BSE_IDX,01/07/2025,10:38:50,7629.42,0,0,0,0,0,0
REALTY.BSE_IDX,01/07/2025,10:38:58,7630.37,0,0,0,0,0,0
REALTY.BSE_IDX,01/07/2025,10:39:06,7628.95,0,0,0,0,0,0
REALTY.BSE_IDX,01/07/2025,10:39:14,7630.08,0,0,0,0,0,0
REALTY.BSE_IDX,01/07/2025,10:39:22,7631.51,0,0,0,0,0,0
REALTY.BSE_IDX,01/07/2025,10:39:30,7632.34,0,0,0,0,0,0
REALTY.BSE_IDX,01/07/2025,10:39:38,7634.31,0,0,0,0,0,0
REALTY.BSE_IDX,01/07/2025,10:39:46,7636.06,0,0,0,0,0,0
REALTY.BSE_IDX,01/07/2025,10:39:54,7636.59,0,0,0,0,0,0
REALTY.BSE_IDX,01/07/2025,10:40:02,7639.56,0,0,0,0,0,0
REALTY.BSE_IDX,01/07/2025,10:40:10,7639.43,0,0,0,0,0,0
REALTY.BSE_IDX,01/07/2025,10:40:18,7639.47,0,0,0,0,0,0
REALTY.BSE_IDX,01/07/2025,10:40:26,7638.83,0,0,0,0,0,0
REALTY.BSE_IDX,01/07/2025,10:40:34,7638.75,0,0,0,0,0,0
REALTY.BSE_IDX,01/07/2025,10:40:42,7638.75,0,0,0,0,0,0
REALTY.BSE_IDX,01/07/2025,10:40:50,7637.37,0,0,0,0,0,0
REALTY.BSE_IDX,01/07/2025,10:40:58,7637,0,0,0,0,0,0
REALTY.BSE_IDX,01/07/2025,10:41:06,7636.67,0,0,0,0,0,0
REALTY.BSE_IDX,01/07/2025,10:41:14,7636.67,0,0,0,0,0,0
REALTY.BSE_IDX,01/07/2025,10:41:22,7636.94,0,0,0,0,0,0
REALTY.BSE_IDX,01/07/2025,10:41:30,7636.97,0,0,0,0,0,0
REALTY.BSE_IDX,01/07/2025,10:41:38,7639.65,0,0,0,0,0,0
REALTY.BSE_IDX,01/07/2025,10:41:46,7638.98,0,0,0,0,0,0
REALTY.BSE_IDX,01/07/2025,10:41:54,7638.85,0,0,0,0,0,0
REALTY.BSE_IDX,01/07/2025,10:42:02,7639.55,0,0,0,0,0,0
REALTY.BSE_IDX,01/07/2025,10:42:10,7639.55,0,0,0,0,0,0
REALTY.BSE_IDX,01/07/2025,10:42:18,7639.23,0,0,0,0,0,0
REALTY.BSE_IDX,01/07/2025,10:42:26,7637.28,0,0,0,0,0,0
REALTY.BSE_IDX,01/07/2025,10:42:34,7638.17,0,0,0,0,0,0
REALTY.BSE_IDX,01/07/2025,10:42:42,7638.24,0,0,0,0,0,0
REALTY.BSE_IDX,01/07/2025,10:42:50,7637.46,0,0,0,0,0,0
REALTY.BSE_IDX,01/07/2025,10:42:58,7637.67,0,0,0,0,0,0
REALTY.BSE_IDX,01/07/2025,10:43:06,7638.51,0,0,0,0,0,0
REALTY.BSE_IDX,01/07/2025,10:43:14,7638.13,0,0,0,0,0,0
REALTY.BSE_IDX,01/07/2025,10:43:22,7638.13,0,0,0,0,0,0
REALTY.BSE_IDX,01/07/2025,10:43:30,7638.98,0,0,0,0,0,0
REALTY.BSE_IDX,01/07/2025,10:43:38,7638.72,0,0,0,0,0,0
REALTY.BSE_IDX,01/07/2025,10:43:46,7638.04,0,0,0,0,0,0
REALTY.BSE_IDX,01/07/2025,10:43:54,7638.04,0,0,0,0,0,0
REALTY.BSE_IDX,01/07/2025,10:44:02,7639.81,0,0,0,0,0,0
REALTY.BSE_IDX,01/07/2025,10:44:10,7639.81,0,0,0,0,0,0
REALTY.BSE_IDX,01/07/2025,10:44:18,7640.08,0,0,0,0,0,0
REALTY.BSE_IDX,01/07/2025,10:44:26,7639.9,0,0,0,0,0,0
REALTY.BSE_IDX,01/07/2025,10:44:34,7639.08,0,0,0,0,0,0
REALTY.BSE_IDX,01/07/2025,10:44:42,7638.89,0,0,0,0,0,0
REALTY.BSE_IDX,01/07/2025,10:44:50,7638.89,0,0,0,0,0,0
REALTY.BSE_IDX,01/07/2025,10:44:58,7637.93,0,0,0,0,0,0
REALTY.BSE_IDX,01/07/2025,10:45:07,7637.23,0,0,0,0,0,0
REALTY.BSE_IDX,01/07/2025,10:45:14,7637.23,0,0,0,0,0,0
REALTY.BSE_IDX,01/07/2025,10:45:22,7636.61,0,0,0,0,0,0
REALTY.BSE_IDX,01/07/2025,10:45:30,7636.08,0,0,0,0,0,0
REALTY.BSE_IDX,01/07/2025,10:45:38,7636.08,0,0,0,0,0,0
REALTY.BSE_IDX,01/07/2025,10:45:46,7636.49,0,0,0,0,0,0
REALTY.BSE_IDX,01/07/2025,10:45:54,7636.2,0,0,0,0,0,0
REALTY.BSE_IDX,01/07/2025,10:46:02,7635.75,0,0,0,0,0,0
REALTY.BSE_IDX,01/07/2025,10:46:10,7635.54,0,0,0,0,0,0
REALTY.BSE_IDX,01/07/2025,10:46:18,7634.81,0,0,0,0,0,0
REALTY.BSE_IDX,01/07/2025,10:46:26,7634.48,0,0,0,0,0,0
REALTY.BSE_IDX,01/07/2025,10:46:34,7634.48,0,0,0,0,0,0
REALTY.BSE_IDX,01/07/2025,10:46:42,7634.48,0,0,0,0,0,0
REALTY.BSE_IDX,01/07/2025,10:46:50,7633.41,0,0,0,0,0,0
REALTY.BSE_IDX,01/07/2025,10:46:58,7634.06,0,0,0,0,0,0
REALTY.BSE_IDX,01/07/2025,10:47:06,7632.9,0,0,0,0,0,0
REALTY.BSE_IDX,01/07/2025,10:47:14,7632.71,0,0,0,0,0,0
REALTY.BSE_IDX,01/07/2025,10:47:22,7632.81,0,0,0,0,0,0
REALTY.BSE_IDX,01/07/2025,10:47:30,7632.4,0,0,0,0,0,0
REALTY.BSE_IDX,01/07/2025,10:47:38,7632.4,0,0,0,0,0,0
REALTY.BSE_IDX,01/07/2025,10:47:46,7632.4,0,0,0,0,0,0
REALTY.BSE_IDX,01/07/2025,10:47:54,7633.68,0,0,0,0,0,0
REALTY.BSE_IDX,01/07/2025,10:48:02,7632.17,0,0,0,0,0,0
REALTY.BSE_IDX,01/07/2025,10:48:10,7635.09,0,0,0,0,0,0
REALTY.BSE_IDX,01/07/2025,10:48:18,7636.87,0,0,0,0,0,0
REALTY.BSE_IDX,01/07/2025,10:48:26,7637.49,0,0,0,0,0,0
REALTY.BSE_IDX,01/07/2025,10:48:34,7637.6,0,0,0,0,0,0
REALTY.BSE_IDX,01/07/2025,10:48:42,7635.52,0,0,0,0,0,0
REALTY.BSE_IDX,01/07/2025,10:48:50,7636.04,0,0,0,0,0,0
REALTY.BSE_IDX,01/07/2025,10:48:58,7636.45,0,0,0,0,0,0
REALTY.BSE_IDX,01/07/2025,10:49:06,7637.17,0,0,0,0,0,0
REALTY.BSE_IDX,01/07/2025,10:49:14,7635.79,0,0,0,0,0,0
REALTY.BSE_IDX,01/07/2025,10:49:22,7634.66,0,0,0,0,0,0
REALTY.BSE_IDX,01/07/2025,10:49:30,7630.53,0,0,0,0,0,0
REALTY.BSE_IDX,01/07/2025,10:49:38,7629.11,0,0,0,0,0,0
REALTY.BSE_IDX,01/07/2025,10:49:46,7628.34,0,0,0,0,0,0
REALTY.BSE_IDX,01/07/2025,10:49:54,7627.79,0,0,0,0,0,0
REALTY.BSE_IDX,01/07/2025,10:50:02,7628.41,0,0,0,0,0,0
REALTY.BSE_IDX,01/07/2025,10:50:10,7628.41,0,0,0,0,0,0
REALTY.BSE_IDX,01/07/2025,10:50:18,7629.14,0,0,0,0,0,0
REALTY.BSE_IDX,01/07/2025,10:50:26,7627.78,0,0,0,0,0,0
REALTY.BSE_IDX,01/07/2025,10:50:34,7628.36,0,0,0,0,0,0
REALTY.BSE_IDX,01/07/2025,10:50:42,7628.36,0,0,0,0,0,0
REALTY.BSE_IDX,01/07/2025,10:50:50,7628.73,0,0,0,0,0,0
REALTY.BSE_IDX,01/07/2025,10:50:58,7627.89,0,0,0,0,0,0
REALTY.BSE_IDX,01/07/2025,10:51:06,7627.89,0,0,0,0,0,0
REALTY.BSE_IDX,01/07/2025,10:51:14,7627.89,0,0,0,0,0,0
REALTY.BSE_IDX,01/07/2025,10:51:22,7627.09,0,0,0,0,0,0
REALTY.BSE_IDX,01/07/2025,10:51:30,7628,0,0,0,0,0,0
REALTY.BSE_IDX,01/07/2025,10:51:38,7628.04,0,0,0,0,0,0
REALTY.BSE_IDX,01/07/2025,10:51:46,7628.9,0,0,0,0,0,0
REALTY.BSE_IDX,01/07/2025,10:51:54,7628.9,0,0,0,0,0,0
REALTY.BSE_IDX,01/07/2025,10:52:02,7628.9,0,0,0,0,0,0
REALTY.BSE_IDX,01/07/2025,10:52:10,7628.9,0,0,0,0,0,0
REALTY.BSE_IDX,01/07/2025,10:52:18,7628.9,0,0,0,0,0,0
REALTY.BSE_IDX,01/07/2025,10:52:26,7626.46,0,0,0,0,0,0
REALTY.BSE_IDX,01/07/2025,10:52:34,7625.67,0,0,0,0,0,0
REALTY.BSE_IDX,01/07/2025,10:52:43,7624.34,0,0,0,0,0,0
REALTY.BSE_IDX,01/07/2025,10:52:50,7623.44,0,0,0,0,0,0
REALTY.BSE_IDX,01/07/2025,10:52:58,7621.83,0,0,0,0,0,0
REALTY.BSE_IDX,01/07/2025,10:53:06,7622.17,0,0,0,0,0,0
REALTY.BSE_IDX,01/07/2025,10:53:14,7621.28,0,0,0,0,0,0
REALTY.BSE_IDX,01/07/2025,10:53:22,7620.77,0,0,0,0,0,0
REALTY.BSE_IDX,01/07/2025,10:53:30,7620.58,0,0,0,0,0,0
REALTY.BSE_IDX,01/07/2025,10:53:38,7620.58,0,0,0,0,0,0
REALTY.BSE_IDX,01/07/2025,10:53:46,7620.58,0,0,0,0,0,0
REALTY.BSE_IDX,01/07/2025,10:53:54,7621.12,0,0,0,0,0,0
REALTY.BSE_IDX,01/07/2025,10:54:02,7621.12,0,0,0,0,0,0
REALTY.BSE_IDX,01/07/2025,10:54:10,7620.71,0,0,0,0,0,0
REALTY.BSE_IDX,01/07/2025,10:54:18,7621.05,0,0,0,0,0,0
REALTY.BSE_IDX,01/07/2025,10:54:26,7621.05,0,0,0,0,0,0
REALTY.BSE_IDX,01/07/2025,10:54:34,7622.43,0,0,0,0,0,0
REALTY.BSE_IDX,01/07/2025,10:54:42,7623.41,0,0,0,0,0,0
REALTY.BSE_IDX,01/07/2025,10:54:51,7622.55,0,0,0,0,0,0
REALTY.BSE_IDX,01/07/2025,10:54:58,7622.55,0,0,0,0,0,0
REALTY.BSE_IDX,01/07/2025,10:55:06,7622.55,0,0,0,0,0,0
REALTY.BSE_IDX,01/07/2025,10:55:14,7622.85,0,0,0,0,0,0
REALTY.BSE_IDX,01/07/2025,10:55:22,7622.36,0,0,0,0,0,0
REALTY.BSE_IDX,01/07/2025,10:55:30,7621.43,0,0,0,0,0,0
REALTY.BSE_IDX,01/07/2025,10:55:38,7621.89,0,0,0,0,0,0
REALTY.BSE_IDX,01/07/2025,10:55:46,7620.69,0,0,0,0,0,0
REALTY.BSE_IDX,01/07/2025,10:55:54,7620.59,0,0,0,0,0,0
REALTY.BSE_IDX,01/07/2025,10:56:02,7620,0,0,0,0,0,0
REALTY.BSE_IDX,01/07/2025,10:56:10,7620,0,0,0,0,0,0
REALTY.BSE_IDX,01/07/2025,10:56:18,7620.44,0,0,0,0,0,0
REALTY.BSE_IDX,01/07/2025,10:56:26,7620.44,0,0,0,0,0,0
REALTY.BSE_IDX,01/07/2025,10:56:34,7620.44,0,0,0,0,0,0
REALTY.BSE_IDX,01/07/2025,10:56:42,7619.6,0,0,0,0,0,0
REALTY.BSE_IDX,01/07/2025,10:56:50,7619.26,0,0,0,0,0,0
REALTY.BSE_IDX,01/07/2025,10:56:58,7619.19,0,0,0,0,0,0
REALTY.BSE_IDX,01/07/2025,10:57:06,7619.04,0,0,0,0,0,0
REALTY.BSE_IDX,01/07/2025,10:57:14,7617.11,0,0,0,0,0,0
REALTY.BSE_IDX,01/07/2025,10:57:22,7616.28,0,0,0,0,0,0
REALTY.BSE_IDX,01/07/2025,10:57:30,7616.98,0,0,0,0,0,0
REALTY.BSE_IDX,01/07/2025,10:57:39,7617.29,0,0,0,0,0,0
REALTY.BSE_IDX,01/07/2025,10:57:46,7617.29,0,0,0,0,0,0
REALTY.BSE_IDX,01/07/2025,10:57:54,7617.5,0,0,0,0,0,0
REALTY.BSE_IDX,01/07/2025,10:58:02,7619.09,0,0,0,0,0,0
REALTY.BSE_IDX,01/07/2025,10:58:10,7620,0,0,0,0,0,0
REALTY.BSE_IDX,01/07/2025,10:58:18,7620,0,0,0,0,0,0
REALTY.BSE_IDX,01/07/2025,10:58:26,7619.15,0,0,0,0,0,0
REALTY.BSE_IDX,01/07/2025,10:58:34,7619.25,0,0,0,0,0,0
REALTY.BSE_IDX,01/07/2025,10:58:42,7619.4,0,0,0,0,0,0
REALTY.BSE_IDX,01/07/2025,10:58:50,7619.4,0,0,0,0,0,0
REALTY.BSE_IDX,01/07/2025,10:58:58,7617.88,0,0,0,0,0,0
REALTY.BSE_IDX,01/07/2025,10:59:06,7617.72,0,0,0,0,0,0
REALTY.BSE_IDX,01/07/2025,10:59:14,7616.66,0,0,0,0,0,0
REALTY.BSE_IDX,01/07/2025,10:59:22,7616.66,0,0,0,0,0,0
REALTY.BSE_IDX,01/07/2025,10:59:30,7617.24,0,0,0,0,0,0
REALTY.BSE_IDX,01/07/2025,10:59:38,7616.88,0,0,0,0,0,0
REALTY.BSE_IDX,01/07/2025,10:59:47,7616.66,0,0,0,0,0,0
REALTY.BSE_IDX,01/07/2025,10:59:55,7616.21,0,0,0,0,0,0
REALTY.BSE_IDX,01/07/2025,11:00:03,7616.18,0,0,0,0,0,0
REALTY.BSE_IDX,01/07/2025,11:00:11,7616.71,0,0,0,0,0,0
REALTY.BSE_IDX,01/07/2025,11:00:18,7616.71,0,0,0,0,0,0
REALTY.BSE_IDX,01/07/2025,11:00:26,7616.64,0,0,0,0,0,0
REALTY.BSE_IDX,01/07/2025,11:00:34,7613.64,0,0,0,0,0,0
REALTY.BSE_IDX,01/07/2025,11:00:42,7613.03,0,0,0,0,0,0
REALTY.BSE_IDX,01/07/2025,11:00:50,7613.07,0,0,0,0,0,0
REALTY.BSE_IDX,01/07/2025,11:00:58,7612.45,0,0,0,0,0,0
REALTY.BSE_IDX,01/07/2025,11:01:06,7613.5,0,0,0,0,0,0
REALTY.BSE_IDX,01/07/2025,11:01:15,7613.5,0,0,0,0,0,0
REALTY.BSE_IDX,01/07/2025,11:01:22,7612.85,0,0,0,0,0,0
REALTY.BSE_IDX,01/07/2025,11:01:30,7613.99,0,0,0,0,0,0
REALTY.BSE_IDX,01/07/2025,11:01:38,7613.85,0,0,0,0,0,0
REALTY.BSE_IDX,01/07/2025,11:01:46,7615.67,0,0,0,0,0,0
REALTY.BSE_IDX,01/07/2025,11:01:54,7616.09,0,0,0,0,0,0
REALTY.BSE_IDX,01/07/2025,11:02:02,7616.28,0,0,0,0,0,0
REALTY.BSE_IDX,01/07/2025,11:02:10,7616.28,0,0,0,0,0,0
REALTY.BSE_IDX,01/07/2025,11:02:18,7616.28,0,0,0,0,0,0
REALTY.BSE_IDX,01/07/2025,11:02:27,7616.35,0,0,0,0,0,0
REALTY.BSE_IDX,01/07/2025,11:02:34,7616.35,0,0,0,0,0,0
REALTY.BSE_IDX,01/07/2025,11:02:42,7617.29,0,0,0,0,0,0
REALTY.BSE_IDX,01/07/2025,11:02:51,7617.19,0,0,0,0,0,0
REALTY.BSE_IDX,01/07/2025,11:02:58,7614.93,0,0,0,0,0,0
REALTY.BSE_IDX,01/07/2025,11:03:06,7615.56,0,0,0,0,0,0
REALTY.BSE_IDX,01/07/2025,11:03:14,7614.1,0,0,0,0,0,0
REALTY.BSE_IDX,01/07/2025,11:03:22,7614.1,0,0,0,0,0,0
REALTY.BSE_IDX,01/07/2025,11:03:31,7614.1,0,0,0,0,0,0
REALTY.BSE_IDX,01/07/2025,11:03:38,7613.11,0,0,0,0,0,0
REALTY.BSE_IDX,01/07/2025,11:03:46,7612.6,0,0,0,0,0,0
REALTY.BSE_IDX,01/07/2025,11:03:54,7612.6,0,0,0,0,0,0
REALTY.BSE_IDX,01/07/2025,11:04:02,7612.19,0,0,0,0,0,0
REALTY.BSE_IDX,01/07/2025,11:04:10,7611.47,0,0,0,0,0,0
REALTY.BSE_IDX,01/07/2025,11:04:18,7608.97,0,0,0,0,0,0
REALTY.BSE_IDX,01/07/2025,11:04:27,7605.57,0,0,0,0,0,0
REALTY.BSE_IDX,01/07/2025,11:04:34,7604.96,0,0,0,0,0,0
REALTY.BSE_IDX,01/07/2025,11:04:42,7606.03,0,0,0,0,0,0
REALTY.BSE_IDX,01/07/2025,11:04:51,7605.29,0,0,0,0,0,0
REALTY.BSE_IDX,01/07/2025,11:04:58,7605.14,0,0,0,0,0,0
REALTY.BSE_IDX,01/07/2025,11:05:06,7606.77,0,0,0,0,0,0
REALTY.BSE_IDX,01/07/2025,11:05:14,7606.77,0,0,0,0,0,0
REALTY.BSE_IDX,01/07/2025,11:05:22,7606.77,0,0,0,0,0,0
REALTY.BSE_IDX,01/07/2025,11:05:30,7608.58,0,0,0,0,0,0
REALTY.BSE_IDX,01/07/2025,11:05:38,7608.54,0,0,0,0,0,0
REALTY.BSE_IDX,01/07/2025,11:05:46,7608.54,0,0,0,0,0,0
REALTY.BSE_IDX,01/07/2025,11:05:54,7608.27,0,0,0,0,0,0
REALTY.BSE_IDX,01/07/2025,11:06:02,7610.8,0,0,0,0,0,0
REALTY.BSE_IDX,01/07/2025,11:06:11,7610.03,0,0,0,0,0,0
REALTY.BSE_IDX,01/07/2025,11:06:19,7610.76,0,0,0,0,0,0
REALTY.BSE_IDX,01/07/2025,11:06:26,7610.86,0,0,0,0,0,0
REALTY.BSE_IDX,01/07/2025,11:06:34,7610.86,0,0,0,0,0,0
REALTY.BSE_IDX,01/07/2025,11:06:42,7610.86,0,0,0,0,0,0
REALTY.BSE_IDX,01/07/2025,11:06:50,7610.86,0,0,0,0,0,0
REALTY.BSE_IDX,01/07/2025,11:06:58,7609.93,0,0,0,0,0,0
REALTY.BSE_IDX,01/07/2025,11:07:06,7611.62,0,0,0,0,0,0
REALTY.BSE_IDX,01/07/2025,11:07:15,7611.84,0,0,0,0,0,0
REALTY.BSE_IDX,01/07/2025,11:07:22,7611.84,0,0,0,0,0,0
REALTY.BSE_IDX,01/07/2025,11:07:30,7611.09,0,0,0,0,0,0
REALTY.BSE_IDX,01/07/2025,11:07:38,7611.58,0,0,0,0,0,0
REALTY.BSE_IDX,01/07/2025,11:07:46,7611.58,0,0,0,0,0,0
REALTY.BSE_IDX,01/07/2025,11:07:54,7611.3,0,0,0,0,0,0
REALTY.BSE_IDX,01/07/2025,11:08:02,7611.47,0,0,0,0,0,0
REALTY.BSE_IDX,01/07/2025,11:08:11,7611.47,0,0,0,0,0,0
REALTY.BSE_IDX,01/07/2025,11:08:18,7611.29,0,0,0,0,0,0
REALTY.BSE_IDX,01/07/2025,11:08:26,7611.93,0,0,0,0,0,0
REALTY.BSE_IDX,01/07/2025,11:08:35,7612.35,0,0,0,0,0,0
REALTY.BSE_IDX,01/07/2025,11:08:43,7612.19,0,0,0,0,0,0
REALTY.BSE_IDX,01/07/2025,11:08:51,7611.57,0,0,0,0,0,0
REALTY.BSE_IDX,01/07/2025,11:08:58,7612.3,0,0,0,0,0,0
REALTY.BSE_IDX,01/07/2025,11:09:07,7611.97,0,0,0,0,0,0
REALTY.BSE_IDX,01/07/2025,11:09:15,7611.3,0,0,0,0,0,0
REALTY.BSE_IDX,01/07/2025,11:09:23,7611.14,0,0,0,0,0,0
REALTY.BSE_IDX,01/07/2025,11:09:31,7611.22,0,0,0,0,0,0
REALTY.BSE_IDX,01/07/2025,11:09:39,7611.47,0,0,0,0,0,0
REALTY.BSE_IDX,01/07/2025,11:09:46,7611.47,0,0,0,0,0,0
REALTY.BSE_IDX,01/07/2025,11:09:55,7611.47,0,0,0,0,0,0
REALTY.BSE_IDX,01/07/2025,11:10:03,7610.67,0,0,0,0,0,0
REALTY.BSE_IDX,01/07/2025,11:10:11,7610.13,0,0,0,0,0,0
REALTY.BSE_IDX,01/07/2025,11:10:19,7609.62,0,0,0,0,0,0
REALTY.BSE_IDX,01/07/2025,11:10:27,7610.05,0,0,0,0,0,0
REALTY.BSE_IDX,01/07/2025,11:10:35,7610.05,0,0,0,0,0,0
REALTY.BSE_IDX,01/07/2025,11:10:43,7611.65,0,0,0,0,0,0
REALTY.BSE_IDX,01/07/2025,11:10:51,7610.83,0,0,0,0,0,0
REALTY.BSE_IDX,01/07/2025,11:10:59,7610.83,0,0,0,0,0,0
REALTY.BSE_IDX,01/07/2025,11:11:07,7611.54,0,0,0,0,0,0
REALTY.BSE_IDX,01/07/2025,11:11:15,7611.39,0,0,0,0,0,0
REALTY.BSE_IDX,01/07/2025,11:11:23,7611.11,0,0,0,0,0,0
REALTY.BSE_IDX,01/07/2025,11:11:31,7611.39,0,0,0,0,0,0
REALTY.BSE_IDX,01/07/2025,11:11:39,7611.59,0,0,0,0,0,0
REALTY.BSE_IDX,01/07/2025,11:11:47,7611.59,0,0,0,0,0,0
REALTY.BSE_IDX,01/07/2025,11:11:55,7612.92,0,0,0,0,0,0
REALTY.BSE_IDX,01/07/2025,11:12:03,7612.61,0,0,0,0,0,0
REALTY.BSE_IDX,01/07/2025,11:12:11,7612.61,0,0,0,0,0,0
REALTY.BSE_IDX,01/07/2025,11:12:19,7611.45,0,0,0,0,0,0
REALTY.BSE_IDX,01/07/2025,11:12:27,7611.47,0,0,0,0,0,0
REALTY.BSE_IDX,01/07/2025,11:12:35,7611.6,0,0,0,0,0,0
REALTY.BSE_IDX,01/07/2025,11:12:43,7611.9,0,0,0,0,0,0
REALTY.BSE_IDX,01/07/2025,11:12:51,7610.88,0,0,0,0,0,0
REALTY.BSE_IDX,01/07/2025,11:12:59,7611.29,0,0,0,0,0,0
REALTY.BSE_IDX,01/07/2025,11:13:07,7610.41,0,0,0,0,0,0
REALTY.BSE_IDX,01/07/2025,11:13:16,7609.06,0,0,0,0,0,0
REALTY.BSE_IDX,01/07/2025,11:13:23,7609.79,0,0,0,0,0,0
REALTY.BSE_IDX,01/07/2025,11:13:31,7609.79,0,0,0,0,0,0
REALTY.BSE_IDX,01/07/2025,11:13:39,7610.94,0,0,0,0,0,0
REALTY.BSE_IDX,01/07/2025,11:13:47,7610.96,0,0,0,0,0,0
REALTY.BSE_IDX,01/07/2025,11:13:55,7610.96,0,0,0,0,0,0
REALTY.BSE_IDX,01/07/2025,11:14:03,7611.65,0,0,0,0,0,0
REALTY.BSE_IDX,01/07/2025,11:14:11,7611.78,0,0,0,0,0,0
REALTY.BSE_IDX,01/07/2025,11:14:19,7611.78,0,0,0,0,0,0
REALTY.BSE_IDX,01/07/2025,11:14:27,7611.78,0,0,0,0,0,0
REALTY.BSE_IDX,01/07/2025,11:14:35,7611.78,0,0,0,0,0,0
REALTY.BSE_IDX,01/07/2025,11:14:43,7612.35,0,0,0,0,0,0
REALTY.BSE_IDX,01/07/2025,11:14:51,7612.35,0,0,0,0,0,0
REALTY.BSE_IDX,01/07/2025,11:14:59,7612.19,0,0,0,0,0,0
REALTY.BSE_IDX,01/07/2025,11:15:07,7612.19,0,0,0,0,0,0
REALTY.BSE_IDX,01/07/2025,11:15:15,7612.81,0,0,0,0,0,0
REALTY.BSE_IDX,01/07/2025,11:15:23,7611.99,0,0,0,0,0,0
REALTY.BSE_IDX,01/07/2025,11:15:31,7611.99,0,0,0,0,0,0
REALTY.BSE_IDX,01/07/2025,11:15:39,7611.99,0,0,0,0,0,0
REALTY.BSE_IDX,01/07/2025,11:15:47,7613.09,0,0,0,0,0,0
REALTY.BSE_IDX,01/07/2025,11:15:56,7613.09,0,0,0,0,0,0
REALTY.BSE_IDX,01/07/2025,11:16:03,7613.31,0,0,0,0,0,0
REALTY.BSE_IDX,01/07/2025,11:16:11,7613.62,0,0,0,0,0,0
REALTY.BSE_IDX,01/07/2025,11:16:19,7613.22,0,0,0,0,0,0
REALTY.BSE_IDX,01/07/2025,11:16:27,7611.69,0,0,0,0,0,0
REALTY.BSE_IDX,01/07/2025,11:16:35,7611.69,0,0,0,0,0,0
REALTY.BSE_IDX,01/07/2025,11:16:43,7613.62,0,0,0,0,0,0
REALTY.BSE_IDX,01/07/2025,11:16:51,7612.17,0,0,0,0,0,0
REALTY.BSE_IDX,01/07/2025,11:16:59,7611.15,0,0,0,0,0,0
REALTY.BSE_IDX,01/07/2025,11:17:07,7611.15,0,0,0,0,0,0
REALTY.BSE_IDX,01/07/2025,11:17:15,7610.95,0,0,0,0,0,0
REALTY.BSE_IDX,01/07/2025,11:17:23,7610.95,0,0,0,0,0,0
REALTY.BSE_IDX,01/07/2025,11:17:31,7612.04,0,0,0,0,0,0
REALTY.BSE_IDX,01/07/2025,11:17:39,7613.98,0,0,0,0,0,0
REALTY.BSE_IDX,01/07/2025,11:17:47,7613.98,0,0,0,0,0,0
REALTY.BSE_IDX,01/07/2025,11:17:57,7616.19,0,0,0,0,0,0
REALTY.BSE_IDX,01/07/2025,11:18:03,7616.15,0,0,0,0,0,0
REALTY.BSE_IDX,01/07/2025,11:18:11,7621.57,0,0,0,0,0,0
REALTY.BSE_IDX,01/07/2025,11:18:19,7621.48,0,0,0,0,0,0
REALTY.BSE_IDX,01/07/2025,11:18:27,7620.34,0,0,0,0,0,0
REALTY.BSE_IDX,01/07/2025,11:18:35,7619.03,0,0,0,0,0,0
REALTY.BSE_IDX,01/07/2025,11:18:44,7619.45,0,0,0,0,0,0
REALTY.BSE_IDX,01/07/2025,11:18:51,7620.84,0,0,0,0,0,0
REALTY.BSE_IDX,01/07/2025,11:18:59,7620.84,0,0,0,0,0,0
REALTY.BSE_IDX,01/07/2025,11:19:08,7619.17,0,0,0,0,0,0
REALTY.BSE_IDX,01/07/2025,11:19:15,7618.75,0,0,0,0,0,0
REALTY.BSE_IDX,01/07/2025,11:19:23,7619.02,0,0,0,0,0,0
REALTY.BSE_IDX,01/07/2025,11:19:31,7617.69,0,0,0,0,0,0
REALTY.BSE_IDX,01/07/2025,11:19:39,7616.08,0,0,0,0,0,0
REALTY.BSE_IDX,01/07/2025,11:19:47,7616.05,0,0,0,0,0,0
REALTY.BSE_IDX,01/07/2025,11:19:55,7615.74,0,0,0,0,0,0
REALTY.BSE_IDX,01/07/2025,11:20:03,7615.65,0,0,0,0,0,0
REALTY.BSE_IDX,01/07/2025,11:20:11,7614.91,0,0,0,0,0,0
REALTY.BSE_IDX,01/07/2025,11:20:19,7615.69,0,0,0,0,0,0
REALTY.BSE_IDX,01/07/2025,11:20:27,7615.69,0,0,0,0,0,0
REALTY.BSE_IDX,01/07/2025,11:20:35,7614.79,0,0,0,0,0,0
REALTY.BSE_IDX,01/07/2025,11:20:43,7614.88,0,0,0,0,0,0
REALTY.BSE_IDX,01/07/2025,11:20:51,7614.88,0,0,0,0,0,0
REALTY.BSE_IDX,01/07/2025,11:20:59,7614.48,0,0,0,0,0,0
REALTY.BSE_IDX,01/07/2025,11:21:07,7615.84,0,0,0,0,0,0
REALTY.BSE_IDX,01/07/2025,11:21:15,7616.43,0,0,0,0,0,0
REALTY.BSE_IDX,01/07/2025,11:21:24,7616.43,0,0,0,0,0,0
REALTY.BSE_IDX,01/07/2025,11:21:31,7616.69,0,0,0,0,0,0
REALTY.BSE_IDX,01/07/2025,11:21:39,7615.97,0,0,0,0,0,0
REALTY.BSE_IDX,01/07/2025,11:21:47,7614.81,0,0,0,0,0,0
REALTY.BSE_IDX,01/07/2025,11:21:56,7614.81,0,0,0,0,0,0
REALTY.BSE_IDX,01/07/2025,11:22:03,7614.45,0,0,0,0,0,0
REALTY.BSE_IDX,01/07/2025,11:22:11,7614.9,0,0,0,0,0,0
REALTY.BSE_IDX,01/07/2025,11:22:19,7615.52,0,0,0,0,0,0
REALTY.BSE_IDX,01/07/2025,11:22:28,7615.65,0,0,0,0,0,0
REALTY.BSE_IDX,01/07/2025,11:22:35,7613.83,0,0,0,0,0,0
REALTY.BSE_IDX,01/07/2025,11:22:43,7614.05,0,0,0,0,0,0
REALTY.BSE_IDX,01/07/2025,11:22:51,7614.44,0,0,0,0,0,0
REALTY.BSE_IDX,01/07/2025,11:22:59,7614.38,0,0,0,0,0,0
REALTY.BSE_IDX,01/07/2025,11:23:07,7614.38,0,0,0,0,0,0
REALTY.BSE_IDX,01/07/2025,11:23:15,7613.74,0,0,0,0,0,0
REALTY.BSE_IDX,01/07/2025,11:23:23,7614.3,0,0,0,0,0,0
REALTY.BSE_IDX,01/07/2025,11:23:31,7614.33,0,0,0,0,0,0
REALTY.BSE_IDX,01/07/2025,11:23:39,7614.33,0,0,0,0,0,0
REALTY.BSE_IDX,01/07/2025,11:23:47,7614.33,0,0,0,0,0,0
REALTY.BSE_IDX,01/07/2025,11:23:55,7613.39,0,0,0,0,0,0
REALTY.BSE_IDX,01/07/2025,11:24:04,7613.63,0,0,0,0,0,0
REALTY.BSE_IDX,01/07/2025,11:24:11,7613.63,0,0,0,0,0,0
REALTY.BSE_IDX,01/07/2025,11:24:19,7613.32,0,0,0,0,0,0
REALTY.BSE_IDX,01/07/2025,11:24:27,7613.32,0,0,0,0,0,0
REALTY.BSE_IDX,01/07/2025,11:24:35,7612.66,0,0,0,0,0,0
REALTY.BSE_IDX,01/07/2025,11:24:43,7612.16,0,0,0,0,0,0
REALTY.BSE_IDX,01/07/2025,11:24:52,7612.16,0,0,0,0,0,0
REALTY.BSE_IDX,01/07/2025,11:25:00,7612.33,0,0,0,0,0,0
REALTY.BSE_IDX,01/07/2025,11:25:07,7612.33,0,0,0,0,0,0
REALTY.BSE_IDX,01/07/2025,11:25:15,7612.33,0,0,0,0,0,0
REALTY.BSE_IDX,01/07/2025,11:25:23,7612.33,0,0,0,0,0,0
REALTY.BSE_IDX,01/07/2025,11:25:31,7612.29,0,0,0,0,0,0
REALTY.BSE_IDX,01/07/2025,11:25:41,7613.11,0,0,0,0,0,0
REALTY.BSE_IDX,01/07/2025,11:25:47,7613.04,0,0,0,0,0,0
REALTY.BSE_IDX,01/07/2025,11:25:55,7612.88,0,0,0,0,0,0
REALTY.BSE_IDX,01/07/2025,11:26:03,7610.64,0,0,0,0,0,0
REALTY.BSE_IDX,01/07/2025,11:26:11,7611.49,0,0,0,0,0,0
REALTY.BSE_IDX,01/07/2025,11:26:19,7612.06,0,0,0,0,0,0
REALTY.BSE_IDX,01/07/2025,11:26:27,7611.17,0,0,0,0,0,0
REALTY.BSE_IDX,01/07/2025,11:26:35,7612.4,0,0,0,0,0,0
REALTY.BSE_IDX,01/07/2025,11:26:43,7613.43,0,0,0,0,0,0
REALTY.BSE_IDX,01/07/2025,11:26:51,7613.43,0,0,0,0,0,0
REALTY.BSE_IDX,01/07/2025,11:26:59,7614.18,0,0,0,0,0,0
REALTY.BSE_IDX,01/07/2025,11:27:07,7614.18,0,0,0,0,0,0
REALTY.BSE_IDX,01/07/2025,11:27:15,7614.18,0,0,0,0,0,0
REALTY.BSE_IDX,01/07/2025,11:27:23,7606.78,0,0,0,0,0,0
REALTY.BSE_IDX,01/07/2025,11:27:31,7606.88,0,0,0,0,0,0
REALTY.BSE_IDX,01/07/2025,11:27:39,7608.08,0,0,0,0,0,0
REALTY.BSE_IDX,01/07/2025,11:27:47,7608.08,0,0,0,0,0,0
REALTY.BSE_IDX,01/07/2025,11:27:55,7607.19,0,0,0,0,0,0
REALTY.BSE_IDX,01/07/2025,11:28:03,7607.19,0,0,0,0,0,0
REALTY.BSE_IDX,01/07/2025,11:28:11,7606.78,0,0,0,0,0,0
REALTY.BSE_IDX,01/07/2025,11:28:19,7606.25,0,0,0,0,0,0
REALTY.BSE_IDX,01/07/2025,11:28:27,7606.25,0,0,0,0,0,0
REALTY.BSE_IDX,01/07/2025,11:28:36,7604.99,0,0,0,0,0,0
REALTY.BSE_IDX,01/07/2025,11:28:43,7604.99,0,0,0,0,0,0
REALTY.BSE_IDX,01/07/2025,11:28:51,7603.86,0,0,0,0,0,0
REALTY.BSE_IDX,01/07/2025,11:28:59,7605.18,0,0,0,0,0,0
REALTY.BSE_IDX,01/07/2025,11:29:07,7606.01,0,0,0,0,0,0
REALTY.BSE_IDX,01/07/2025,11:29:16,7605.05,0,0,0,0,0,0
REALTY.BSE_IDX,01/07/2025,11:29:24,7604.69,0,0,0,0,0,0
REALTY.BSE_IDX,01/07/2025,11:29:31,7604.69,0,0,0,0,0,0
REALTY.BSE_IDX,01/07/2025,11:29:39,7603.5,0,0,0,0,0,0
REALTY.BSE_IDX,01/07/2025,11:29:47,7602.04,0,0,0,0,0,0
REALTY.BSE_IDX,01/07/2025,11:29:55,7602.04,0,0,0,0,0,0
REALTY.BSE_IDX,01/07/2025,11:30:03,7602.04,0,0,0,0,0,0
REALTY.BSE_IDX,01/07/2025,11:30:11,7603.88,0,0,0,0,0,0
REALTY.BSE_IDX,01/07/2025,11:30:19,7604.53,0,0,0,0,0,0
REALTY.BSE_IDX,01/07/2025,11:30:27,7604.53,0,0,0,0,0,0
REALTY.BSE_IDX,01/07/2025,11:30:35,7604.56,0,0,0,0,0,0
REALTY.BSE_IDX,01/07/2025,11:30:43,7604.08,0,0,0,0,0,0
REALTY.BSE_IDX,01/07/2025,11:30:51,7603.92,0,0,0,0,0,0
REALTY.BSE_IDX,01/07/2025,11:30:59,7605.6,0,0,0,0,0,0
REALTY.BSE_IDX,01/07/2025,11:31:07,7605.6,0,0,0,0,0,0
REALTY.BSE_IDX,01/07/2025,11:31:15,7606.75,0,0,0,0,0,0
REALTY.BSE_IDX,01/07/2025,11:31:23,7603.56,0,0,0,0,0,0
REALTY.BSE_IDX,01/07/2025,11:31:31,7603.82,0,0,0,0,0,0
REALTY.BSE_IDX,01/07/2025,11:31:39,7604.72,0,0,0,0,0,0
REALTY.BSE_IDX,01/07/2025,11:31:47,7604.05,0,0,0,0,0,0
REALTY.BSE_IDX,01/07/2025,11:31:55,7602.76,0,0,0,0,0,0
REALTY.BSE_IDX,01/07/2025,11:32:04,7602.76,0,0,0,0,0,0
REALTY.BSE_IDX,01/07/2025,11:32:11,7602.13,0,0,0,0,0,0
REALTY.BSE_IDX,01/07/2025,11:32:19,7602.13,0,0,0,0,0,0
REALTY.BSE_IDX,01/07/2025,11:32:27,7602.05,0,0,0,0,0,0
REALTY.BSE_IDX,01/07/2025,11:32:35,7602.9,0,0,0,0,0,0
REALTY.BSE_IDX,01/07/2025,11:32:43,7602.9,0,0,0,0,0,0
REALTY.BSE_IDX,01/07/2025,11:32:51,7602.77,0,0,0,0,0,0
REALTY.BSE_IDX,01/07/2025,11:32:59,7597.69,0,0,0,0,0,0
REALTY.BSE_IDX,01/07/2025,11:33:07,7596.14,0,0,0,0,0,0
REALTY.BSE_IDX,01/07/2025,11:33:15,7596.14,0,0,0,0,0,0
REALTY.BSE_IDX,01/07/2025,11:33:23,7596.14,0,0,0,0,0,0
REALTY.BSE_IDX,01/07/2025,11:33:31,7595.37,0,0,0,0,0,0
REALTY.BSE_IDX,01/07/2025,11:33:39,7595.62,0,0,0,0,0,0
REALTY.BSE_IDX,01/07/2025,11:33:47,7595.62,0,0,0,0,0,0
REALTY.BSE_IDX,01/07/2025,11:33:55,7595.39,0,0,0,0,0,0
REALTY.BSE_IDX,01/07/2025,11:34:03,7591.72,0,0,0,0,0,0
REALTY.BSE_IDX,01/07/2025,11:34:12,7591.72,0,0,0,0,0,0
REALTY.BSE_IDX,01/07/2025,11:34:19,7589.93,0,0,0,0,0,0
REALTY.BSE_IDX,01/07/2025,11:34:27,7591.56,0,0,0,0,0,0
REALTY.BSE_IDX,01/07/2025,11:34:35,7591.34,0,0,0,0,0,0
REALTY.BSE_IDX,01/07/2025,11:34:43,7593.12,0,0,0,0,0,0
REALTY.BSE_IDX,01/07/2025,11:34:51,7593.12,0,0,0,0,0,0
REALTY.BSE_IDX,01/07/2025,11:34:59,7594.77,0,0,0,0,0,0
REALTY.BSE_IDX,01/07/2025,11:35:07,7593.66,0,0,0,0,0,0
REALTY.BSE_IDX,01/07/2025,11:35:16,7593.96,0,0,0,0,0,0
REALTY.BSE_IDX,01/07/2025,11:35:23,7594.09,0,0,0,0,0,0
REALTY.BSE_IDX,01/07/2025,11:35:32,7592.89,0,0,0,0,0,0
REALTY.BSE_IDX,01/07/2025,11:35:39,7592.68,0,0,0,0,0,0
REALTY.BSE_IDX,01/07/2025,11:35:47,7592.68,0,0,0,0,0,0
REALTY.BSE_IDX,01/07/2025,11:35:55,7592.26,0,0,0,0,0,0
REALTY.BSE_IDX,01/07/2025,11:36:04,7593.76,0,0,0,0,0,0
REALTY.BSE_IDX,01/07/2025,11:36:11,7592.52,0,0,0,0,0,0
REALTY.BSE_IDX,01/07/2025,11:36:19,7592.52,0,0,0,0,0,0
REALTY.BSE_IDX,01/07/2025,11:36:28,7590.98,0,0,0,0,0,0
REALTY.BSE_IDX,01/07/2025,11:36:35,7590.98,0,0,0,0,0,0
REALTY.BSE_IDX,01/07/2025,11:36:43,7590.98,0,0,0,0,0,0
REALTY.BSE_IDX,01/07/2025,11:36:54,7592.2,0,0,0,0,0,0
REALTY.BSE_IDX,01/07/2025,11:36:59,7592.91,0,0,0,0,0,0
REALTY.BSE_IDX,01/07/2025,11:37:07,7591.93,0,0,0,0,0,0
REALTY.BSE_IDX,01/07/2025,11:37:15,7591.87,0,0,0,0,0,0
REALTY.BSE_IDX,01/07/2025,11:37:23,7591.64,0,0,0,0,0,0
REALTY.BSE_IDX,01/07/2025,11:37:31,7590.71,0,0,0,0,0,0
REALTY.BSE_IDX,01/07/2025,11:37:41,7590.72,0,0,0,0,0,0
REALTY.BSE_IDX,01/07/2025,11:37:47,7590.85,0,0,0,0,0,0
REALTY.BSE_IDX,01/07/2025,11:37:55,7588.66,0,0,0,0,0,0
REALTY.BSE_IDX,01/07/2025,11:38:03,7588.66,0,0,0,0,0,0
REALTY.BSE_IDX,01/07/2025,11:38:11,7587.69,0,0,0,0,0,0
REALTY.BSE_IDX,01/07/2025,11:38:20,7587.24,0,0,0,0,0,0
REALTY.BSE_IDX,01/07/2025,11:38:27,7586.79,0,0,0,0,0,0
REALTY.BSE_IDX,01/07/2025,11:38:35,7586.79,0,0,0,0,0,0
REALTY.BSE_IDX,01/07/2025,11:38:43,7587.66,0,0,0,0,0,0
REALTY.BSE_IDX,01/07/2025,11:38:51,7586.88,0,0,0,0,0,0
REALTY.BSE_IDX,01/07/2025,11:38:59,7586.88,0,0,0,0,0,0
REALTY.BSE_IDX,01/07/2025,11:39:07,7587.47,0,0,0,0,0,0
REALTY.BSE_IDX,01/07/2025,11:39:16,7588.57,0,0,0,0,0,0
REALTY.BSE_IDX,01/07/2025,11:39:23,7590.52,0,0,0,0,0,0
REALTY.BSE_IDX,01/07/2025,11:39:31,7592.32,0,0,0,0,0,0
REALTY.BSE_IDX,01/07/2025,11:39:39,7591.85,0,0,0,0,0,0
REALTY.BSE_IDX,01/07/2025,11:39:47,7591.75,0,0,0,0,0,0
REALTY.BSE_IDX,01/07/2025,11:39:55,7591.83,0,0,0,0,0,0
REALTY.BSE_IDX,01/07/2025,11:40:03,7591.83,0,0,0,0,0,0
REALTY.BSE_IDX,01/07/2025,11:40:11,7592.96,0,0,0,0,0,0
REALTY.BSE_IDX,01/07/2025,11:40:19,7594.19,0,0,0,0,0,0
REALTY.BSE_IDX,01/07/2025,11:40:27,7594.56,0,0,0,0,0,0
REALTY.BSE_IDX,01/07/2025,11:40:35,7594.51,0,0,0,0,0,0
REALTY.BSE_IDX,01/07/2025,11:40:43,7596.25,0,0,0,0,0,0
REALTY.BSE_IDX,01/07/2025,11:40:51,7596.16,0,0,0,0,0,0
REALTY.BSE_IDX,01/07/2025,11:41:00,7596.16,0,0,0,0,0,0
REALTY.BSE_IDX,01/07/2025,11:41:07,7596.16,0,0,0,0,0,0
REALTY.BSE_IDX,01/07/2025,11:41:15,7596.16,0,0,0,0,0,0
REALTY.BSE_IDX,01/07/2025,11:41:24,7596.05,0,0,0,0,0,0
REALTY.BSE_IDX,01/07/2025,11:41:32,7595.14,0,0,0,0,0,0
REALTY.BSE_IDX,01/07/2025,11:41:39,7596.16,0,0,0,0,0,0
REALTY.BSE_IDX,01/07/2025,11:41:48,7596.84,0,0,0,0,0,0
REALTY.BSE_IDX,01/07/2025,11:41:56,7594.58,0,0,0,0,0,0
REALTY.BSE_IDX,01/07/2025,11:42:04,7595.58,0,0,0,0,0,0
REALTY.BSE_IDX,01/07/2025,11:42:12,7595.58,0,0,0,0,0,0
REALTY.BSE_IDX,01/07/2025,11:42:20,7595.26,0,0,0,0,0,0
REALTY.BSE_IDX,01/07/2025,11:42:28,7595.06,0,0,0,0,0,0
REALTY.BSE_IDX,01/07/2025,11:42:36,7595.06,0,0,0,0,0,0
REALTY.BSE_IDX,01/07/2025,11:42:44,7594.79,0,0,0,0,0,0
REALTY.BSE_IDX,01/07/2025,11:42:52,7594.79,0,0,0,0,0,0
REALTY.BSE_IDX,01/07/2025,11:43:00,7596.98,0,0,0,0,0,0
REALTY.BSE_IDX,01/07/2025,11:43:08,7597.76,0,0,0,0,0,0
REALTY.BSE_IDX,01/07/2025,11:43:16,7597.33,0,0,0,0,0,0
REALTY.BSE_IDX,01/07/2025,11:43:24,7597.43,0,0,0,0,0,0
REALTY.BSE_IDX,01/07/2025,11:43:32,7597.43,0,0,0,0,0,0
REALTY.BSE_IDX,01/07/2025,11:43:40,7597.43,0,0,0,0,0,0
REALTY.BSE_IDX,01/07/2025,11:43:48,7597.13,0,0,0,0,0,0
REALTY.BSE_IDX,01/07/2025,11:43:56,7597.56,0,0,0,0,0,0
REALTY.BSE_IDX,01/07/2025,11:44:04,7597.79,0,0,0,0,0,0
REALTY.BSE_IDX,01/07/2025,11:44:12,7597.79,0,0,0,0,0,0
REALTY.BSE_IDX,01/07/2025,11:44:20,7597.32,0,0,0,0,0,0
REALTY.BSE_IDX,01/07/2025,11:44:28,7598.44,0,0,0,0,0,0
REALTY.BSE_IDX,01/07/2025,11:44:36,7598.44,0,0,0,0,0,0
REALTY.BSE_IDX,01/07/2025,11:44:44,7597.64,0,0,0,0,0,0
REALTY.BSE_IDX,01/07/2025,11:44:52,7599.14,0,0,0,0,0,0
REALTY.BSE_IDX,01/07/2025,11:45:00,7599.14,0,0,0,0,0,0
REALTY.BSE_IDX,01/07/2025,11:45:08,7597.63,0,0,0,0,0,0
REALTY.BSE_IDX,01/07/2025,11:45:16,7597.63,0,0,0,0,0,0
REALTY.BSE_IDX,01/07/2025,11:45:24,7597.63,0,0,0,0,0,0
REALTY.BSE_IDX,01/07/2025,11:45:32,7598.54,0,0,0,0,0,0
REALTY.BSE_IDX,01/07/2025,11:45:40,7598.54,0,0,0,0,0,0
REALTY.BSE_IDX,01/07/2025,11:45:48,7598.54,0,0,0,0,0,0
REALTY.BSE_IDX,01/07/2025,11:45:56,7598.42,0,0,0,0,0,0
REALTY.BSE_IDX,01/07/2025,11:46:04,7598.42,0,0,0,0,0,0
REALTY.BSE_IDX,01/07/2025,11:46:12,7598.65,0,0,0,0,0,0
REALTY.BSE_IDX,01/07/2025,11:46:20,7598.65,0,0,0,0,0,0
REALTY.BSE_IDX,01/07/2025,11:46:28,7598.65,0,0,0,0,0,0
REALTY.BSE_IDX,01/07/2025,11:46:36,7598.91,0,0,0,0,0,0
REALTY.BSE_IDX,01/07/2025,11:46:44,7599.02,0,0,0,0,0,0
REALTY.BSE_IDX,01/07/2025,11:46:52,7599.23,0,0,0,0,0,0
REALTY.BSE_IDX,01/07/2025,11:47:00,7599.23,0,0,0,0,0,0
REALTY.BSE_IDX,01/07/2025,11:47:08,7599.23,0,0,0,0,0,0
REALTY.BSE_IDX,01/07/2025,11:47:16,7598.62,0,0,0,0,0,0
REALTY.BSE_IDX,01/07/2025,11:47:24,7598.62,0,0,0,0,0,0
REALTY.BSE_IDX,01/07/2025,11:47:32,7599.34,0,0,0,0,0,0
REALTY.BSE_IDX,01/07/2025,11:47:40,7599.34,0,0,0,0,0,0
REALTY.BSE_IDX,01/07/2025,11:47:48,7599.34,0,0,0,0,0,0
REALTY.BSE_IDX,01/07/2025,11:47:56,7596.62,0,0,0,0,0,0
REALTY.BSE_IDX,01/07/2025,11:48:04,7596.75,0,0,0,0,0,0
REALTY.BSE_IDX,01/07/2025,11:48:12,7596.6,0,0,0,0,0,0
REALTY.BSE_IDX,01/07/2025,11:48:20,7596.6,0,0,0,0,0,0
REALTY.BSE_IDX,01/07/2025,11:48:28,7596.37,0,0,0,0,0,0
REALTY.BSE_IDX,01/07/2025,11:48:36,7596.28,0,0,0,0,0,0
REALTY.BSE_IDX,01/07/2025,11:48:44,7598.13,0,0,0,0,0,0
REALTY.BSE_IDX,01/07/2025,11:48:52,7598.13,0,0,0,0,0,0
REALTY.BSE_IDX,01/07/2025,11:49:01,7598.21,0,0,0,0,0,0
REALTY.BSE_IDX,01/07/2025,11:49:09,7598.21,0,0,0,0,0,0
REALTY.BSE_IDX,01/07/2025,11:49:16,7596.96,0,0,0,0,0,0
REALTY.BSE_IDX,01/07/2025,11:49:24,7596.66,0,0,0,0,0,0
REALTY.BSE_IDX,01/07/2025,11:49:32,7596.33,0,0,0,0,0,0
REALTY.BSE_IDX,01/07/2025,11:49:40,7593.95,0,0,0,0,0,0
REALTY.BSE_IDX,01/07/2025,11:49:49,7593.95,0,0,0,0,0,0
REALTY.BSE_IDX,01/07/2025,11:49:56,7595.29,0,0,0,0,0,0
REALTY.BSE_IDX,01/07/2025,11:50:04,7595.29,0,0,0,0,0,0
REALTY.BSE_IDX,01/07/2025,11:50:12,7594.34,0,0,0,0,0,0
REALTY.BSE_IDX,01/07/2025,11:50:20,7592.9,0,0,0,0,0,0
REALTY.BSE_IDX,01/07/2025,11:50:28,7593.84,0,0,0,0,0,0
REALTY.BSE_IDX,01/07/2025,11:50:36,7594.24,0,0,0,0,0,0
REALTY.BSE_IDX,01/07/2025,11:50:44,7593.26,0,0,0,0,0,0
REALTY.BSE_IDX,01/07/2025,11:50:52,7591.66,0,0,0,0,0,0
REALTY.BSE_IDX,01/07/2025,11:51:00,7591.84,0,0,0,0,0,0
REALTY.BSE_IDX,01/07/2025,11:51:08,7591.92,0,0,0,0,0,0
REALTY.BSE_IDX,01/07/2025,11:51:16,7591.68,0,0,0,0,0,0
REALTY.BSE_IDX,01/07/2025,11:51:24,7590.76,0,0,0,0,0,0
REALTY.BSE_IDX,01/07/2025,11:51:32,7590.76,0,0,0,0,0,0
REALTY.BSE_IDX,01/07/2025,11:51:40,7590.28,0,0,0,0,0,0
REALTY.BSE_IDX,01/07/2025,11:51:48,7590.03,0,0,0,0,0,0
REALTY.BSE_IDX,01/07/2025,11:51:56,7591.01,0,0,0,0,0,0
REALTY.BSE_IDX,01/07/2025,11:52:04,7591.23,0,0,0,0,0,0
REALTY.BSE_IDX,01/07/2025,11:52:12,7591.23,0,0,0,0,0,0
REALTY.BSE_IDX,01/07/2025,11:52:20,7591.25,0,0,0,0,0,0
REALTY.BSE_IDX,01/07/2025,11:52:28,7591.36,0,0,0,0,0,0
REALTY.BSE_IDX,01/07/2025,11:52:36,7591.36,0,0,0,0,0,0
REALTY.BSE_IDX,01/07/2025,11:52:44,7590.5,0,0,0,0,0,0
REALTY.BSE_IDX,01/07/2025,11:52:52,7590.5,0,0,0,0,0,0
REALTY.BSE_IDX,01/07/2025,11:53:00,7589.7,0,0,0,0,0,0
REALTY.BSE_IDX,01/07/2025,11:53:08,7588.13,0,0,0,0,0,0
REALTY.BSE_IDX,01/07/2025,11:53:16,7587.67,0,0,0,0,0,0
REALTY.BSE_IDX,01/07/2025,11:53:24,7588.41,0,0,0,0,0,0
REALTY.BSE_IDX,01/07/2025,11:53:32,7587.59,0,0,0,0,0,0
REALTY.BSE_IDX,01/07/2025,11:53:40,7587.01,0,0,0,0,0,0
REALTY.BSE_IDX,01/07/2025,11:53:48,7587.01,0,0,0,0,0,0
REALTY.BSE_IDX,01/07/2025,11:53:56,7587.05,0,0,0,0,0,0
REALTY.BSE_IDX,01/07/2025,11:54:04,7585.4,0,0,0,0,0,0
REALTY.BSE_IDX,01/07/2025,11:54:12,7584.09,0,0,0,0,0,0
REALTY.BSE_IDX,01/07/2025,11:54:20,7584.18,0,0,0,0,0,0
REALTY.BSE_IDX,01/07/2025,11:54:28,7584.31,0,0,0,0,0,0
REALTY.BSE_IDX,01/07/2025,11:54:36,7585.13,0,0,0,0,0,0
REALTY.BSE_IDX,01/07/2025,11:54:44,7585.46,0,0,0,0,0,0
REALTY.BSE_IDX,01/07/2025,11:54:52,7582.97,0,0,0,0,0,0
REALTY.BSE_IDX,01/07/2025,11:55:00,7582.97,0,0,0,0,0,0
REALTY.BSE_IDX,01/07/2025,11:55:08,7582.37,0,0,0,0,0,0
REALTY.BSE_IDX,01/07/2025,11:55:17,7581.01,0,0,0,0,0,0
REALTY.BSE_IDX,01/07/2025,11:55:24,7581.46,0,0,0,0,0,0
REALTY.BSE_IDX,01/07/2025,11:55:32,7581.46,0,0,0,0,0,0
REALTY.BSE_IDX,01/07/2025,11:55:40,7581.46,0,0,0,0,0,0
REALTY.BSE_IDX,01/07/2025,11:55:48,7581.8,0,0,0,0,0,0
REALTY.BSE_IDX,01/07/2025,11:55:56,7581.8,0,0,0,0,0,0
REALTY.BSE_IDX,01/07/2025,11:56:05,7581.94,0,0,0,0,0,0
REALTY.BSE_IDX,01/07/2025,11:56:12,7580.7,0,0,0,0,0,0
REALTY.BSE_IDX,01/07/2025,11:56:20,7579.57,0,0,0,0,0,0
REALTY.BSE_IDX,01/07/2025,11:56:28,7579.03,0,0,0,0,0,0
REALTY.BSE_IDX,01/07/2025,11:56:36,7579.03,0,0,0,0,0,0
REALTY.BSE_IDX,01/07/2025,11:56:44,7578.44,0,0,0,0,0,0
REALTY.BSE_IDX,01/07/2025,11:56:52,7578.44,0,0,0,0,0,0
REALTY.BSE_IDX,01/07/2025,11:57:00,7577.68,0,0,0,0,0,0
REALTY.BSE_IDX,01/07/2025,11:57:08,7577.52,0,0,0,0,0,0
REALTY.BSE_IDX,01/07/2025,11:57:16,7575.93,0,0,0,0,0,0
REALTY.BSE_IDX,01/07/2025,11:57:24,7577.17,0,0,0,0,0,0
REALTY.BSE_IDX,01/07/2025,11:57:32,7576.24,0,0,0,0,0,0
REALTY.BSE_IDX,01/07/2025,11:57:40,7576.29,0,0,0,0,0,0
REALTY.BSE_IDX,01/07/2025,11:57:48,7576.29,0,0,0,0,0,0
REALTY.BSE_IDX,01/07/2025,11:57:56,7577.62,0,0,0,0,0,0
REALTY.BSE_IDX,01/07/2025,11:58:04,7577.62,0,0,0,0,0,0
REALTY.BSE_IDX,01/07/2025,11:58:12,7581.38,0,0,0,0,0,0
REALTY.BSE_IDX,01/07/2025,11:58:20,7584.29,0,0,0,0,0,0
REALTY.BSE_IDX,01/07/2025,11:58:28,7584.29,0,0,0,0,0,0
REALTY.BSE_IDX,01/07/2025,11:58:36,7585.2,0,0,0,0,0,0
REALTY.BSE_IDX,01/07/2025,11:58:44,7585.44,0,0,0,0,0,0
REALTY.BSE_IDX,01/07/2025,11:58:52,7584.62,0,0,0,0,0,0
REALTY.BSE_IDX,01/07/2025,11:59:00,7583.46,0,0,0,0,0,0
REALTY.BSE_IDX,01/07/2025,11:59:08,7584.82,0,0,0,0,0,0
REALTY.BSE_IDX,01/07/2025,11:59:16,7585.07,0,0,0,0,0,0
REALTY.BSE_IDX,01/07/2025,11:59:24,7585.07,0,0,0,0,0,0
REALTY.BSE_IDX,01/07/2025,11:59:32,7585.07,0,0,0,0,0,0
REALTY.BSE_IDX,01/07/2025,11:59:40,7584.91,0,0,0,0,0,0
REALTY.BSE_IDX,01/07/2025,11:59:48,7584.91,0,0,0,0,0,0
REALTY.BSE_IDX,01/07/2025,11:59:56,7584.91,0,0,0,0,0,0
REALTY.BSE_IDX,01/07/2025,12:00:05,7584.91,0,0,0,0,0,0
REALTY.BSE_IDX,01/07/2025,12:00:12,7584.66,0,0,0,0,0,0
REALTY.BSE_IDX,01/07/2025,12:00:20,7585.78,0,0,0,0,0,0
REALTY.BSE_IDX,01/07/2025,12:00:28,7586.91,0,0,0,0,0,0
REALTY.BSE_IDX,01/07/2025,12:00:37,7586.78,0,0,0,0,0,0
REALTY.BSE_IDX,01/07/2025,12:00:44,7586.76,0,0,0,0,0,0
REALTY.BSE_IDX,01/07/2025,12:00:52,7586.76,0,0,0,0,0,0
REALTY.BSE_IDX,01/07/2025,12:01:00,7585.84,0,0,0,0,0,0
REALTY.BSE_IDX,01/07/2025,12:01:08,7586.04,0,0,0,0,0,0
REALTY.BSE_IDX,01/07/2025,12:01:16,7586.04,0,0,0,0,0,0
REALTY.BSE_IDX,01/07/2025,12:01:24,7586.04,0,0,0,0,0,0
REALTY.BSE_IDX,01/07/2025,12:01:32,7586.04,0,0,0,0,0,0
REALTY.BSE_IDX,01/07/2025,12:01:40,7586.33,0,0,0,0,0,0
REALTY.BSE_IDX,01/07/2025,12:01:48,7586.2,0,0,0,0,0,0
REALTY.BSE_IDX,01/07/2025,12:01:57,7586.33,0,0,0,0,0,0
REALTY.BSE_IDX,01/07/2025,12:02:04,7586.11,0,0,0,0,0,0
REALTY.BSE_IDX,01/07/2025,12:02:12,7586.11,0,0,0,0,0,0
REALTY.BSE_IDX,01/07/2025,12:02:20,7586.11,0,0,0,0,0,0
REALTY.BSE_IDX,01/07/2025,12:02:28,7586.11,0,0,0,0,0,0
REALTY.BSE_IDX,01/07/2025,12:02:36,7586.33,0,0,0,0,0,0
REALTY.BSE_IDX,01/07/2025,12:02:44,7586.33,0,0,0,0,0,0
REALTY.BSE_IDX,01/07/2025,12:02:52,7586.44,0,0,0,0,0,0
REALTY.BSE_IDX,01/07/2025,12:03:00,7586.44,0,0,0,0,0,0
REALTY.BSE_IDX,01/07/2025,12:03:08,7585.7,0,0,0,0,0,0
REALTY.BSE_IDX,01/07/2025,12:03:17,7585.83,0,0,0,0,0,0
REALTY.BSE_IDX,01/07/2025,12:03:24,7586.65,0,0,0,0,0,0
REALTY.BSE_IDX,01/07/2025,12:03:32,7585.73,0,0,0,0,0,0
REALTY.BSE_IDX,01/07/2025,12:03:40,7587.05,0,0,0,0,0,0
REALTY.BSE_IDX,01/07/2025,12:03:48,7586.03,0,0,0,0,0,0
REALTY.BSE_IDX,01/07/2025,12:03:56,7586.85,0,0,0,0,0,0
REALTY.BSE_IDX,01/07/2025,12:04:04,7587.16,0,0,0,0,0,0
REALTY.BSE_IDX,01/07/2025,12:04:12,7586.24,0,0,0,0,0,0
REALTY.BSE_IDX,01/07/2025,12:04:20,7588.2,0,0,0,0,0,0
REALTY.BSE_IDX,01/07/2025,12:04:28,7588.33,0,0,0,0,0,0
REALTY.BSE_IDX,01/07/2025,12:04:36,7588.33,0,0,0,0,0,0
REALTY.BSE_IDX,01/07/2025,12:04:44,7588.33,0,0,0,0,0,0
REALTY.BSE_IDX,01/07/2025,12:04:52,7588.22,0,0,0,0,0,0
REALTY.BSE_IDX,01/07/2025,12:05:01,7587.85,0,0,0,0,0,0
REALTY.BSE_IDX,01/07/2025,12:05:08,7587.85,0,0,0,0,0,0
REALTY.BSE_IDX,01/07/2025,12:05:16,7587.85,0,0,0,0,0,0
REALTY.BSE_IDX,01/07/2025,12:05:24,7587.85,0,0,0,0,0,0
REALTY.BSE_IDX,01/07/2025,12:05:32,7587.85,0,0,0,0,0,0
REALTY.BSE_IDX,01/07/2025,12:05:40,7587.85,0,0,0,0,0,0
REALTY.BSE_IDX,01/07/2025,12:05:48,7587.96,0,0,0,0,0,0
REALTY.BSE_IDX,01/07/2025,12:05:56,7588.46,0,0,0,0,0,0
REALTY.BSE_IDX,01/07/2025,12:06:04,7588.46,0,0,0,0,0,0
REALTY.BSE_IDX,01/07/2025,12:06:12,7588.46,0,0,0,0,0,0
REALTY.BSE_IDX,01/07/2025,12:06:20,7589.36,0,0,0,0,0,0
REALTY.BSE_IDX,01/07/2025,12:06:28,7588.43,0,0,0,0,0,0
REALTY.BSE_IDX,01/07/2025,12:06:36,7590.63,0,0,0,0,0,0
REALTY.BSE_IDX,01/07/2025,12:06:44,7590.63,0,0,0,0,0,0
REALTY.BSE_IDX,01/07/2025,12:06:53,7590.63,0,0,0,0,0,0
REALTY.BSE_IDX,01/07/2025,12:07:00,7590.63,0,0,0,0,0,0
REALTY.BSE_IDX,01/07/2025,12:07:08,7593.17,0,0,0,0,0,0
REALTY.BSE_IDX,01/07/2025,12:07:16,7590.66,0,0,0,0,0,0
REALTY.BSE_IDX,01/07/2025,12:07:24,7590.66,0,0,0,0,0,0
REALTY.BSE_IDX,01/07/2025,12:07:32,7590.66,0,0,0,0,0,0
REALTY.BSE_IDX,01/07/2025,12:07:40,7590.66,0,0,0,0,0,0
REALTY.BSE_IDX,01/07/2025,12:07:48,7591.26,0,0,0,0,0,0
REALTY.BSE_IDX,01/07/2025,12:07:56,7590.52,0,0,0,0,0,0
REALTY.BSE_IDX,01/07/2025,12:08:04,7590.16,0,0,0,0,0,0
REALTY.BSE_IDX,01/07/2025,12:08:12,7590.07,0,0,0,0,0,0
REALTY.BSE_IDX,01/07/2025,12:08:20,7589.01,0,0,0,0,0,0
REALTY.BSE_IDX,01/07/2025,12:08:28,7588.77,0,0,0,0,0,0
REALTY.BSE_IDX,01/07/2025,12:08:36,7589.59,0,0,0,0,0,0
REALTY.BSE_IDX,01/07/2025,12:08:44,7589.92,0,0,0,0,0,0
REALTY.BSE_IDX,01/07/2025,12:08:52,7591.5,0,0,0,0,0,0
REALTY.BSE_IDX,01/07/2025,12:09:00,7591.97,0,0,0,0,0,0
REALTY.BSE_IDX,01/07/2025,12:09:08,7592.38,0,0,0,0,0,0
REALTY.BSE_IDX,01/07/2025,12:09:16,7592.36,0,0,0,0,0,0
REALTY.BSE_IDX,01/07/2025,12:09:25,7592.36,0,0,0,0,0,0
REALTY.BSE_IDX,01/07/2025,12:09:32,7592.15,0,0,0,0,0,0
REALTY.BSE_IDX,01/07/2025,12:09:40,7592.85,0,0,0,0,0,0
REALTY.BSE_IDX,01/07/2025,12:09:48,7593.26,0,0,0,0,0,0
REALTY.BSE_IDX,01/07/2025,12:09:57,7594.01,0,0,0,0,0,0
REALTY.BSE_IDX,01/07/2025,12:10:05,7594.01,0,0,0,0,0,0
REALTY.BSE_IDX,01/07/2025,12:10:13,7593.96,0,0,0,0,0,0
REALTY.BSE_IDX,01/07/2025,12:10:22,7593.96,0,0,0,0,0,0
REALTY.BSE_IDX,01/07/2025,12:10:28,7591.81,0,0,0,0,0,0
REALTY.BSE_IDX,01/07/2025,12:10:36,7592.07,0,0,0,0,0,0
REALTY.BSE_IDX,01/07/2025,12:10:45,7592.07,0,0,0,0,0,0
REALTY.BSE_IDX,01/07/2025,12:10:52,7592.07,0,0,0,0,0,0
REALTY.BSE_IDX,01/07/2025,12:11:00,7591.76,0,0,0,0,0,0
REALTY.BSE_IDX,01/07/2025,12:11:08,7591.76,0,0,0,0,0,0
REALTY.BSE_IDX,01/07/2025,12:11:17,7591.23,0,0,0,0,0,0
REALTY.BSE_IDX,01/07/2025,12:11:24,7591.23,0,0,0,0,0,0
REALTY.BSE_IDX,01/07/2025,12:11:32,7592.36,0,0,0,0,0,0
REALTY.BSE_IDX,01/07/2025,12:11:40,7595.36,0,0,0,0,0,0
REALTY.BSE_IDX,01/07/2025,12:11:49,7595.54,0,0,0,0,0,0
REALTY.BSE_IDX,01/07/2025,12:11:57,7595.25,0,0,0,0,0,0
REALTY.BSE_IDX,01/07/2025,12:12:05,7595.25,0,0,0,0,0,0
REALTY.BSE_IDX,01/07/2025,12:12:13,7595.78,0,0,0,0,0,0
REALTY.BSE_IDX,01/07/2025,12:12:21,7595.78,0,0,0,0,0,0
REALTY.BSE_IDX,01/07/2025,12:12:29,7596.4,0,0,0,0,0,0
REALTY.BSE_IDX,01/07/2025,12:12:37,7595.95,0,0,0,0,0,0
REALTY.BSE_IDX,01/07/2025,12:12:45,7595.73,0,0,0,0,0,0
REALTY.BSE_IDX,01/07/2025,12:12:53,7595.73,0,0,0,0,0,0
REALTY.BSE_IDX,01/07/2025,12:13:01,7595.53,0,0,0,0,0,0
REALTY.BSE_IDX,01/07/2025,12:13:09,7595.81,0,0,0,0,0,0
REALTY.BSE_IDX,01/07/2025,12:13:17,7595.81,0,0,0,0,0,0
REALTY.BSE_IDX,01/07/2025,12:13:25,7595.7,0,0,0,0,0,0
REALTY.BSE_IDX,01/07/2025,12:13:33,7595.23,0,0,0,0,0,0
REALTY.BSE_IDX,01/07/2025,12:13:41,7595.23,0,0,0,0,0,0
REALTY.BSE_IDX,01/07/2025,12:13:49,7595.12,0,0,0,0,0,0
REALTY.BSE_IDX,01/07/2025,12:13:57,7595.3,0,0,0,0,0,0
REALTY.BSE_IDX,01/07/2025,12:14:05,7595.3,0,0,0,0,0,0
REALTY.BSE_IDX,01/07/2025,12:14:13,7595.34,0,0,0,0,0,0
REALTY.BSE_IDX,01/07/2025,12:14:21,7595.34,0,0,0,0,0,0
REALTY.BSE_IDX,01/07/2025,12:14:29,7595.34,0,0,0,0,0,0
REALTY.BSE_IDX,01/07/2025,12:14:37,7595.15,0,0,0,0,0,0
REALTY.BSE_IDX,01/07/2025,12:14:46,7597.09,0,0,0,0,0,0
REALTY.BSE_IDX,01/07/2025,12:14:54,7596.49,0,0,0,0,0,0
REALTY.BSE_IDX,01/07/2025,12:15:01,7596.49,0,0,0,0,0,0
REALTY.BSE_IDX,01/07/2025,12:15:09,7596.49,0,0,0,0,0,0
REALTY.BSE_IDX,01/07/2025,12:15:17,7596.58,0,0,0,0,0,0
REALTY.BSE_IDX,01/07/2025,12:15:25,7596.49,0,0,0,0,0,0
REALTY.BSE_IDX,01/07/2025,12:15:33,7596.67,0,0,0,0,0,0
REALTY.BSE_IDX,01/07/2025,12:15:41,7598.11,0,0,0,0,0,0
REALTY.BSE_IDX,01/07/2025,12:15:49,7597.81,0,0,0,0,0,0
REALTY.BSE_IDX,01/07/2025,12:15:57,7600.71,0,0,0,0,0,0
REALTY.BSE_IDX,01/07/2025,12:16:05,7600.07,0,0,0,0,0,0
REALTY.BSE_IDX,01/07/2025,12:16:13,7600.61,0,0,0,0,0,0
REALTY.BSE_IDX,01/07/2025,12:16:21,7598.62,0,0,0,0,0,0
REALTY.BSE_IDX,01/07/2025,12:16:29,7599.45,0,0,0,0,0,0
REALTY.BSE_IDX,01/07/2025,12:16:37,7598.8,0,0,0,0,0,0
REALTY.BSE_IDX,01/07/2025,12:16:45,7598.8,0,0,0,0,0,0
REALTY.BSE_IDX,01/07/2025,12:16:53,7598.04,0,0,0,0,0,0
REALTY.BSE_IDX,01/07/2025,12:17:01,7598.04,0,0,0,0,0,0
REALTY.BSE_IDX,01/07/2025,12:17:09,7598.04,0,0,0,0,0,0
REALTY.BSE_IDX,01/07/2025,12:17:17,7598.04,0,0,0,0,0,0
REALTY.BSE_IDX,01/07/2025,12:17:25,7600.04,0,0,0,0,0,0
REALTY.BSE_IDX,01/07/2025,12:17:33,7600.04,0,0,0,0,0,0
REALTY.BSE_IDX,01/07/2025,12:17:41,7600.04,0,0,0,0,0,0
REALTY.BSE_IDX,01/07/2025,12:17:49,7600.04,0,0,0,0,0,0
REALTY.BSE_IDX,01/07/2025,12:17:57,7599.71,0,0,0,0,0,0
REALTY.BSE_IDX,01/07/2025,12:18:05,7601.4,0,0,0,0,0,0
REALTY.BSE_IDX,01/07/2025,12:18:13,7601.61,0,0,0,0,0,0
REALTY.BSE_IDX,01/07/2025,12:18:21,7602.87,0,0,0,0,0,0
REALTY.BSE_IDX,01/07/2025,12:18:29,7602.87,0,0,0,0,0,0
REALTY.BSE_IDX,01/07/2025,12:18:37,7602.96,0,0,0,0,0,0
REALTY.BSE_IDX,01/07/2025,12:18:45,7603.42,0,0,0,0,0,0
REALTY.BSE_IDX,01/07/2025,12:18:53,7603.42,0,0,0,0,0,0
REALTY.BSE_IDX,01/07/2025,12:19:01,7604.26,0,0,0,0,0,0
REALTY.BSE_IDX,01/07/2025,12:19:09,7603.86,0,0,0,0,0,0
REALTY.BSE_IDX,01/07/2025,12:19:17,7604.48,0,0,0,0,0,0
REALTY.BSE_IDX,01/07/2025,12:19:25,7605.75,0,0,0,0,0,0
REALTY.BSE_IDX,01/07/2025,12:19:33,7607.6,0,0,0,0,0,0
REALTY.BSE_IDX,01/07/2025,12:19:41,7609.91,0,0,0,0,0,0
REALTY.BSE_IDX,01/07/2025,12:19:49,7609.91,0,0,0,0,0,0
REALTY.BSE_IDX,01/07/2025,12:19:57,7609.91,0,0,0,0,0,0
REALTY.BSE_IDX,01/07/2025,12:20:05,7612.66,0,0,0,0,0,0
REALTY.BSE_IDX,01/07/2025,12:20:13,7613.82,0,0,0,0,0,0
REALTY.BSE_IDX,01/07/2025,12:20:21,7614.83,0,0,0,0,0,0
REALTY.BSE_IDX,01/07/2025,12:20:29,7614.41,0,0,0,0,0,0
REALTY.BSE_IDX,01/07/2025,12:20:37,7614.37,0,0,0,0,0,0
REALTY.BSE_IDX,01/07/2025,12:20:45,7614.37,0,0,0,0,0,0
REALTY.BSE_IDX,01/07/2025,12:20:53,7614.32,0,0,0,0,0,0
REALTY.BSE_IDX,01/07/2025,12:21:01,7614.32,0,0,0,0,0,0
REALTY.BSE_IDX,01/07/2025,12:21:09,7614.1,0,0,0,0,0,0
REALTY.BSE_IDX,01/07/2025,12:21:17,7614.33,0,0,0,0,0,0
REALTY.BSE_IDX,01/07/2025,12:21:25,7614.36,0,0,0,0,0,0
REALTY.BSE_IDX,01/07/2025,12:21:33,7615.05,0,0,0,0,0,0
REALTY.BSE_IDX,01/07/2025,12:21:41,7616.72,0,0,0,0,0,0
REALTY.BSE_IDX,01/07/2025,12:21:49,7616.93,0,0,0,0,0,0
REALTY.BSE_IDX,01/07/2025,12:21:57,7615.78,0,0,0,0,0,0
REALTY.BSE_IDX,01/07/2025,12:22:05,7616.96,0,0,0,0,0,0
REALTY.BSE_IDX,01/07/2025,12:22:13,7617.55,0,0,0,0,0,0
REALTY.BSE_IDX,01/07/2025,12:22:21,7617.27,0,0,0,0,0,0
REALTY.BSE_IDX,01/07/2025,12:22:29,7617.51,0,0,0,0,0,0
REALTY.BSE_IDX,01/07/2025,12:22:37,7621.19,0,0,0,0,0,0
REALTY.BSE_IDX,01/07/2025,12:22:45,7625.44,0,0,0,0,0,0
REALTY.BSE_IDX,01/07/2025,12:22:53,7625.34,0,0,0,0,0,0
REALTY.BSE_IDX,01/07/2025,12:23:02,7625.34,0,0,0,0,0,0
REALTY.BSE_IDX,01/07/2025,12:23:09,7624.96,0,0,0,0,0,0
REALTY.BSE_IDX,01/07/2025,12:23:17,7624.96,0,0,0,0,0,0
REALTY.BSE_IDX,01/07/2025,12:23:25,7624.96,0,0,0,0,0,0
REALTY.BSE_IDX,01/07/2025,12:23:33,7624.52,0,0,0,0,0,0
REALTY.BSE_IDX,01/07/2025,12:23:41,7625.92,0,0,0,0,0,0
REALTY.BSE_IDX,01/07/2025,12:23:49,7624.58,0,0,0,0,0,0
REALTY.BSE_IDX,01/07/2025,12:23:57,7623.6,0,0,0,0,0,0
REALTY.BSE_IDX,01/07/2025,12:24:05,7625.25,0,0,0,0,0,0
REALTY.BSE_IDX,01/07/2025,12:24:13,7622.33,0,0,0,0,0,0
REALTY.BSE_IDX,01/07/2025,12:24:21,7622.35,0,0,0,0,0,0
REALTY.BSE_IDX,01/07/2025,12:24:29,7622.35,0,0,0,0,0,0
REALTY.BSE_IDX,01/07/2025,12:24:37,7622.35,0,0,0,0,0,0
REALTY.BSE_IDX,01/07/2025,12:24:45,7622.35,0,0,0,0,0,0
REALTY.BSE_IDX,01/07/2025,12:24:53,7622.35,0,0,0,0,0,0
REALTY.BSE_IDX,01/07/2025,12:25:01,7622.05,0,0,0,0,0,0
REALTY.BSE_IDX,01/07/2025,12:25:09,7622.38,0,0,0,0,0,0
REALTY.BSE_IDX,01/07/2025,12:25:17,7622.38,0,0,0,0,0,0
REALTY.BSE_IDX,01/07/2025,12:25:25,7622.38,0,0,0,0,0,0
REALTY.BSE_IDX,01/07/2025,12:25:33,7622.38,0,0,0,0,0,0
REALTY.BSE_IDX,01/07/2025,12:25:41,7622.38,0,0,0,0,0,0
REALTY.BSE_IDX,01/07/2025,12:25:49,7622.38,0,0,0,0,0,0
REALTY.BSE_IDX,01/07/2025,12:25:57,7622.38,0,0,0,0,0,0
REALTY.BSE_IDX,01/07/2025,12:26:05,7621.94,0,0,0,0,0,0
REALTY.BSE_IDX,01/07/2025,12:26:13,7622.2,0,0,0,0,0,0
REALTY.BSE_IDX,01/07/2025,12:26:21,7622.2,0,0,0,0,0,0
REALTY.BSE_IDX,01/07/2025,12:26:31,7622.33,0,0,0,0,0,0
REALTY.BSE_IDX,01/07/2025,12:26:37,7623.07,0,0,0,0,0,0
REALTY.BSE_IDX,01/07/2025,12:26:45,7622.66,0,0,0,0,0,0
REALTY.BSE_IDX,01/07/2025,12:26:53,7622.66,0,0,0,0,0,0
REALTY.BSE_IDX,01/07/2025,12:27:01,7621.74,0,0,0,0,0,0
REALTY.BSE_IDX,01/07/2025,12:27:09,7621.47,0,0,0,0,0,0
REALTY.BSE_IDX,01/07/2025,12:27:17,7621.47,0,0,0,0,0,0
REALTY.BSE_IDX,01/07/2025,12:27:25,7621.47,0,0,0,0,0,0
REALTY.BSE_IDX,01/07/2025,12:27:33,7621.18,0,0,0,0,0,0
REALTY.BSE_IDX,01/07/2025,12:27:41,7621.18,0,0,0,0,0,0
REALTY.BSE_IDX,01/07/2025,12:27:49,7621.18,0,0,0,0,0,0
REALTY.BSE_IDX,01/07/2025,12:27:57,7619.58,0,0,0,0,0,0
REALTY.BSE_IDX,01/07/2025,12:28:05,7619.58,0,0,0,0,0,0
REALTY.BSE_IDX,01/07/2025,12:28:13,7619.72,0,0,0,0,0,0
REALTY.BSE_IDX,01/07/2025,12:28:21,7621.05,0,0,0,0,0,0
REALTY.BSE_IDX,01/07/2025,12:28:29,7621.05,0,0,0,0,0,0
REALTY.BSE_IDX,01/07/2025,12:28:37,7620.8,0,0,0,0,0,0
REALTY.BSE_IDX,01/07/2025,12:28:45,7622.35,0,0,0,0,0,0
REALTY.BSE_IDX,01/07/2025,12:28:53,7621.49,0,0,0,0,0,0
REALTY.BSE_IDX,01/07/2025,12:29:01,7621.49,0,0,0,0,0,0
REALTY.BSE_IDX,01/07/2025,12:29:10,7621.19,0,0,0,0,0,0
REALTY.BSE_IDX,01/07/2025,12:29:18,7620.66,0,0,0,0,0,0
REALTY.BSE_IDX,01/07/2025,12:29:25,7620.97,0,0,0,0,0,0
REALTY.BSE_IDX,01/07/2025,12:29:33,7621.17,0,0,0,0,0,0
REALTY.BSE_IDX,01/07/2025,12:29:41,7621.12,0,0,0,0,0,0
REALTY.BSE_IDX,01/07/2025,12:29:49,7621.12,0,0,0,0,0,0
REALTY.BSE_IDX,01/07/2025,12:29:57,7621.17,0,0,0,0,0,0
REALTY.BSE_IDX,01/07/2025,12:30:05,7621.17,0,0,0,0,0,0
REALTY.BSE_IDX,01/07/2025,12:30:13,7621.17,0,0,0,0,0,0
REALTY.BSE_IDX,01/07/2025,12:30:22,7619.34,0,0,0,0,0,0
REALTY.BSE_IDX,01/07/2025,12:30:29,7619.34,0,0,0,0,0,0
REALTY.BSE_IDX,01/07/2025,12:30:37,7619.34,0,0,0,0,0,0
REALTY.BSE_IDX,01/07/2025,12:30:45,7621.03,0,0,0,0,0,0
REALTY.BSE_IDX,01/07/2025,12:30:53,7622.05,0,0,0,0,0,0
REALTY.BSE_IDX,01/07/2025,12:31:01,7622.05,0,0,0,0,0,0
REALTY.BSE_IDX,01/07/2025,12:31:09,7622.05,0,0,0,0,0,0
REALTY.BSE_IDX,01/07/2025,12:31:17,7621.72,0,0,0,0,0,0
REALTY.BSE_IDX,01/07/2025,12:31:25,7621.72,0,0,0,0,0,0
REALTY.BSE_IDX,01/07/2025,12:31:34,7621.72,0,0,0,0,0,0
REALTY.BSE_IDX,01/07/2025,12:31:41,7621.72,0,0,0,0,0,0
REALTY.BSE_IDX,01/07/2025,12:31:49,7621.72,0,0,0,0,0,0
REALTY.BSE_IDX,01/07/2025,12:31:57,7621.72,0,0,0,0,0,0
REALTY.BSE_IDX,01/07/2025,12:32:05,7622.26,0,0,0,0,0,0
REALTY.BSE_IDX,01/07/2025,12:32:13,7622.26,0,0,0,0,0,0
REALTY.BSE_IDX,01/07/2025,12:32:21,7621.23,0,0,0,0,0,0
REALTY.BSE_IDX,01/07/2025,12:32:29,7621.54,0,0,0,0,0,0
REALTY.BSE_IDX,01/07/2025,12:32:37,7620.83,0,0,0,0,0,0
REALTY.BSE_IDX,01/07/2025,12:32:45,7620.69,0,0,0,0,0,0
REALTY.BSE_IDX,01/07/2025,12:32:53,7620.69,0,0,0,0,0,0
REALTY.BSE_IDX,01/07/2025,12:33:01,7620.54,0,0,0,0,0,0
REALTY.BSE_IDX,01/07/2025,12:33:09,7619.08,0,0,0,0,0,0
REALTY.BSE_IDX,01/07/2025,12:33:17,7617.85,0,0,0,0,0,0
REALTY.BSE_IDX,01/07/2025,12:33:26,7617.85,0,0,0,0,0,0
REALTY.BSE_IDX,01/07/2025,12:33:33,7617.56,0,0,0,0,0,0
REALTY.BSE_IDX,01/07/2025,12:33:41,7617.94,0,0,0,0,0,0
REALTY.BSE_IDX,01/07/2025,12:33:49,7618.97,0,0,0,0,0,0
REALTY.BSE_IDX,01/07/2025,12:33:57,7618.97,0,0,0,0,0,0
REALTY.BSE_IDX,01/07/2025,12:34:05,7619.23,0,0,0,0,0,0
REALTY.BSE_IDX,01/07/2025,12:34:13,7620.3,0,0,0,0,0,0
REALTY.BSE_IDX,01/07/2025,12:34:21,7620.96,0,0,0,0,0,0
REALTY.BSE_IDX,01/07/2025,12:34:29,7621.38,0,0,0,0,0,0
REALTY.BSE_IDX,01/07/2025,12:34:37,7622.1,0,0,0,0,0,0
REALTY.BSE_IDX,01/07/2025,12:34:45,7621.86,0,0,0,0,0,0
REALTY.BSE_IDX,01/07/2025,12:34:53,7621.86,0,0,0,0,0,0
REALTY.BSE_IDX,01/07/2025,12:35:01,7621.99,0,0,0,0,0,0
REALTY.BSE_IDX,01/07/2025,12:35:09,7622.35,0,0,0,0,0,0
REALTY.BSE_IDX,01/07/2025,12:35:17,7623.89,0,0,0,0,0,0
REALTY.BSE_IDX,01/07/2025,12:35:25,7623.89,0,0,0,0,0,0
REALTY.BSE_IDX,01/07/2025,12:35:33,7622.58,0,0,0,0,0,0
REALTY.BSE_IDX,01/07/2025,12:35:41,7622.27,0,0,0,0,0,0
REALTY.BSE_IDX,01/07/2025,12:35:49,7622.27,0,0,0,0,0,0
REALTY.BSE_IDX,01/07/2025,12:35:57,7622.27,0,0,0,0,0,0
REALTY.BSE_IDX,01/07/2025,12:36:05,7622.27,0,0,0,0,0,0
REALTY.BSE_IDX,01/07/2025,12:36:13,7622.27,0,0,0,0,0,0
REALTY.BSE_IDX,01/07/2025,12:36:21,7622.23,0,0,0,0,0,0
REALTY.BSE_IDX,01/07/2025,12:36:29,7622.8,0,0,0,0,0,0
REALTY.BSE_IDX,01/07/2025,12:36:37,7623.71,0,0,0,0,0,0
REALTY.BSE_IDX,01/07/2025,12:36:45,7625.98,0,0,0,0,0,0
REALTY.BSE_IDX,01/07/2025,12:36:53,7626.59,0,0,0,0,0,0
REALTY.BSE_IDX,01/07/2025,12:37:01,7627.07,0,0,0,0,0,0
REALTY.BSE_IDX,01/07/2025,12:37:09,7627.07,0,0,0,0,0,0
REALTY.BSE_IDX,01/07/2025,12:37:17,7627.07,0,0,0,0,0,0
REALTY.BSE_IDX,01/07/2025,12:37:25,7627.07,0,0,0,0,0,0
REALTY.BSE_IDX,01/07/2025,12:37:33,7627.07,0,0,0,0,0,0
REALTY.BSE_IDX,01/07/2025,12:37:41,7627.43,0,0,0,0,0,0
REALTY.BSE_IDX,01/07/2025,12:37:49,7625.96,0,0,0,0,0,0
REALTY.BSE_IDX,01/07/2025,12:37:57,7625.07,0,0,0,0,0,0
REALTY.BSE_IDX,01/07/2025,12:38:05,7625.78,0,0,0,0,0,0
REALTY.BSE_IDX,01/07/2025,12:38:13,7625.67,0,0,0,0,0,0
REALTY.BSE_IDX,01/07/2025,12:38:22,7624.89,0,0,0,0,0,0
REALTY.BSE_IDX,01/07/2025,12:38:29,7624.89,0,0,0,0,0,0
REALTY.BSE_IDX,01/07/2025,12:38:39,7624.89,0,0,0,0,0,0
REALTY.BSE_IDX,01/07/2025,12:38:45,7624.89,0,0,0,0,0,0
REALTY.BSE_IDX,01/07/2025,12:38:53,7624.9,0,0,0,0,0,0
REALTY.BSE_IDX,01/07/2025,12:39:01,7626.25,0,0,0,0,0,0
REALTY.BSE_IDX,01/07/2025,12:39:10,7626.25,0,0,0,0,0,0
REALTY.BSE_IDX,01/07/2025,12:39:17,7626.25,0,0,0,0,0,0
REALTY.BSE_IDX,01/07/2025,12:39:25,7627.16,0,0,0,0,0,0
REALTY.BSE_IDX,01/07/2025,12:39:34,7626.74,0,0,0,0,0,0
REALTY.BSE_IDX,01/07/2025,12:39:42,7626.52,0,0,0,0,0,0
REALTY.BSE_IDX,01/07/2025,12:39:49,7626.52,0,0,0,0,0,0
REALTY.BSE_IDX,01/07/2025,12:39:57,7626.52,0,0,0,0,0,0
REALTY.BSE_IDX,01/07/2025,12:40:05,7626.52,0,0,0,0,0,0
REALTY.BSE_IDX,01/07/2025,12:40:14,7629.71,0,0,0,0,0,0
REALTY.BSE_IDX,01/07/2025,12:40:21,7629.59,0,0,0,0,0,0
REALTY.BSE_IDX,01/07/2025,12:40:29,7629.01,0,0,0,0,0,0
REALTY.BSE_IDX,01/07/2025,12:40:37,7629.01,0,0,0,0,0,0
REALTY.BSE_IDX,01/07/2025,12:40:45,7629.01,0,0,0,0,0,0
REALTY.BSE_IDX,01/07/2025,12:40:54,7626.77,0,0,0,0,0,0
REALTY.BSE_IDX,01/07/2025,12:41:01,7624.81,0,0,0,0,0,0
REALTY.BSE_IDX,01/07/2025,12:41:09,7624.96,0,0,0,0,0,0
REALTY.BSE_IDX,01/07/2025,12:41:17,7624.96,0,0,0,0,0,0
REALTY.BSE_IDX,01/07/2025,12:41:25,7624.81,0,0,0,0,0,0
REALTY.BSE_IDX,01/07/2025,12:41:33,7624.61,0,0,0,0,0,0
REALTY.BSE_IDX,01/07/2025,12:41:41,7624.61,0,0,0,0,0,0
REALTY.BSE_IDX,01/07/2025,12:41:49,7624.61,0,0,0,0,0,0
REALTY.BSE_IDX,01/07/2025,12:41:57,7627.58,0,0,0,0,0,0
REALTY.BSE_IDX,01/07/2025,12:42:05,7627.73,0,0,0,0,0,0
REALTY.BSE_IDX,01/07/2025,12:42:13,7627.73,0,0,0,0,0,0
REALTY.BSE_IDX,01/07/2025,12:42:21,7626.69,0,0,0,0,0,0
REALTY.BSE_IDX,01/07/2025,12:42:29,7625.79,0,0,0,0,0,0
REALTY.BSE_IDX,01/07/2025,12:42:37,7626.72,0,0,0,0,0,0
REALTY.BSE_IDX,01/07/2025,12:42:45,7626.72,0,0,0,0,0,0
REALTY.BSE_IDX,01/07/2025,12:42:53,7626.91,0,0,0,0,0,0
REALTY.BSE_IDX,01/07/2025,12:43:01,7627.04,0,0,0,0,0,0
REALTY.BSE_IDX,01/07/2025,12:43:10,7625.91,0,0,0,0,0,0
REALTY.BSE_IDX,01/07/2025,12:43:17,7625.91,0,0,0,0,0,0
REALTY.BSE_IDX,01/07/2025,12:43:26,7625.41,0,0,0,0,0,0
REALTY.BSE_IDX,01/07/2025,12:43:33,7625.83,0,0,0,0,0,0
REALTY.BSE_IDX,01/07/2025,12:43:41,7625.83,0,0,0,0,0,0
REALTY.BSE_IDX,01/07/2025,12:43:49,7624.79,0,0,0,0,0,0
REALTY.BSE_IDX,01/07/2025,12:43:58,7624.79,0,0,0,0,0,0
REALTY.BSE_IDX,01/07/2025,12:44:05,7624.67,0,0,0,0,0,0
REALTY.BSE_IDX,01/07/2025,12:44:14,7623.59,0,0,0,0,0,0
REALTY.BSE_IDX,01/07/2025,12:44:21,7623.46,0,0,0,0,0,0
REALTY.BSE_IDX,01/07/2025,12:44:29,7623.4,0,0,0,0,0,0
REALTY.BSE_IDX,01/07/2025,12:44:38,7623.6,0,0,0,0,0,0
REALTY.BSE_IDX,01/07/2025,12:44:45,7622.79,0,0,0,0,0,0
REALTY.BSE_IDX,01/07/2025,12:44:53,7622.56,0,0,0,0,0,0
REALTY.BSE_IDX,01/07/2025,12:45:01,7622.07,0,0,0,0,0,0
REALTY.BSE_IDX,01/07/2025,12:45:11,7622.03,0,0,0,0,0,0
REALTY.BSE_IDX,01/07/2025,12:45:17,7622.03,0,0,0,0,0,0
REALTY.BSE_IDX,01/07/2025,12:45:25,7623.57,0,0,0,0,0,0
REALTY.BSE_IDX,01/07/2025,12:45:34,7625.94,0,0,0,0,0,0
REALTY.BSE_IDX,01/07/2025,12:45:42,7625.94,0,0,0,0,0,0
REALTY.BSE_IDX,01/07/2025,12:45:50,7625.94,0,0,0,0,0,0
REALTY.BSE_IDX,01/07/2025,12:45:58,7626.14,0,0,0,0,0,0
REALTY.BSE_IDX,01/07/2025,12:46:06,7626.14,0,0,0,0,0,0
REALTY.BSE_IDX,01/07/2025,12:46:14,7626.14,0,0,0,0,0,0
REALTY.BSE_IDX,01/07/2025,12:46:22,7624.71,0,0,0,0,0,0
REALTY.BSE_IDX,01/07/2025,12:46:30,7623.49,0,0,0,0,0,0
REALTY.BSE_IDX,01/07/2025,12:46:38,7623.5,0,0,0,0,0,0
REALTY.BSE_IDX,01/07/2025,12:46:46,7623.5,0,0,0,0,0,0
REALTY.BSE_IDX,01/07/2025,12:46:54,7622.94,0,0,0,0,0,0
REALTY.BSE_IDX,01/07/2025,12:47:02,7622.94,0,0,0,0,0,0
REALTY.BSE_IDX,01/07/2025,12:47:10,7622.56,0,0,0,0,0,0
REALTY.BSE_IDX,01/07/2025,12:47:18,7623.84,0,0,0,0,0,0
REALTY.BSE_IDX,01/07/2025,12:47:26,7625.12,0,0,0,0,0,0
REALTY.BSE_IDX,01/07/2025,12:47:34,7624.33,0,0,0,0,0,0
REALTY.BSE_IDX,01/07/2025,12:47:42,7623.96,0,0,0,0,0,0
REALTY.BSE_IDX,01/07/2025,12:47:50,7623.96,0,0,0,0,0,0
REALTY.BSE_IDX,01/07/2025,12:47:58,7623.82,0,0,0,0,0,0
REALTY.BSE_IDX,01/07/2025,12:48:06,7624.15,0,0,0,0,0,0
REALTY.BSE_IDX,01/07/2025,12:48:14,7624.15,0,0,0,0,0,0
REALTY.BSE_IDX,01/07/2025,12:48:22,7623.34,0,0,0,0,0,0
REALTY.BSE_IDX,01/07/2025,12:48:30,7622.2,0,0,0,0,0,0
REALTY.BSE_IDX,01/07/2025,12:48:38,7623.54,0,0,0,0,0,0
REALTY.BSE_IDX,01/07/2025,12:48:46,7623.54,0,0,0,0,0,0
REALTY.BSE_IDX,01/07/2025,12:48:54,7623.18,0,0,0,0,0,0
REALTY.BSE_IDX,01/07/2025,12:49:02,7622.81,0,0,0,0,0,0
REALTY.BSE_IDX,01/07/2025,12:49:10,7622.19,0,0,0,0,0,0
REALTY.BSE_IDX,01/07/2025,12:49:18,7622.63,0,0,0,0,0,0
REALTY.BSE_IDX,01/07/2025,12:49:26,7623.97,0,0,0,0,0,0
REALTY.BSE_IDX,01/07/2025,12:49:34,7622.35,0,0,0,0,0,0
REALTY.BSE_IDX,01/07/2025,12:49:42,7622.54,0,0,0,0,0,0
REALTY.BSE_IDX,01/07/2025,12:49:50,7622.54,0,0,0,0,0,0
REALTY.BSE_IDX,01/07/2025,12:49:58,7622.5,0,0,0,0,0,0
REALTY.BSE_IDX,01/07/2025,12:50:06,7625.15,0,0,0,0,0,0
REALTY.BSE_IDX,01/07/2025,12:50:14,7624.83,0,0,0,0,0,0
REALTY.BSE_IDX,01/07/2025,12:50:22,7627.1,0,0,0,0,0,0
REALTY.BSE_IDX,01/07/2025,12:50:30,7627.94,0,0,0,0,0,0
REALTY.BSE_IDX,01/07/2025,12:50:38,7626.34,0,0,0,0,0,0
REALTY.BSE_IDX,01/07/2025,12:50:47,7626.34,0,0,0,0,0,0
REALTY.BSE_IDX,01/07/2025,12:50:54,7626.34,0,0,0,0,0,0
REALTY.BSE_IDX,01/07/2025,12:51:02,7626.34,0,0,0,0,0,0
REALTY.BSE_IDX,01/07/2025,12:51:10,7627.28,0,0,0,0,0,0
REALTY.BSE_IDX,01/07/2025,12:51:19,7627.28,0,0,0,0,0,0
REALTY.BSE_IDX,01/07/2025,12:51:26,7627.14,0,0,0,0,0,0
REALTY.BSE_IDX,01/07/2025,12:51:34,7626.19,0,0,0,0,0,0
REALTY.BSE_IDX,01/07/2025,12:51:42,7625.34,0,0,0,0,0,0
REALTY.BSE_IDX,01/07/2025,12:51:50,7626.41,0,0,0,0,0,0
REALTY.BSE_IDX,01/07/2025,12:51:58,7626.41,0,0,0,0,0,0
REALTY.BSE_IDX,01/07/2025,12:52:06,7626.41,0,0,0,0,0,0
REALTY.BSE_IDX,01/07/2025,12:52:14,7626.41,0,0,0,0,0,0
REALTY.BSE_IDX,01/07/2025,12:52:22,7627.55,0,0,0,0,0,0
REALTY.BSE_IDX,01/07/2025,12:52:30,7625.81,0,0,0,0,0,0
REALTY.BSE_IDX,01/07/2025,12:52:38,7625.81,0,0,0,0,0,0
REALTY.BSE_IDX,01/07/2025,12:52:46,7625.09,0,0,0,0,0,0
REALTY.BSE_IDX,01/07/2025,12:52:54,7623.81,0,0,0,0,0,0
REALTY.BSE_IDX,01/07/2025,12:53:02,7623.81,0,0,0,0,0,0
REALTY.BSE_IDX,01/07/2025,12:53:10,7623.4,0,0,0,0,0,0
REALTY.BSE_IDX,01/07/2025,12:53:18,7623.4,0,0,0,0,0,0
REALTY.BSE_IDX,01/07/2025,12:53:26,7623.4,0,0,0,0,0,0
REALTY.BSE_IDX,01/07/2025,12:53:34,7623.42,0,0,0,0,0,0
REALTY.BSE_IDX,01/07/2025,12:53:42,7624.11,0,0,0,0,0,0
REALTY.BSE_IDX,01/07/2025,12:53:50,7624.11,0,0,0,0,0,0
REALTY.BSE_IDX,01/07/2025,12:53:58,7623.84,0,0,0,0,0,0
REALTY.BSE_IDX,01/07/2025,12:54:06,7623.84,0,0,0,0,0,0
REALTY.BSE_IDX,01/07/2025,12:54:14,7623.71,0,0,0,0,0,0
REALTY.BSE_IDX,01/07/2025,12:54:22,7623.01,0,0,0,0,0,0
REALTY.BSE_IDX,01/07/2025,12:54:30,7623.01,0,0,0,0,0,0
REALTY.BSE_IDX,01/07/2025,12:54:38,7622.6,0,0,0,0,0,0
REALTY.BSE_IDX,01/07/2025,12:54:46,7622.62,0,0,0,0,0,0
REALTY.BSE_IDX,01/07/2025,12:54:54,7622.6,0,0,0,0,0,0
REALTY.BSE_IDX,01/07/2025,12:55:02,7622.6,0,0,0,0,0,0
REALTY.BSE_IDX,01/07/2025,12:55:10,7622.6,0,0,0,0,0,0
REALTY.BSE_IDX,01/07/2025,12:55:18,7622.46,0,0,0,0,0,0
REALTY.BSE_IDX,01/07/2025,12:55:26,7622.53,0,0,0,0,0,0
REALTY.BSE_IDX,01/07/2025,12:55:34,7622.53,0,0,0,0,0,0
REALTY.BSE_IDX,01/07/2025,12:55:42,7622.53,0,0,0,0,0,0
REALTY.BSE_IDX,01/07/2025,12:55:50,7622.53,0,0,0,0,0,0
REALTY.BSE_IDX,01/07/2025,12:55:58,7622.53,0,0,0,0,0,0
REALTY.BSE_IDX,01/07/2025,12:56:06,7622.53,0,0,0,0,0,0
REALTY.BSE_IDX,01/07/2025,12:56:15,7622.53,0,0,0,0,0,0
REALTY.BSE_IDX,01/07/2025,12:56:22,7622.53,0,0,0,0,0,0
REALTY.BSE_IDX,01/07/2025,12:56:30,7622.26,0,0,0,0,0,0
REALTY.BSE_IDX,01/07/2025,12:56:38,7621.46,0,0,0,0,0,0
REALTY.BSE_IDX,01/07/2025,12:56:46,7620.24,0,0,0,0,0,0
REALTY.BSE_IDX,01/07/2025,12:56:54,7620.12,0,0,0,0,0,0
REALTY.BSE_IDX,01/07/2025,12:57:02,7618.43,0,0,0,0,0,0
REALTY.BSE_IDX,01/07/2025,12:57:10,7618.43,0,0,0,0,0,0
REALTY.BSE_IDX,01/07/2025,12:57:18,7618.43,0,0,0,0,0,0
REALTY.BSE_IDX,01/07/2025,12:57:26,7618.43,0,0,0,0,0,0
REALTY.BSE_IDX,01/07/2025,12:57:34,7617.08,0,0,0,0,0,0
REALTY.BSE_IDX,01/07/2025,12:57:42,7615.61,0,0,0,0,0,0
REALTY.BSE_IDX,01/07/2025,12:57:51,7615.96,0,0,0,0,0,0
REALTY.BSE_IDX,01/07/2025,12:57:58,7616.33,0,0,0,0,0,0
REALTY.BSE_IDX,01/07/2025,12:58:06,7615.22,0,0,0,0,0,0
REALTY.BSE_IDX,01/07/2025,12:58:14,7615.19,0,0,0,0,0,0
REALTY.BSE_IDX,01/07/2025,12:58:22,7615.68,0,0,0,0,0,0
REALTY.BSE_IDX,01/07/2025,12:58:30,7615.68,0,0,0,0,0,0
