Ticker,Date,Time,LTP,BuyPrice,BuyQty,SellPrice,SellQty,LTQ,OpenInterest
SELIPO.BSE_IDX,01/07/2025,09:00:00,4943.01,0,0,0,0,0,0
SELIPO.BSE_IDX,01/07/2025,09:00:07,5015.25,0,0,0,0,0,0
SELIPO.BSE_IDX,01/07/2025,09:00:15,4994.92,0,0,0,0,0,0
SELIPO.BSE_IDX,01/07/2025,09:00:23,4991.57,0,0,0,0,0,0
SELIPO.BSE_IDX,01/07/2025,09:00:31,4988.34,0,0,0,0,0,0
SELIPO.BSE_IDX,01/07/2025,09:00:39,4991.75,0,0,0,0,0,0
SELIPO.BSE_IDX,01/07/2025,09:00:47,4975.65,0,0,0,0,0,0
SELIPO.BSE_IDX,01/07/2025,09:00:55,4972.02,0,0,0,0,0,0
SELIPO.BSE_IDX,01/07/2025,09:01:03,4972.73,0,0,0,0,0,0
SELIPO.BSE_IDX,01/07/2025,09:01:11,4975.21,0,0,0,0,0,0
SELIPO.BSE_IDX,01/07/2025,09:01:19,4975.81,0,0,0,0,0,0
SELIPO.BSE_IDX,01/07/2025,09:01:27,4975.53,0,0,0,0,0,0
SELIPO.BSE_IDX,01/07/2025,09:01:35,4975.88,0,0,0,0,0,0
SELIPO.BSE_IDX,01/07/2025,09:01:43,4974.93,0,0,0,0,0,0
SELIPO.BSE_IDX,01/07/2025,09:01:51,4974.64,0,0,0,0,0,0
SELIPO.BSE_IDX,01/07/2025,09:01:59,4956.52,0,0,0,0,0,0
SELIPO.BSE_IDX,01/07/2025,09:02:07,4956.74,0,0,0,0,0,0
SELIPO.BSE_IDX,01/07/2025,09:02:15,4956.6,0,0,0,0,0,0
SELIPO.BSE_IDX,01/07/2025,09:02:23,4956.06,0,0,0,0,0,0
SELIPO.BSE_IDX,01/07/2025,09:02:31,4957.7,0,0,0,0,0,0
SELIPO.BSE_IDX,01/07/2025,09:02:39,4957.42,0,0,0,0,0,0
SELIPO.BSE_IDX,01/07/2025,09:02:47,4954.32,0,0,0,0,0,0
SELIPO.BSE_IDX,01/07/2025,09:02:55,4955.29,0,0,0,0,0,0
SELIPO.BSE_IDX,01/07/2025,09:03:03,4955.22,0,0,0,0,0,0
SELIPO.BSE_IDX,01/07/2025,09:03:11,4953.88,0,0,0,0,0,0
SELIPO.BSE_IDX,01/07/2025,09:03:19,4953.76,0,0,0,0,0,0
SELIPO.BSE_IDX,01/07/2025,09:03:27,4954.95,0,0,0,0,0,0
SELIPO.BSE_IDX,01/07/2025,09:03:35,4956.16,0,0,0,0,0,0
SELIPO.BSE_IDX,01/07/2025,09:03:43,4956.73,0,0,0,0,0,0
SELIPO.BSE_IDX,01/07/2025,09:03:51,4956.75,0,0,0,0,0,0
SELIPO.BSE_IDX,01/07/2025,09:03:59,4956.52,0,0,0,0,0,0
SELIPO.BSE_IDX,01/07/2025,09:04:07,4957.22,0,0,0,0,0,0
SELIPO.BSE_IDX,01/07/2025,09:04:15,4958.48,0,0,0,0,0,0
SELIPO.BSE_IDX,01/07/2025,09:04:23,4958.46,0,0,0,0,0,0
SELIPO.BSE_IDX,01/07/2025,09:04:31,4958.76,0,0,0,0,0,0
SELIPO.BSE_IDX,01/07/2025,09:04:39,4958.45,0,0,0,0,0,0
SELIPO.BSE_IDX,01/07/2025,09:04:47,4958.49,0,0,0,0,0,0
SELIPO.BSE_IDX,01/07/2025,09:04:55,4958.08,0,0,0,0,0,0
SELIPO.BSE_IDX,01/07/2025,09:05:03,4957.7,0,0,0,0,0,0
SELIPO.BSE_IDX,01/07/2025,09:05:11,4959.15,0,0,0,0,0,0
SELIPO.BSE_IDX,01/07/2025,09:05:19,4958.48,0,0,0,0,0,0
SELIPO.BSE_IDX,01/07/2025,09:05:27,4958.87,0,0,0,0,0,0
SELIPO.BSE_IDX,01/07/2025,09:05:35,4960.78,0,0,0,0,0,0
SELIPO.BSE_IDX,01/07/2025,09:05:43,4961.08,0,0,0,0,0,0
SELIPO.BSE_IDX,01/07/2025,09:05:51,4959.74,0,0,0,0,0,0
SELIPO.BSE_IDX,01/07/2025,09:05:59,4958.45,0,0,0,0,0,0
SELIPO.BSE_IDX,01/07/2025,09:06:07,4958.69,0,0,0,0,0,0
SELIPO.BSE_IDX,01/07/2025,09:06:15,4959.46,0,0,0,0,0,0
SELIPO.BSE_IDX,01/07/2025,09:06:23,4959.77,0,0,0,0,0,0
SELIPO.BSE_IDX,01/07/2025,09:06:31,4960.03,0,0,0,0,0,0
SELIPO.BSE_IDX,01/07/2025,09:06:39,4960.03,0,0,0,0,0,0
SELIPO.BSE_IDX,01/07/2025,09:06:47,4962.69,0,0,0,0,0,0
SELIPO.BSE_IDX,01/07/2025,09:06:55,4961.91,0,0,0,0,0,0
SELIPO.BSE_IDX,01/07/2025,09:07:04,4963.22,0,0,0,0,0,0
SELIPO.BSE_IDX,01/07/2025,09:07:11,4963.22,0,0,0,0,0,0
SELIPO.BSE_IDX,01/07/2025,09:07:19,4963.22,0,0,0,0,0,0
SELIPO.BSE_IDX,01/07/2025,09:07:27,4963.22,0,0,0,0,0,0
SELIPO.BSE_IDX,01/07/2025,09:07:35,4963.22,0,0,0,0,0,0
SELIPO.BSE_IDX,01/07/2025,09:07:43,4963.22,0,0,0,0,0,0
SELIPO.BSE_IDX,01/07/2025,09:07:51,4963.22,0,0,0,0,0,0
SELIPO.BSE_IDX,01/07/2025,09:07:59,4963.22,0,0,0,0,0,0
SELIPO.BSE_IDX,01/07/2025,09:08:07,4963.22,0,0,0,0,0,0
SELIPO.BSE_IDX,01/07/2025,09:08:15,4963.22,0,0,0,0,0,0
SELIPO.BSE_IDX,01/07/2025,09:08:23,4963.22,0,0,0,0,0,0
SELIPO.BSE_IDX,01/07/2025,09:08:31,4963.22,0,0,0,0,0,0
SELIPO.BSE_IDX,01/07/2025,09:08:39,4963.22,0,0,0,0,0,0
SELIPO.BSE_IDX,01/07/2025,09:08:47,4963.22,0,0,0,0,0,0
SELIPO.BSE_IDX,01/07/2025,09:08:55,4963.22,0,0,0,0,0,0
SELIPO.BSE_IDX,01/07/2025,09:09:03,4962.79,0,0,0,0,0,0
SELIPO.BSE_IDX,01/07/2025,09:09:11,4962.79,0,0,0,0,0,0
SELIPO.BSE_IDX,01/07/2025,09:09:20,4962.79,0,0,0,0,0,0
SELIPO.BSE_IDX,01/07/2025,09:09:27,4962.79,0,0,0,0,0,0
SELIPO.BSE_IDX,01/07/2025,09:09:36,4962.79,0,0,0,0,0,0
SELIPO.BSE_IDX,01/07/2025,09:09:43,4962.79,0,0,0,0,0,0
SELIPO.BSE_IDX,01/07/2025,09:09:51,4962.79,0,0,0,0,0,0
SELIPO.BSE_IDX,01/07/2025,09:09:59,4962.79,0,0,0,0,0,0
SELIPO.BSE_IDX,01/07/2025,09:10:07,4962.79,0,0,0,0,0,0
SELIPO.BSE_IDX,01/07/2025,09:10:16,4962.79,0,0,0,0,0,0
SELIPO.BSE_IDX,01/07/2025,09:10:24,4962.79,0,0,0,0,0,0
SELIPO.BSE_IDX,01/07/2025,09:10:32,4962.79,0,0,0,0,0,0
SELIPO.BSE_IDX,01/07/2025,09:10:39,4962.79,0,0,0,0,0,0
SELIPO.BSE_IDX,01/07/2025,09:10:47,4962.79,0,0,0,0,0,0
SELIPO.BSE_IDX,01/07/2025,09:10:55,4962.79,0,0,0,0,0,0
SELIPO.BSE_IDX,01/07/2025,09:11:03,4962.79,0,0,0,0,0,0
SELIPO.BSE_IDX,01/07/2025,09:11:11,4962.79,0,0,0,0,0,0
SELIPO.BSE_IDX,01/07/2025,09:11:19,4962.79,0,0,0,0,0,0
SELIPO.BSE_IDX,01/07/2025,09:11:27,4962.79,0,0,0,0,0,0
SELIPO.BSE_IDX,01/07/2025,09:11:35,4962.79,0,0,0,0,0,0
SELIPO.BSE_IDX,01/07/2025,09:11:43,4962.79,0,0,0,0,0,0
SELIPO.BSE_IDX,01/07/2025,09:11:51,4962.79,0,0,0,0,0,0
SELIPO.BSE_IDX,01/07/2025,09:11:59,4962.79,0,0,0,0,0,0
SELIPO.BSE_IDX,01/07/2025,09:12:07,4962.79,0,0,0,0,0,0
SELIPO.BSE_IDX,01/07/2025,09:12:16,4962.79,0,0,0,0,0,0
SELIPO.BSE_IDX,01/07/2025,09:12:23,4962.79,0,0,0,0,0,0
SELIPO.BSE_IDX,01/07/2025,09:12:31,4962.79,0,0,0,0,0,0
SELIPO.BSE_IDX,01/07/2025,09:12:39,4962.79,0,0,0,0,0,0
SELIPO.BSE_IDX,01/07/2025,09:12:47,4962.79,0,0,0,0,0,0
SELIPO.BSE_IDX,01/07/2025,09:12:55,4962.79,0,0,0,0,0,0
SELIPO.BSE_IDX,01/07/2025,09:13:03,4962.79,0,0,0,0,0,0
SELIPO.BSE_IDX,01/07/2025,09:13:11,4962.79,0,0,0,0,0,0
SELIPO.BSE_IDX,01/07/2025,09:13:19,4962.79,0,0,0,0,0,0
SELIPO.BSE_IDX,01/07/2025,09:13:27,4962.79,0,0,0,0,0,0
SELIPO.BSE_IDX,01/07/2025,09:13:35,4962.79,0,0,0,0,0,0
SELIPO.BSE_IDX,01/07/2025,09:13:43,4962.79,0,0,0,0,0,0
SELIPO.BSE_IDX,01/07/2025,09:13:51,4962.79,0,0,0,0,0,0
SELIPO.BSE_IDX,01/07/2025,09:13:59,4962.79,0,0,0,0,0,0
SELIPO.BSE_IDX,01/07/2025,09:14:07,4962.79,0,0,0,0,0,0
SELIPO.BSE_IDX,01/07/2025,09:14:15,4962.79,0,0,0,0,0,0
SELIPO.BSE_IDX,01/07/2025,09:14:23,4962.79,0,0,0,0,0,0
SELIPO.BSE_IDX,01/07/2025,09:14:31,4962.79,0,0,0,0,0,0
SELIPO.BSE_IDX,01/07/2025,09:14:39,4962.79,0,0,0,0,0,0
SELIPO.BSE_IDX,01/07/2025,09:14:47,4962.79,0,0,0,0,0,0
SELIPO.BSE_IDX,01/07/2025,09:14:55,4962.79,0,0,0,0,0,0
SELIPO.BSE_IDX,01/07/2025,09:15:04,4959.41,0,0,0,0,0,0
SELIPO.BSE_IDX,01/07/2025,09:15:11,4956.71,0,0,0,0,0,0
SELIPO.BSE_IDX,01/07/2025,09:15:19,4957.57,0,0,0,0,0,0
SELIPO.BSE_IDX,01/07/2025,09:15:27,4952.6,0,0,0,0,0,0
SELIPO.BSE_IDX,01/07/2025,09:15:35,4954.68,0,0,0,0,0,0
SELIPO.BSE_IDX,01/07/2025,09:15:43,4955.54,0,0,0,0,0,0
SELIPO.BSE_IDX,01/07/2025,09:15:51,4955.76,0,0,0,0,0,0
SELIPO.BSE_IDX,01/07/2025,09:15:59,4955.72,0,0,0,0,0,0
SELIPO.BSE_IDX,01/07/2025,09:16:07,4955.52,0,0,0,0,0,0
SELIPO.BSE_IDX,01/07/2025,09:16:15,4955.68,0,0,0,0,0,0
SELIPO.BSE_IDX,01/07/2025,09:16:24,4956.07,0,0,0,0,0,0
SELIPO.BSE_IDX,01/07/2025,09:16:31,4957.52,0,0,0,0,0,0
SELIPO.BSE_IDX,01/07/2025,09:16:39,4956.77,0,0,0,0,0,0
SELIPO.BSE_IDX,01/07/2025,09:16:48,4957.08,0,0,0,0,0,0
SELIPO.BSE_IDX,01/07/2025,09:16:55,4956.31,0,0,0,0,0,0
SELIPO.BSE_IDX,01/07/2025,09:17:03,4953.62,0,0,0,0,0,0
SELIPO.BSE_IDX,01/07/2025,09:17:12,4952.79,0,0,0,0,0,0
SELIPO.BSE_IDX,01/07/2025,09:17:19,4952.99,0,0,0,0,0,0
SELIPO.BSE_IDX,01/07/2025,09:17:27,4952.2,0,0,0,0,0,0
SELIPO.BSE_IDX,01/07/2025,09:17:35,4952.76,0,0,0,0,0,0
SELIPO.BSE_IDX,01/07/2025,09:17:44,4953.4,0,0,0,0,0,0
SELIPO.BSE_IDX,01/07/2025,09:17:51,4952.81,0,0,0,0,0,0
SELIPO.BSE_IDX,01/07/2025,09:17:59,4953.34,0,0,0,0,0,0
SELIPO.BSE_IDX,01/07/2025,09:18:07,4955.36,0,0,0,0,0,0
SELIPO.BSE_IDX,01/07/2025,09:18:15,4954.46,0,0,0,0,0,0
SELIPO.BSE_IDX,01/07/2025,09:18:23,4954.56,0,0,0,0,0,0
SELIPO.BSE_IDX,01/07/2025,09:18:31,4954.6,0,0,0,0,0,0
SELIPO.BSE_IDX,01/07/2025,09:18:39,4954.96,0,0,0,0,0,0
SELIPO.BSE_IDX,01/07/2025,09:18:47,4954.58,0,0,0,0,0,0
SELIPO.BSE_IDX,01/07/2025,09:18:56,4954.39,0,0,0,0,0,0
SELIPO.BSE_IDX,01/07/2025,09:19:03,4953.69,0,0,0,0,0,0
SELIPO.BSE_IDX,01/07/2025,09:19:11,4952.3,0,0,0,0,0,0
SELIPO.BSE_IDX,01/07/2025,09:19:19,4953.04,0,0,0,0,0,0
SELIPO.BSE_IDX,01/07/2025,09:19:28,4952.06,0,0,0,0,0,0
SELIPO.BSE_IDX,01/07/2025,09:19:35,4951.4,0,0,0,0,0,0
SELIPO.BSE_IDX,01/07/2025,09:19:43,4951.3,0,0,0,0,0,0
SELIPO.BSE_IDX,01/07/2025,09:19:52,4951.32,0,0,0,0,0,0
SELIPO.BSE_IDX,01/07/2025,09:19:59,4951.49,0,0,0,0,0,0
SELIPO.BSE_IDX,01/07/2025,09:20:07,4953.88,0,0,0,0,0,0
SELIPO.BSE_IDX,01/07/2025,09:20:15,4952.97,0,0,0,0,0,0
SELIPO.BSE_IDX,01/07/2025,09:20:24,4951.93,0,0,0,0,0,0
SELIPO.BSE_IDX,01/07/2025,09:20:31,4951.14,0,0,0,0,0,0
SELIPO.BSE_IDX,01/07/2025,09:20:39,4950.35,0,0,0,0,0,0
SELIPO.BSE_IDX,01/07/2025,09:20:47,4950.37,0,0,0,0,0,0
SELIPO.BSE_IDX,01/07/2025,09:20:55,4950.3,0,0,0,0,0,0
SELIPO.BSE_IDX,01/07/2025,09:21:03,4950.67,0,0,0,0,0,0
SELIPO.BSE_IDX,01/07/2025,09:21:11,4950.33,0,0,0,0,0,0
SELIPO.BSE_IDX,01/07/2025,09:21:19,4952.07,0,0,0,0,0,0
SELIPO.BSE_IDX,01/07/2025,09:21:27,4951.78,0,0,0,0,0,0
SELIPO.BSE_IDX,01/07/2025,09:21:36,4951.51,0,0,0,0,0,0
SELIPO.BSE_IDX,01/07/2025,09:21:43,4951.64,0,0,0,0,0,0
SELIPO.BSE_IDX,01/07/2025,09:21:51,4951.64,0,0,0,0,0,0
SELIPO.BSE_IDX,01/07/2025,09:22:00,4952.37,0,0,0,0,0,0
SELIPO.BSE_IDX,01/07/2025,09:22:07,4951.54,0,0,0,0,0,0
SELIPO.BSE_IDX,01/07/2025,09:22:15,4951.21,0,0,0,0,0,0
SELIPO.BSE_IDX,01/07/2025,09:22:23,4951.55,0,0,0,0,0,0
SELIPO.BSE_IDX,01/07/2025,09:22:31,4952.87,0,0,0,0,0,0
SELIPO.BSE_IDX,01/07/2025,09:22:39,4953.47,0,0,0,0,0,0
SELIPO.BSE_IDX,01/07/2025,09:22:47,4954.14,0,0,0,0,0,0
SELIPO.BSE_IDX,01/07/2025,09:22:55,4954.19,0,0,0,0,0,0
SELIPO.BSE_IDX,01/07/2025,09:23:03,4954.75,0,0,0,0,0,0
SELIPO.BSE_IDX,01/07/2025,09:23:11,4953.61,0,0,0,0,0,0
SELIPO.BSE_IDX,01/07/2025,09:23:20,4953.67,0,0,0,0,0,0
SELIPO.BSE_IDX,01/07/2025,09:23:27,4954.63,0,0,0,0,0,0
SELIPO.BSE_IDX,01/07/2025,09:23:35,4953.95,0,0,0,0,0,0
SELIPO.BSE_IDX,01/07/2025,09:23:44,4954.05,0,0,0,0,0,0
SELIPO.BSE_IDX,01/07/2025,09:23:51,4953.91,0,0,0,0,0,0
SELIPO.BSE_IDX,01/07/2025,09:23:59,4953.4,0,0,0,0,0,0
SELIPO.BSE_IDX,01/07/2025,09:24:08,4953.53,0,0,0,0,0,0
SELIPO.BSE_IDX,01/07/2025,09:24:16,4954.17,0,0,0,0,0,0
SELIPO.BSE_IDX,01/07/2025,09:24:23,4953.06,0,0,0,0,0,0
SELIPO.BSE_IDX,01/07/2025,09:24:32,4953.51,0,0,0,0,0,0
SELIPO.BSE_IDX,01/07/2025,09:24:39,4954.54,0,0,0,0,0,0
SELIPO.BSE_IDX,01/07/2025,09:24:48,4954.52,0,0,0,0,0,0
SELIPO.BSE_IDX,01/07/2025,09:24:57,4954.32,0,0,0,0,0,0
SELIPO.BSE_IDX,01/07/2025,09:25:03,4954.49,0,0,0,0,0,0
SELIPO.BSE_IDX,01/07/2025,09:25:12,4952.91,0,0,0,0,0,0
SELIPO.BSE_IDX,01/07/2025,09:25:20,4952.72,0,0,0,0,0,0
SELIPO.BSE_IDX,01/07/2025,09:25:29,4951.99,0,0,0,0,0,0
SELIPO.BSE_IDX,01/07/2025,09:25:35,4952.24,0,0,0,0,0,0
SELIPO.BSE_IDX,01/07/2025,09:25:43,4952.53,0,0,0,0,0,0
SELIPO.BSE_IDX,01/07/2025,09:25:51,4951.27,0,0,0,0,0,0
SELIPO.BSE_IDX,01/07/2025,09:25:59,4950.59,0,0,0,0,0,0
SELIPO.BSE_IDX,01/07/2025,09:26:08,4950.47,0,0,0,0,0,0
SELIPO.BSE_IDX,01/07/2025,09:26:15,4950.44,0,0,0,0,0,0
SELIPO.BSE_IDX,01/07/2025,09:26:24,4950.12,0,0,0,0,0,0
SELIPO.BSE_IDX,01/07/2025,09:26:31,4950.32,0,0,0,0,0,0
SELIPO.BSE_IDX,01/07/2025,09:26:40,4951.64,0,0,0,0,0,0
SELIPO.BSE_IDX,01/07/2025,09:26:48,4950.81,0,0,0,0,0,0
SELIPO.BSE_IDX,01/07/2025,09:26:55,4951.89,0,0,0,0,0,0
SELIPO.BSE_IDX,01/07/2025,09:27:04,4952.11,0,0,0,0,0,0
SELIPO.BSE_IDX,01/07/2025,09:27:12,4950.94,0,0,0,0,0,0
SELIPO.BSE_IDX,01/07/2025,09:27:19,4951.02,0,0,0,0,0,0
SELIPO.BSE_IDX,01/07/2025,09:27:28,4951.66,0,0,0,0,0,0
SELIPO.BSE_IDX,01/07/2025,09:27:36,4951.44,0,0,0,0,0,0
SELIPO.BSE_IDX,01/07/2025,09:27:44,4950.42,0,0,0,0,0,0
SELIPO.BSE_IDX,01/07/2025,09:27:52,4949.96,0,0,0,0,0,0
SELIPO.BSE_IDX,01/07/2025,09:28:00,4950.13,0,0,0,0,0,0
SELIPO.BSE_IDX,01/07/2025,09:28:08,4949.16,0,0,0,0,0,0
SELIPO.BSE_IDX,01/07/2025,09:28:16,4947.96,0,0,0,0,0,0
SELIPO.BSE_IDX,01/07/2025,09:28:24,4946.45,0,0,0,0,0,0
SELIPO.BSE_IDX,01/07/2025,09:28:32,4946.39,0,0,0,0,0,0
SELIPO.BSE_IDX,01/07/2025,09:28:40,4947.05,0,0,0,0,0,0
SELIPO.BSE_IDX,01/07/2025,09:28:48,4947.33,0,0,0,0,0,0
SELIPO.BSE_IDX,01/07/2025,09:28:56,4947.77,0,0,0,0,0,0
SELIPO.BSE_IDX,01/07/2025,09:29:04,4947.94,0,0,0,0,0,0
SELIPO.BSE_IDX,01/07/2025,09:29:12,4947.91,0,0,0,0,0,0
SELIPO.BSE_IDX,01/07/2025,09:29:20,4947.5,0,0,0,0,0,0
SELIPO.BSE_IDX,01/07/2025,09:29:28,4947.1,0,0,0,0,0,0
SELIPO.BSE_IDX,01/07/2025,09:29:36,4947.51,0,0,0,0,0,0
SELIPO.BSE_IDX,01/07/2025,09:29:44,4948.67,0,0,0,0,0,0
SELIPO.BSE_IDX,01/07/2025,09:29:52,4949.16,0,0,0,0,0,0
SELIPO.BSE_IDX,01/07/2025,09:30:00,4949.55,0,0,0,0,0,0
SELIPO.BSE_IDX,01/07/2025,09:30:08,4950.48,0,0,0,0,0,0
SELIPO.BSE_IDX,01/07/2025,09:30:16,4949.78,0,0,0,0,0,0
SELIPO.BSE_IDX,01/07/2025,09:30:24,4950.14,0,0,0,0,0,0
SELIPO.BSE_IDX,01/07/2025,09:30:32,4950.63,0,0,0,0,0,0
SELIPO.BSE_IDX,01/07/2025,09:30:40,4950.78,0,0,0,0,0,0
SELIPO.BSE_IDX,01/07/2025,09:30:48,4950.59,0,0,0,0,0,0
SELIPO.BSE_IDX,01/07/2025,09:30:56,4948.52,0,0,0,0,0,0
SELIPO.BSE_IDX,01/07/2025,09:31:04,4948.66,0,0,0,0,0,0
SELIPO.BSE_IDX,01/07/2025,09:31:12,4947.41,0,0,0,0,0,0
SELIPO.BSE_IDX,01/07/2025,09:31:20,4946.4,0,0,0,0,0,0
SELIPO.BSE_IDX,01/07/2025,09:31:28,4947.18,0,0,0,0,0,0
SELIPO.BSE_IDX,01/07/2025,09:31:36,4947.07,0,0,0,0,0,0
SELIPO.BSE_IDX,01/07/2025,09:31:44,4946.39,0,0,0,0,0,0
SELIPO.BSE_IDX,01/07/2025,09:31:52,4946.25,0,0,0,0,0,0
SELIPO.BSE_IDX,01/07/2025,09:32:00,4946.37,0,0,0,0,0,0
SELIPO.BSE_IDX,01/07/2025,09:32:08,4946.61,0,0,0,0,0,0
SELIPO.BSE_IDX,01/07/2025,09:32:16,4946.82,0,0,0,0,0,0
SELIPO.BSE_IDX,01/07/2025,09:32:24,4946.76,0,0,0,0,0,0
SELIPO.BSE_IDX,01/07/2025,09:32:32,4946.84,0,0,0,0,0,0
SELIPO.BSE_IDX,01/07/2025,09:32:40,4947.08,0,0,0,0,0,0
SELIPO.BSE_IDX,01/07/2025,09:32:48,4947.69,0,0,0,0,0,0
SELIPO.BSE_IDX,01/07/2025,09:32:56,4947.55,0,0,0,0,0,0
SELIPO.BSE_IDX,01/07/2025,09:33:04,4948.82,0,0,0,0,0,0
SELIPO.BSE_IDX,01/07/2025,09:33:12,4949.67,0,0,0,0,0,0
SELIPO.BSE_IDX,01/07/2025,09:33:20,4949.75,0,0,0,0,0,0
SELIPO.BSE_IDX,01/07/2025,09:33:28,4949.56,0,0,0,0,0,0
SELIPO.BSE_IDX,01/07/2025,09:33:36,4949.36,0,0,0,0,0,0
SELIPO.BSE_IDX,01/07/2025,09:33:44,4949.05,0,0,0,0,0,0
SELIPO.BSE_IDX,01/07/2025,09:33:52,4949.73,0,0,0,0,0,0
SELIPO.BSE_IDX,01/07/2025,09:34:00,4949.17,0,0,0,0,0,0
SELIPO.BSE_IDX,01/07/2025,09:34:08,4948.87,0,0,0,0,0,0
SELIPO.BSE_IDX,01/07/2025,09:34:16,4948.68,0,0,0,0,0,0
SELIPO.BSE_IDX,01/07/2025,09:34:24,4948.89,0,0,0,0,0,0
SELIPO.BSE_IDX,01/07/2025,09:34:32,4949.71,0,0,0,0,0,0
SELIPO.BSE_IDX,01/07/2025,09:34:40,4950.36,0,0,0,0,0,0
SELIPO.BSE_IDX,01/07/2025,09:34:48,4950.05,0,0,0,0,0,0
SELIPO.BSE_IDX,01/07/2025,09:34:56,4950.13,0,0,0,0,0,0
SELIPO.BSE_IDX,01/07/2025,09:35:05,4949.44,0,0,0,0,0,0
SELIPO.BSE_IDX,01/07/2025,09:35:12,4949.27,0,0,0,0,0,0
SELIPO.BSE_IDX,01/07/2025,09:35:20,4949.11,0,0,0,0,0,0
SELIPO.BSE_IDX,01/07/2025,09:35:28,4949.25,0,0,0,0,0,0
SELIPO.BSE_IDX,01/07/2025,09:35:36,4949.53,0,0,0,0,0,0
SELIPO.BSE_IDX,01/07/2025,09:35:44,4949.26,0,0,0,0,0,0
SELIPO.BSE_IDX,01/07/2025,09:35:52,4949.33,0,0,0,0,0,0
SELIPO.BSE_IDX,01/07/2025,09:36:00,4949.7,0,0,0,0,0,0
SELIPO.BSE_IDX,01/07/2025,09:36:08,4949.15,0,0,0,0,0,0
SELIPO.BSE_IDX,01/07/2025,09:36:16,4949,0,0,0,0,0,0
SELIPO.BSE_IDX,01/07/2025,09:36:24,4949.01,0,0,0,0,0,0
SELIPO.BSE_IDX,01/07/2025,09:36:33,4948.95,0,0,0,0,0,0
SELIPO.BSE_IDX,01/07/2025,09:36:40,4948.24,0,0,0,0,0,0
SELIPO.BSE_IDX,01/07/2025,09:36:48,4948.7,0,0,0,0,0,0
SELIPO.BSE_IDX,01/07/2025,09:36:56,4948.92,0,0,0,0,0,0
SELIPO.BSE_IDX,01/07/2025,09:37:04,4949.32,0,0,0,0,0,0
SELIPO.BSE_IDX,01/07/2025,09:37:12,4948.87,0,0,0,0,0,0
SELIPO.BSE_IDX,01/07/2025,09:37:20,4948.87,0,0,0,0,0,0
SELIPO.BSE_IDX,01/07/2025,09:37:28,4949.5,0,0,0,0,0,0
SELIPO.BSE_IDX,01/07/2025,09:37:36,4948.23,0,0,0,0,0,0
SELIPO.BSE_IDX,01/07/2025,09:37:44,4947.88,0,0,0,0,0,0
SELIPO.BSE_IDX,01/07/2025,09:37:52,4947.16,0,0,0,0,0,0
SELIPO.BSE_IDX,01/07/2025,09:38:00,4947.07,0,0,0,0,0,0
SELIPO.BSE_IDX,01/07/2025,09:38:08,4947.02,0,0,0,0,0,0
SELIPO.BSE_IDX,01/07/2025,09:38:16,4946.6,0,0,0,0,0,0
SELIPO.BSE_IDX,01/07/2025,09:38:24,4945.55,0,0,0,0,0,0
SELIPO.BSE_IDX,01/07/2025,09:38:32,4944.81,0,0,0,0,0,0
SELIPO.BSE_IDX,01/07/2025,09:38:40,4943.42,0,0,0,0,0,0
SELIPO.BSE_IDX,01/07/2025,09:38:48,4943.74,0,0,0,0,0,0
SELIPO.BSE_IDX,01/07/2025,09:38:56,4944.07,0,0,0,0,0,0
SELIPO.BSE_IDX,01/07/2025,09:39:04,4943.61,0,0,0,0,0,0
SELIPO.BSE_IDX,01/07/2025,09:39:12,4943.55,0,0,0,0,0,0
SELIPO.BSE_IDX,01/07/2025,09:39:20,4944.13,0,0,0,0,0,0
SELIPO.BSE_IDX,01/07/2025,09:39:28,4944.02,0,0,0,0,0,0
SELIPO.BSE_IDX,01/07/2025,09:39:36,4943.77,0,0,0,0,0,0
SELIPO.BSE_IDX,01/07/2025,09:39:44,4944.16,0,0,0,0,0,0
SELIPO.BSE_IDX,01/07/2025,09:39:52,4943.77,0,0,0,0,0,0
SELIPO.BSE_IDX,01/07/2025,09:40:00,4943.86,0,0,0,0,0,0
SELIPO.BSE_IDX,01/07/2025,09:40:08,4943.71,0,0,0,0,0,0
SELIPO.BSE_IDX,01/07/2025,09:40:16,4943.16,0,0,0,0,0,0
SELIPO.BSE_IDX,01/07/2025,09:40:24,4943.34,0,0,0,0,0,0
SELIPO.BSE_IDX,01/07/2025,09:40:32,4943.68,0,0,0,0,0,0
SELIPO.BSE_IDX,01/07/2025,09:40:40,4943.61,0,0,0,0,0,0
SELIPO.BSE_IDX,01/07/2025,09:40:48,4942.98,0,0,0,0,0,0
SELIPO.BSE_IDX,01/07/2025,09:40:56,4942.58,0,0,0,0,0,0
SELIPO.BSE_IDX,01/07/2025,09:41:04,4941.81,0,0,0,0,0,0
SELIPO.BSE_IDX,01/07/2025,09:41:12,4942.01,0,0,0,0,0,0
SELIPO.BSE_IDX,01/07/2025,09:41:20,4942.57,0,0,0,0,0,0
SELIPO.BSE_IDX,01/07/2025,09:41:28,4943.11,0,0,0,0,0,0
SELIPO.BSE_IDX,01/07/2025,09:41:36,4943.58,0,0,0,0,0,0
SELIPO.BSE_IDX,01/07/2025,09:41:44,4943.45,0,0,0,0,0,0
SELIPO.BSE_IDX,01/07/2025,09:41:52,4943.53,0,0,0,0,0,0
SELIPO.BSE_IDX,01/07/2025,09:42:00,4943.39,0,0,0,0,0,0
SELIPO.BSE_IDX,01/07/2025,09:42:08,4943.82,0,0,0,0,0,0
SELIPO.BSE_IDX,01/07/2025,09:42:16,4943.78,0,0,0,0,0,0
SELIPO.BSE_IDX,01/07/2025,09:42:24,4943.87,0,0,0,0,0,0
SELIPO.BSE_IDX,01/07/2025,09:42:32,4944.47,0,0,0,0,0,0
SELIPO.BSE_IDX,01/07/2025,09:42:40,4944.08,0,0,0,0,0,0
SELIPO.BSE_IDX,01/07/2025,09:42:48,4944.59,0,0,0,0,0,0
SELIPO.BSE_IDX,01/07/2025,09:42:56,4944.4,0,0,0,0,0,0
SELIPO.BSE_IDX,01/07/2025,09:43:04,4944.41,0,0,0,0,0,0
SELIPO.BSE_IDX,01/07/2025,09:43:12,4944.33,0,0,0,0,0,0
SELIPO.BSE_IDX,01/07/2025,09:43:20,4944.48,0,0,0,0,0,0
SELIPO.BSE_IDX,01/07/2025,09:43:28,4944.15,0,0,0,0,0,0
SELIPO.BSE_IDX,01/07/2025,09:43:36,4945.01,0,0,0,0,0,0
SELIPO.BSE_IDX,01/07/2025,09:43:44,4945.48,0,0,0,0,0,0
SELIPO.BSE_IDX,01/07/2025,09:43:53,4944.97,0,0,0,0,0,0
SELIPO.BSE_IDX,01/07/2025,09:44:00,4945.14,0,0,0,0,0,0
SELIPO.BSE_IDX,01/07/2025,09:44:08,4944.68,0,0,0,0,0,0
SELIPO.BSE_IDX,01/07/2025,09:44:16,4944.44,0,0,0,0,0,0
SELIPO.BSE_IDX,01/07/2025,09:44:24,4944.3,0,0,0,0,0,0
SELIPO.BSE_IDX,01/07/2025,09:44:32,4944.98,0,0,0,0,0,0
SELIPO.BSE_IDX,01/07/2025,09:44:40,4945.04,0,0,0,0,0,0
SELIPO.BSE_IDX,01/07/2025,09:44:48,4944.22,0,0,0,0,0,0
SELIPO.BSE_IDX,01/07/2025,09:44:56,4943.09,0,0,0,0,0,0
SELIPO.BSE_IDX,01/07/2025,09:45:05,4942.8,0,0,0,0,0,0
SELIPO.BSE_IDX,01/07/2025,09:45:12,4942.36,0,0,0,0,0,0
SELIPO.BSE_IDX,01/07/2025,09:45:20,4941.93,0,0,0,0,0,0
SELIPO.BSE_IDX,01/07/2025,09:45:28,4941.46,0,0,0,0,0,0
SELIPO.BSE_IDX,01/07/2025,09:45:36,4941.26,0,0,0,0,0,0
SELIPO.BSE_IDX,01/07/2025,09:45:44,4940.4,0,0,0,0,0,0
SELIPO.BSE_IDX,01/07/2025,09:45:52,4940.59,0,0,0,0,0,0
SELIPO.BSE_IDX,01/07/2025,09:46:01,4940.53,0,0,0,0,0,0
SELIPO.BSE_IDX,01/07/2025,09:46:08,4939.89,0,0,0,0,0,0
SELIPO.BSE_IDX,01/07/2025,09:46:16,4940.72,0,0,0,0,0,0
SELIPO.BSE_IDX,01/07/2025,09:46:24,4941.42,0,0,0,0,0,0
SELIPO.BSE_IDX,01/07/2025,09:46:32,4941.26,0,0,0,0,0,0
SELIPO.BSE_IDX,01/07/2025,09:46:40,4941.84,0,0,0,0,0,0
SELIPO.BSE_IDX,01/07/2025,09:46:48,4941.24,0,0,0,0,0,0
SELIPO.BSE_IDX,01/07/2025,09:46:56,4940.74,0,0,0,0,0,0
SELIPO.BSE_IDX,01/07/2025,09:47:04,4940.99,0,0,0,0,0,0
SELIPO.BSE_IDX,01/07/2025,09:47:12,4941.17,0,0,0,0,0,0
SELIPO.BSE_IDX,01/07/2025,09:47:20,4940.96,0,0,0,0,0,0
SELIPO.BSE_IDX,01/07/2025,09:47:28,4941.66,0,0,0,0,0,0
SELIPO.BSE_IDX,01/07/2025,09:47:36,4941.95,0,0,0,0,0,0
SELIPO.BSE_IDX,01/07/2025,09:47:44,4942.4,0,0,0,0,0,0
SELIPO.BSE_IDX,01/07/2025,09:47:52,4943.07,0,0,0,0,0,0
SELIPO.BSE_IDX,01/07/2025,09:48:00,4943.57,0,0,0,0,0,0
SELIPO.BSE_IDX,01/07/2025,09:48:08,4943.77,0,0,0,0,0,0
SELIPO.BSE_IDX,01/07/2025,09:48:16,4945.12,0,0,0,0,0,0
SELIPO.BSE_IDX,01/07/2025,09:48:24,4944.91,0,0,0,0,0,0
SELIPO.BSE_IDX,01/07/2025,09:48:32,4945.46,0,0,0,0,0,0
SELIPO.BSE_IDX,01/07/2025,09:48:40,4945.09,0,0,0,0,0,0
SELIPO.BSE_IDX,01/07/2025,09:48:48,4944.8,0,0,0,0,0,0
SELIPO.BSE_IDX,01/07/2025,09:48:56,4945.88,0,0,0,0,0,0
SELIPO.BSE_IDX,01/07/2025,09:49:04,4946.12,0,0,0,0,0,0
SELIPO.BSE_IDX,01/07/2025,09:49:12,4945.71,0,0,0,0,0,0
SELIPO.BSE_IDX,01/07/2025,09:49:20,4945.6,0,0,0,0,0,0
SELIPO.BSE_IDX,01/07/2025,09:49:28,4945.84,0,0,0,0,0,0
SELIPO.BSE_IDX,01/07/2025,09:49:36,4946.15,0,0,0,0,0,0
SELIPO.BSE_IDX,01/07/2025,09:49:44,4946.23,0,0,0,0,0,0
SELIPO.BSE_IDX,01/07/2025,09:49:52,4946.69,0,0,0,0,0,0
SELIPO.BSE_IDX,01/07/2025,09:50:00,4946.72,0,0,0,0,0,0
SELIPO.BSE_IDX,01/07/2025,09:50:08,4945.96,0,0,0,0,0,0
SELIPO.BSE_IDX,01/07/2025,09:50:16,4947.02,0,0,0,0,0,0
SELIPO.BSE_IDX,01/07/2025,09:50:24,4947.46,0,0,0,0,0,0
SELIPO.BSE_IDX,01/07/2025,09:50:32,4946.94,0,0,0,0,0,0
SELIPO.BSE_IDX,01/07/2025,09:50:40,4946.03,0,0,0,0,0,0
SELIPO.BSE_IDX,01/07/2025,09:50:48,4945.57,0,0,0,0,0,0
SELIPO.BSE_IDX,01/07/2025,09:50:57,4945.16,0,0,0,0,0,0
SELIPO.BSE_IDX,01/07/2025,09:51:04,4944.64,0,0,0,0,0,0
SELIPO.BSE_IDX,01/07/2025,09:51:12,4944.69,0,0,0,0,0,0
SELIPO.BSE_IDX,01/07/2025,09:51:20,4944.8,0,0,0,0,0,0
SELIPO.BSE_IDX,01/07/2025,09:51:28,4944.21,0,0,0,0,0,0
SELIPO.BSE_IDX,01/07/2025,09:51:37,4943.82,0,0,0,0,0,0
SELIPO.BSE_IDX,01/07/2025,09:51:44,4943.91,0,0,0,0,0,0
SELIPO.BSE_IDX,01/07/2025,09:51:52,4944.09,0,0,0,0,0,0
SELIPO.BSE_IDX,01/07/2025,09:52:01,4943.84,0,0,0,0,0,0
SELIPO.BSE_IDX,01/07/2025,09:52:08,4943.02,0,0,0,0,0,0
SELIPO.BSE_IDX,01/07/2025,09:52:17,4942.1,0,0,0,0,0,0
SELIPO.BSE_IDX,01/07/2025,09:52:24,4940.85,0,0,0,0,0,0
SELIPO.BSE_IDX,01/07/2025,09:52:32,4940.35,0,0,0,0,0,0
SELIPO.BSE_IDX,01/07/2025,09:52:40,4941.12,0,0,0,0,0,0
SELIPO.BSE_IDX,01/07/2025,09:52:48,4941.04,0,0,0,0,0,0
SELIPO.BSE_IDX,01/07/2025,09:52:57,4941.08,0,0,0,0,0,0
SELIPO.BSE_IDX,01/07/2025,09:53:04,4940.61,0,0,0,0,0,0
SELIPO.BSE_IDX,01/07/2025,09:53:13,4940.31,0,0,0,0,0,0
SELIPO.BSE_IDX,01/07/2025,09:53:20,4940.48,0,0,0,0,0,0
SELIPO.BSE_IDX,01/07/2025,09:53:28,4941.36,0,0,0,0,0,0
SELIPO.BSE_IDX,01/07/2025,09:53:36,4941.18,0,0,0,0,0,0
SELIPO.BSE_IDX,01/07/2025,09:53:44,4940.8,0,0,0,0,0,0
SELIPO.BSE_IDX,01/07/2025,09:53:52,4940.44,0,0,0,0,0,0
SELIPO.BSE_IDX,01/07/2025,09:54:00,4939.51,0,0,0,0,0,0
SELIPO.BSE_IDX,01/07/2025,09:54:08,4939.19,0,0,0,0,0,0
SELIPO.BSE_IDX,01/07/2025,09:54:16,4938.94,0,0,0,0,0,0
SELIPO.BSE_IDX,01/07/2025,09:54:24,4938.42,0,0,0,0,0,0
SELIPO.BSE_IDX,01/07/2025,09:54:32,4938.74,0,0,0,0,0,0
SELIPO.BSE_IDX,01/07/2025,09:54:40,4938.28,0,0,0,0,0,0
SELIPO.BSE_IDX,01/07/2025,09:54:48,4938.05,0,0,0,0,0,0
SELIPO.BSE_IDX,01/07/2025,09:54:56,4937.31,0,0,0,0,0,0
SELIPO.BSE_IDX,01/07/2025,09:55:04,4936.71,0,0,0,0,0,0
SELIPO.BSE_IDX,01/07/2025,09:55:12,4936.64,0,0,0,0,0,0
SELIPO.BSE_IDX,01/07/2025,09:55:20,4936.53,0,0,0,0,0,0
SELIPO.BSE_IDX,01/07/2025,09:55:28,4936.71,0,0,0,0,0,0
SELIPO.BSE_IDX,01/07/2025,09:55:36,4937.12,0,0,0,0,0,0
SELIPO.BSE_IDX,01/07/2025,09:55:44,4936.05,0,0,0,0,0,0
SELIPO.BSE_IDX,01/07/2025,09:55:52,4935.99,0,0,0,0,0,0
SELIPO.BSE_IDX,01/07/2025,09:56:00,4935.69,0,0,0,0,0,0
SELIPO.BSE_IDX,01/07/2025,09:56:08,4935.94,0,0,0,0,0,0
SELIPO.BSE_IDX,01/07/2025,09:56:16,4936.02,0,0,0,0,0,0
SELIPO.BSE_IDX,01/07/2025,09:56:25,4936.12,0,0,0,0,0,0
SELIPO.BSE_IDX,01/07/2025,09:56:33,4935.96,0,0,0,0,0,0
SELIPO.BSE_IDX,01/07/2025,09:56:41,4936.24,0,0,0,0,0,0
SELIPO.BSE_IDX,01/07/2025,09:56:48,4936.47,0,0,0,0,0,0
SELIPO.BSE_IDX,01/07/2025,09:56:57,4936.68,0,0,0,0,0,0
SELIPO.BSE_IDX,01/07/2025,09:57:04,4936.35,0,0,0,0,0,0
SELIPO.BSE_IDX,01/07/2025,09:57:12,4937.25,0,0,0,0,0,0
SELIPO.BSE_IDX,01/07/2025,09:57:20,4937.95,0,0,0,0,0,0
SELIPO.BSE_IDX,01/07/2025,09:57:28,4938.14,0,0,0,0,0,0
SELIPO.BSE_IDX,01/07/2025,09:57:36,4938.52,0,0,0,0,0,0
SELIPO.BSE_IDX,01/07/2025,09:57:44,4939.05,0,0,0,0,0,0
SELIPO.BSE_IDX,01/07/2025,09:57:52,4939.53,0,0,0,0,0,0
SELIPO.BSE_IDX,01/07/2025,09:58:00,4939.55,0,0,0,0,0,0
SELIPO.BSE_IDX,01/07/2025,09:58:08,4940.04,0,0,0,0,0,0
SELIPO.BSE_IDX,01/07/2025,09:58:16,4939.29,0,0,0,0,0,0
SELIPO.BSE_IDX,01/07/2025,09:58:24,4939.28,0,0,0,0,0,0
SELIPO.BSE_IDX,01/07/2025,09:58:32,4939.32,0,0,0,0,0,0
SELIPO.BSE_IDX,01/07/2025,09:58:40,4939.8,0,0,0,0,0,0
SELIPO.BSE_IDX,01/07/2025,09:58:48,4939.56,0,0,0,0,0,0
SELIPO.BSE_IDX,01/07/2025,09:58:56,4940.25,0,0,0,0,0,0
SELIPO.BSE_IDX,01/07/2025,09:59:05,4940.33,0,0,0,0,0,0
SELIPO.BSE_IDX,01/07/2025,09:59:12,4940.12,0,0,0,0,0,0
SELIPO.BSE_IDX,01/07/2025,09:59:20,4940.54,0,0,0,0,0,0
SELIPO.BSE_IDX,01/07/2025,09:59:28,4940.44,0,0,0,0,0,0
SELIPO.BSE_IDX,01/07/2025,09:59:36,4940.92,0,0,0,0,0,0
SELIPO.BSE_IDX,01/07/2025,09:59:45,4940.92,0,0,0,0,0,0
SELIPO.BSE_IDX,01/07/2025,09:59:52,4941.02,0,0,0,0,0,0
SELIPO.BSE_IDX,01/07/2025,10:00:01,4941.3,0,0,0,0,0,0
SELIPO.BSE_IDX,01/07/2025,10:00:08,4941.63,0,0,0,0,0,0
SELIPO.BSE_IDX,01/07/2025,10:00:16,4942.1,0,0,0,0,0,0
SELIPO.BSE_IDX,01/07/2025,10:00:25,4942.62,0,0,0,0,0,0
SELIPO.BSE_IDX,01/07/2025,10:00:32,4941.97,0,0,0,0,0,0
SELIPO.BSE_IDX,01/07/2025,10:00:40,4941.98,0,0,0,0,0,0
SELIPO.BSE_IDX,01/07/2025,10:00:49,4941.88,0,0,0,0,0,0
SELIPO.BSE_IDX,01/07/2025,10:00:57,4942.14,0,0,0,0,0,0
SELIPO.BSE_IDX,01/07/2025,10:01:04,4941.65,0,0,0,0,0,0
SELIPO.BSE_IDX,01/07/2025,10:01:12,4940.97,0,0,0,0,0,0
SELIPO.BSE_IDX,01/07/2025,10:01:21,4941.5,0,0,0,0,0,0
SELIPO.BSE_IDX,01/07/2025,10:01:29,4941.49,0,0,0,0,0,0
SELIPO.BSE_IDX,01/07/2025,10:01:37,4941.5,0,0,0,0,0,0
SELIPO.BSE_IDX,01/07/2025,10:01:44,4941.39,0,0,0,0,0,0
SELIPO.BSE_IDX,01/07/2025,10:01:52,4941.16,0,0,0,0,0,0
SELIPO.BSE_IDX,01/07/2025,10:02:00,4941.05,0,0,0,0,0,0
SELIPO.BSE_IDX,01/07/2025,10:02:09,4940.88,0,0,0,0,0,0
SELIPO.BSE_IDX,01/07/2025,10:02:17,4940.64,0,0,0,0,0,0
SELIPO.BSE_IDX,01/07/2025,10:02:24,4941.23,0,0,0,0,0,0
SELIPO.BSE_IDX,01/07/2025,10:02:32,4941.41,0,0,0,0,0,0
SELIPO.BSE_IDX,01/07/2025,10:02:41,4941.14,0,0,0,0,0,0
SELIPO.BSE_IDX,01/07/2025,10:02:49,4941.48,0,0,0,0,0,0
SELIPO.BSE_IDX,01/07/2025,10:02:57,4940.36,0,0,0,0,0,0
SELIPO.BSE_IDX,01/07/2025,10:03:04,4939.1,0,0,0,0,0,0
SELIPO.BSE_IDX,01/07/2025,10:03:13,4938.43,0,0,0,0,0,0
SELIPO.BSE_IDX,01/07/2025,10:03:20,4937.19,0,0,0,0,0,0
SELIPO.BSE_IDX,01/07/2025,10:03:29,4936.89,0,0,0,0,0,0
SELIPO.BSE_IDX,01/07/2025,10:03:37,4937.17,0,0,0,0,0,0
SELIPO.BSE_IDX,01/07/2025,10:03:45,4937,0,0,0,0,0,0
SELIPO.BSE_IDX,01/07/2025,10:03:53,4936.41,0,0,0,0,0,0
SELIPO.BSE_IDX,01/07/2025,10:04:01,4936.31,0,0,0,0,0,0
SELIPO.BSE_IDX,01/07/2025,10:04:09,4936.39,0,0,0,0,0,0
SELIPO.BSE_IDX,01/07/2025,10:04:17,4936.62,0,0,0,0,0,0
SELIPO.BSE_IDX,01/07/2025,10:04:25,4936.41,0,0,0,0,0,0
SELIPO.BSE_IDX,01/07/2025,10:04:33,4936.08,0,0,0,0,0,0
SELIPO.BSE_IDX,01/07/2025,10:04:41,4936.12,0,0,0,0,0,0
SELIPO.BSE_IDX,01/07/2025,10:04:50,4936.09,0,0,0,0,0,0
SELIPO.BSE_IDX,01/07/2025,10:04:57,4936.58,0,0,0,0,0,0
SELIPO.BSE_IDX,01/07/2025,10:05:05,4935.98,0,0,0,0,0,0
SELIPO.BSE_IDX,01/07/2025,10:05:14,4935.62,0,0,0,0,0,0
SELIPO.BSE_IDX,01/07/2025,10:05:21,4935.38,0,0,0,0,0,0
SELIPO.BSE_IDX,01/07/2025,10:05:29,4935.29,0,0,0,0,0,0
SELIPO.BSE_IDX,01/07/2025,10:05:37,4935.19,0,0,0,0,0,0
SELIPO.BSE_IDX,01/07/2025,10:05:45,4935.44,0,0,0,0,0,0
SELIPO.BSE_IDX,01/07/2025,10:05:53,4935.58,0,0,0,0,0,0
SELIPO.BSE_IDX,01/07/2025,10:06:01,4935.7,0,0,0,0,0,0
SELIPO.BSE_IDX,01/07/2025,10:06:09,4935.64,0,0,0,0,0,0
SELIPO.BSE_IDX,01/07/2025,10:06:17,4935.07,0,0,0,0,0,0
SELIPO.BSE_IDX,01/07/2025,10:06:25,4935.41,0,0,0,0,0,0
SELIPO.BSE_IDX,01/07/2025,10:06:33,4935.63,0,0,0,0,0,0
SELIPO.BSE_IDX,01/07/2025,10:06:41,4935.78,0,0,0,0,0,0
SELIPO.BSE_IDX,01/07/2025,10:06:49,4935.99,0,0,0,0,0,0
SELIPO.BSE_IDX,01/07/2025,10:06:57,4935.87,0,0,0,0,0,0
SELIPO.BSE_IDX,01/07/2025,10:07:05,4936.63,0,0,0,0,0,0
SELIPO.BSE_IDX,01/07/2025,10:07:13,4937,0,0,0,0,0,0
SELIPO.BSE_IDX,01/07/2025,10:07:21,4936.65,0,0,0,0,0,0
SELIPO.BSE_IDX,01/07/2025,10:07:29,4937.66,0,0,0,0,0,0
SELIPO.BSE_IDX,01/07/2025,10:07:37,4937.46,0,0,0,0,0,0
SELIPO.BSE_IDX,01/07/2025,10:07:45,4937.36,0,0,0,0,0,0
SELIPO.BSE_IDX,01/07/2025,10:07:53,4937.71,0,0,0,0,0,0
SELIPO.BSE_IDX,01/07/2025,10:08:01,4937.87,0,0,0,0,0,0
SELIPO.BSE_IDX,01/07/2025,10:08:09,4938.13,0,0,0,0,0,0
SELIPO.BSE_IDX,01/07/2025,10:08:17,4938.16,0,0,0,0,0,0
SELIPO.BSE_IDX,01/07/2025,10:08:25,4938.1,0,0,0,0,0,0
SELIPO.BSE_IDX,01/07/2025,10:08:33,4937.71,0,0,0,0,0,0
SELIPO.BSE_IDX,01/07/2025,10:08:41,4937.61,0,0,0,0,0,0
SELIPO.BSE_IDX,01/07/2025,10:08:49,4937.05,0,0,0,0,0,0
SELIPO.BSE_IDX,01/07/2025,10:08:57,4937.12,0,0,0,0,0,0
SELIPO.BSE_IDX,01/07/2025,10:09:05,4936.17,0,0,0,0,0,0
SELIPO.BSE_IDX,01/07/2025,10:09:13,4935.41,0,0,0,0,0,0
SELIPO.BSE_IDX,01/07/2025,10:09:21,4935.39,0,0,0,0,0,0
SELIPO.BSE_IDX,01/07/2025,10:09:29,4935.79,0,0,0,0,0,0
SELIPO.BSE_IDX,01/07/2025,10:09:37,4935.61,0,0,0,0,0,0
SELIPO.BSE_IDX,01/07/2025,10:09:45,4935.18,0,0,0,0,0,0
SELIPO.BSE_IDX,01/07/2025,10:09:53,4934.95,0,0,0,0,0,0
SELIPO.BSE_IDX,01/07/2025,10:10:01,4934.51,0,0,0,0,0,0
SELIPO.BSE_IDX,01/07/2025,10:10:09,4935.1,0,0,0,0,0,0
SELIPO.BSE_IDX,01/07/2025,10:10:17,4935.16,0,0,0,0,0,0
SELIPO.BSE_IDX,01/07/2025,10:10:25,4935.86,0,0,0,0,0,0
SELIPO.BSE_IDX,01/07/2025,10:10:33,4935.5,0,0,0,0,0,0
SELIPO.BSE_IDX,01/07/2025,10:10:41,4935.49,0,0,0,0,0,0
SELIPO.BSE_IDX,01/07/2025,10:10:49,4935.83,0,0,0,0,0,0
SELIPO.BSE_IDX,01/07/2025,10:10:57,4935.64,0,0,0,0,0,0
SELIPO.BSE_IDX,01/07/2025,10:11:05,4935.32,0,0,0,0,0,0
SELIPO.BSE_IDX,01/07/2025,10:11:13,4935.47,0,0,0,0,0,0
SELIPO.BSE_IDX,01/07/2025,10:11:22,4934.87,0,0,0,0,0,0
SELIPO.BSE_IDX,01/07/2025,10:11:29,4934.79,0,0,0,0,0,0
SELIPO.BSE_IDX,01/07/2025,10:11:37,4934.29,0,0,0,0,0,0
SELIPO.BSE_IDX,01/07/2025,10:11:45,4933.96,0,0,0,0,0,0
SELIPO.BSE_IDX,01/07/2025,10:11:53,4933.62,0,0,0,0,0,0
SELIPO.BSE_IDX,01/07/2025,10:12:01,4933.43,0,0,0,0,0,0
SELIPO.BSE_IDX,01/07/2025,10:12:09,4933.33,0,0,0,0,0,0
SELIPO.BSE_IDX,01/07/2025,10:12:17,4933.15,0,0,0,0,0,0
SELIPO.BSE_IDX,01/07/2025,10:12:25,4932.74,0,0,0,0,0,0
SELIPO.BSE_IDX,01/07/2025,10:12:33,4932.84,0,0,0,0,0,0
SELIPO.BSE_IDX,01/07/2025,10:12:41,4932.33,0,0,0,0,0,0
SELIPO.BSE_IDX,01/07/2025,10:12:49,4932.17,0,0,0,0,0,0
SELIPO.BSE_IDX,01/07/2025,10:12:57,4931.42,0,0,0,0,0,0
SELIPO.BSE_IDX,01/07/2025,10:13:05,4931.59,0,0,0,0,0,0
SELIPO.BSE_IDX,01/07/2025,10:13:13,4932.17,0,0,0,0,0,0
SELIPO.BSE_IDX,01/07/2025,10:13:21,4932.32,0,0,0,0,0,0
SELIPO.BSE_IDX,01/07/2025,10:13:29,4931.25,0,0,0,0,0,0
SELIPO.BSE_IDX,01/07/2025,10:13:37,4930.76,0,0,0,0,0,0
SELIPO.BSE_IDX,01/07/2025,10:13:45,4930.44,0,0,0,0,0,0
SELIPO.BSE_IDX,01/07/2025,10:13:53,4930.29,0,0,0,0,0,0
SELIPO.BSE_IDX,01/07/2025,10:14:01,4928.66,0,0,0,0,0,0
SELIPO.BSE_IDX,01/07/2025,10:14:09,4928.8,0,0,0,0,0,0
SELIPO.BSE_IDX,01/07/2025,10:14:17,4928.91,0,0,0,0,0,0
SELIPO.BSE_IDX,01/07/2025,10:14:25,4928.56,0,0,0,0,0,0
SELIPO.BSE_IDX,01/07/2025,10:14:33,4928.42,0,0,0,0,0,0
SELIPO.BSE_IDX,01/07/2025,10:14:41,4928.74,0,0,0,0,0,0
SELIPO.BSE_IDX,01/07/2025,10:14:49,4927.83,0,0,0,0,0,0
SELIPO.BSE_IDX,01/07/2025,10:14:57,4927.95,0,0,0,0,0,0
SELIPO.BSE_IDX,01/07/2025,10:15:05,4926.98,0,0,0,0,0,0
SELIPO.BSE_IDX,01/07/2025,10:15:13,4926.13,0,0,0,0,0,0
SELIPO.BSE_IDX,01/07/2025,10:15:21,4925.71,0,0,0,0,0,0
SELIPO.BSE_IDX,01/07/2025,10:15:29,4925.54,0,0,0,0,0,0
SELIPO.BSE_IDX,01/07/2025,10:15:37,4925.5,0,0,0,0,0,0
SELIPO.BSE_IDX,01/07/2025,10:15:45,4924.85,0,0,0,0,0,0
SELIPO.BSE_IDX,01/07/2025,10:15:53,4924.61,0,0,0,0,0,0
SELIPO.BSE_IDX,01/07/2025,10:16:01,4924.51,0,0,0,0,0,0
SELIPO.BSE_IDX,01/07/2025,10:16:09,4925.46,0,0,0,0,0,0
SELIPO.BSE_IDX,01/07/2025,10:16:17,4925.57,0,0,0,0,0,0
SELIPO.BSE_IDX,01/07/2025,10:16:25,4926.64,0,0,0,0,0,0
SELIPO.BSE_IDX,01/07/2025,10:16:33,4926.59,0,0,0,0,0,0
SELIPO.BSE_IDX,01/07/2025,10:16:41,4927.02,0,0,0,0,0,0
SELIPO.BSE_IDX,01/07/2025,10:16:49,4926.92,0,0,0,0,0,0
SELIPO.BSE_IDX,01/07/2025,10:16:57,4926.82,0,0,0,0,0,0
SELIPO.BSE_IDX,01/07/2025,10:17:05,4927.25,0,0,0,0,0,0
SELIPO.BSE_IDX,01/07/2025,10:17:13,4927.15,0,0,0,0,0,0
SELIPO.BSE_IDX,01/07/2025,10:17:21,4926.91,0,0,0,0,0,0
SELIPO.BSE_IDX,01/07/2025,10:17:29,4927.49,0,0,0,0,0,0
SELIPO.BSE_IDX,01/07/2025,10:17:37,4928.11,0,0,0,0,0,0
SELIPO.BSE_IDX,01/07/2025,10:17:45,4928.57,0,0,0,0,0,0
SELIPO.BSE_IDX,01/07/2025,10:17:53,4928.69,0,0,0,0,0,0
SELIPO.BSE_IDX,01/07/2025,10:18:01,4929.01,0,0,0,0,0,0
SELIPO.BSE_IDX,01/07/2025,10:18:09,4929.49,0,0,0,0,0,0
SELIPO.BSE_IDX,01/07/2025,10:18:17,4929.81,0,0,0,0,0,0
SELIPO.BSE_IDX,01/07/2025,10:18:25,4930.24,0,0,0,0,0,0
SELIPO.BSE_IDX,01/07/2025,10:18:33,4930.12,0,0,0,0,0,0
SELIPO.BSE_IDX,01/07/2025,10:18:41,4929.96,0,0,0,0,0,0
SELIPO.BSE_IDX,01/07/2025,10:18:49,4929.96,0,0,0,0,0,0
SELIPO.BSE_IDX,01/07/2025,10:18:57,4930.48,0,0,0,0,0,0
SELIPO.BSE_IDX,01/07/2025,10:19:05,4930.13,0,0,0,0,0,0
SELIPO.BSE_IDX,01/07/2025,10:19:13,4930.49,0,0,0,0,0,0
SELIPO.BSE_IDX,01/07/2025,10:19:21,4930.18,0,0,0,0,0,0
SELIPO.BSE_IDX,01/07/2025,10:19:29,4929.69,0,0,0,0,0,0
SELIPO.BSE_IDX,01/07/2025,10:19:37,4929.54,0,0,0,0,0,0
SELIPO.BSE_IDX,01/07/2025,10:19:45,4929.23,0,0,0,0,0,0
SELIPO.BSE_IDX,01/07/2025,10:19:53,4928.52,0,0,0,0,0,0
SELIPO.BSE_IDX,01/07/2025,10:20:01,4928.07,0,0,0,0,0,0
SELIPO.BSE_IDX,01/07/2025,10:20:09,4928.22,0,0,0,0,0,0
SELIPO.BSE_IDX,01/07/2025,10:20:17,4928.73,0,0,0,0,0,0
SELIPO.BSE_IDX,01/07/2025,10:20:25,4928.51,0,0,0,0,0,0
SELIPO.BSE_IDX,01/07/2025,10:20:33,4928.04,0,0,0,0,0,0
SELIPO.BSE_IDX,01/07/2025,10:20:41,4927.87,0,0,0,0,0,0
SELIPO.BSE_IDX,01/07/2025,10:20:49,4927.52,0,0,0,0,0,0
SELIPO.BSE_IDX,01/07/2025,10:20:57,4927.49,0,0,0,0,0,0
SELIPO.BSE_IDX,01/07/2025,10:21:05,4927.36,0,0,0,0,0,0
SELIPO.BSE_IDX,01/07/2025,10:21:13,4927.37,0,0,0,0,0,0
SELIPO.BSE_IDX,01/07/2025,10:21:21,4927.06,0,0,0,0,0,0
SELIPO.BSE_IDX,01/07/2025,10:21:29,4926.89,0,0,0,0,0,0
SELIPO.BSE_IDX,01/07/2025,10:21:37,4926.36,0,0,0,0,0,0
SELIPO.BSE_IDX,01/07/2025,10:21:45,4926.23,0,0,0,0,0,0
SELIPO.BSE_IDX,01/07/2025,10:21:53,4926.27,0,0,0,0,0,0
SELIPO.BSE_IDX,01/07/2025,10:22:01,4926.61,0,0,0,0,0,0
SELIPO.BSE_IDX,01/07/2025,10:22:09,4926.47,0,0,0,0,0,0
SELIPO.BSE_IDX,01/07/2025,10:22:17,4926.26,0,0,0,0,0,0
SELIPO.BSE_IDX,01/07/2025,10:22:25,4926.35,0,0,0,0,0,0
SELIPO.BSE_IDX,01/07/2025,10:22:33,4926.62,0,0,0,0,0,0
SELIPO.BSE_IDX,01/07/2025,10:22:41,4926.87,0,0,0,0,0,0
SELIPO.BSE_IDX,01/07/2025,10:22:49,4927.11,0,0,0,0,0,0
SELIPO.BSE_IDX,01/07/2025,10:22:57,4926.92,0,0,0,0,0,0
SELIPO.BSE_IDX,01/07/2025,10:23:05,4926.53,0,0,0,0,0,0
SELIPO.BSE_IDX,01/07/2025,10:23:13,4926.55,0,0,0,0,0,0
SELIPO.BSE_IDX,01/07/2025,10:23:21,4926.8,0,0,0,0,0,0
SELIPO.BSE_IDX,01/07/2025,10:23:29,4926.47,0,0,0,0,0,0
SELIPO.BSE_IDX,01/07/2025,10:23:37,4926.65,0,0,0,0,0,0
SELIPO.BSE_IDX,01/07/2025,10:23:45,4926.83,0,0,0,0,0,0
SELIPO.BSE_IDX,01/07/2025,10:23:53,4926.88,0,0,0,0,0,0
SELIPO.BSE_IDX,01/07/2025,10:24:01,4925.97,0,0,0,0,0,0
SELIPO.BSE_IDX,01/07/2025,10:24:09,4925.85,0,0,0,0,0,0
SELIPO.BSE_IDX,01/07/2025,10:24:17,4925.21,0,0,0,0,0,0
SELIPO.BSE_IDX,01/07/2025,10:24:25,4925.09,0,0,0,0,0,0
SELIPO.BSE_IDX,01/07/2025,10:24:33,4925.04,0,0,0,0,0,0
SELIPO.BSE_IDX,01/07/2025,10:24:41,4924.67,0,0,0,0,0,0
SELIPO.BSE_IDX,01/07/2025,10:24:49,4924.69,0,0,0,0,0,0
SELIPO.BSE_IDX,01/07/2025,10:24:57,4924.57,0,0,0,0,0,0
SELIPO.BSE_IDX,01/07/2025,10:25:05,4924.7,0,0,0,0,0,0
SELIPO.BSE_IDX,01/07/2025,10:25:13,4924.81,0,0,0,0,0,0
SELIPO.BSE_IDX,01/07/2025,10:25:21,4924.88,0,0,0,0,0,0
SELIPO.BSE_IDX,01/07/2025,10:25:29,4924.87,0,0,0,0,0,0
SELIPO.BSE_IDX,01/07/2025,10:25:37,4924.71,0,0,0,0,0,0
SELIPO.BSE_IDX,01/07/2025,10:25:45,4924.9,0,0,0,0,0,0
SELIPO.BSE_IDX,01/07/2025,10:25:53,4925.15,0,0,0,0,0,0
SELIPO.BSE_IDX,01/07/2025,10:26:01,4924.88,0,0,0,0,0,0
SELIPO.BSE_IDX,01/07/2025,10:26:09,4924.9,0,0,0,0,0,0
SELIPO.BSE_IDX,01/07/2025,10:26:17,4925.22,0,0,0,0,0,0
SELIPO.BSE_IDX,01/07/2025,10:26:25,4924.98,0,0,0,0,0,0
SELIPO.BSE_IDX,01/07/2025,10:26:33,4925.52,0,0,0,0,0,0
SELIPO.BSE_IDX,01/07/2025,10:26:41,4925.45,0,0,0,0,0,0
SELIPO.BSE_IDX,01/07/2025,10:26:49,4924.86,0,0,0,0,0,0
SELIPO.BSE_IDX,01/07/2025,10:26:57,4924.72,0,0,0,0,0,0
SELIPO.BSE_IDX,01/07/2025,10:27:05,4924.89,0,0,0,0,0,0
SELIPO.BSE_IDX,01/07/2025,10:27:13,4925.34,0,0,0,0,0,0
SELIPO.BSE_IDX,01/07/2025,10:27:21,4925.58,0,0,0,0,0,0
SELIPO.BSE_IDX,01/07/2025,10:27:29,4925.59,0,0,0,0,0,0
SELIPO.BSE_IDX,01/07/2025,10:27:37,4925.74,0,0,0,0,0,0
SELIPO.BSE_IDX,01/07/2025,10:27:45,4925.02,0,0,0,0,0,0
SELIPO.BSE_IDX,01/07/2025,10:27:53,4924.69,0,0,0,0,0,0
SELIPO.BSE_IDX,01/07/2025,10:28:01,4925.36,0,0,0,0,0,0
SELIPO.BSE_IDX,01/07/2025,10:28:09,4925.76,0,0,0,0,0,0
SELIPO.BSE_IDX,01/07/2025,10:28:17,4925.59,0,0,0,0,0,0
SELIPO.BSE_IDX,01/07/2025,10:28:25,4925.21,0,0,0,0,0,0
SELIPO.BSE_IDX,01/07/2025,10:28:33,4925.53,0,0,0,0,0,0
SELIPO.BSE_IDX,01/07/2025,10:28:41,4924.56,0,0,0,0,0,0
SELIPO.BSE_IDX,01/07/2025,10:28:49,4924.52,0,0,0,0,0,0
SELIPO.BSE_IDX,01/07/2025,10:28:57,4924.04,0,0,0,0,0,0
SELIPO.BSE_IDX,01/07/2025,10:29:05,4922.53,0,0,0,0,0,0
SELIPO.BSE_IDX,01/07/2025,10:29:13,4923.18,0,0,0,0,0,0
SELIPO.BSE_IDX,01/07/2025,10:29:21,4923.26,0,0,0,0,0,0
SELIPO.BSE_IDX,01/07/2025,10:29:29,4923.58,0,0,0,0,0,0
SELIPO.BSE_IDX,01/07/2025,10:29:37,4923.62,0,0,0,0,0,0
SELIPO.BSE_IDX,01/07/2025,10:29:46,4923.38,0,0,0,0,0,0
SELIPO.BSE_IDX,01/07/2025,10:29:54,4922.78,0,0,0,0,0,0
SELIPO.BSE_IDX,01/07/2025,10:30:01,4923.15,0,0,0,0,0,0
SELIPO.BSE_IDX,01/07/2025,10:30:09,4923.76,0,0,0,0,0,0
SELIPO.BSE_IDX,01/07/2025,10:30:17,4923.83,0,0,0,0,0,0
SELIPO.BSE_IDX,01/07/2025,10:30:25,4924.48,0,0,0,0,0,0
SELIPO.BSE_IDX,01/07/2025,10:30:33,4924.69,0,0,0,0,0,0
SELIPO.BSE_IDX,01/07/2025,10:30:41,4925.24,0,0,0,0,0,0
SELIPO.BSE_IDX,01/07/2025,10:30:49,4924.98,0,0,0,0,0,0
SELIPO.BSE_IDX,01/07/2025,10:30:57,4924.47,0,0,0,0,0,0
SELIPO.BSE_IDX,01/07/2025,10:31:05,4924.43,0,0,0,0,0,0
SELIPO.BSE_IDX,01/07/2025,10:31:13,4924.16,0,0,0,0,0,0
SELIPO.BSE_IDX,01/07/2025,10:31:22,4924.07,0,0,0,0,0,0
SELIPO.BSE_IDX,01/07/2025,10:31:29,4924.03,0,0,0,0,0,0
SELIPO.BSE_IDX,01/07/2025,10:31:37,4924.18,0,0,0,0,0,0
SELIPO.BSE_IDX,01/07/2025,10:31:46,4923.69,0,0,0,0,0,0
SELIPO.BSE_IDX,01/07/2025,10:31:53,4923.84,0,0,0,0,0,0
SELIPO.BSE_IDX,01/07/2025,10:32:01,4924.1,0,0,0,0,0,0
SELIPO.BSE_IDX,01/07/2025,10:32:10,4924.21,0,0,0,0,0,0
SELIPO.BSE_IDX,01/07/2025,10:32:17,4924.44,0,0,0,0,0,0
SELIPO.BSE_IDX,01/07/2025,10:32:25,4924.85,0,0,0,0,0,0
SELIPO.BSE_IDX,01/07/2025,10:32:33,4925.15,0,0,0,0,0,0
SELIPO.BSE_IDX,01/07/2025,10:32:41,4925.42,0,0,0,0,0,0
SELIPO.BSE_IDX,01/07/2025,10:32:49,4925.47,0,0,0,0,0,0
SELIPO.BSE_IDX,01/07/2025,10:32:57,4925.75,0,0,0,0,0,0
SELIPO.BSE_IDX,01/07/2025,10:33:06,4925.6,0,0,0,0,0,0
SELIPO.BSE_IDX,01/07/2025,10:33:13,4925.46,0,0,0,0,0,0
SELIPO.BSE_IDX,01/07/2025,10:33:22,4925.75,0,0,0,0,0,0
SELIPO.BSE_IDX,01/07/2025,10:33:29,4925.75,0,0,0,0,0,0
SELIPO.BSE_IDX,01/07/2025,10:33:37,4925.67,0,0,0,0,0,0
SELIPO.BSE_IDX,01/07/2025,10:33:45,4925.85,0,0,0,0,0,0
SELIPO.BSE_IDX,01/07/2025,10:33:53,4925.33,0,0,0,0,0,0
SELIPO.BSE_IDX,01/07/2025,10:34:01,4925.48,0,0,0,0,0,0
SELIPO.BSE_IDX,01/07/2025,10:34:09,4925.75,0,0,0,0,0,0
SELIPO.BSE_IDX,01/07/2025,10:34:17,4925.73,0,0,0,0,0,0
SELIPO.BSE_IDX,01/07/2025,10:34:25,4926.21,0,0,0,0,0,0
SELIPO.BSE_IDX,01/07/2025,10:34:33,4926.32,0,0,0,0,0,0
SELIPO.BSE_IDX,01/07/2025,10:34:41,4926.19,0,0,0,0,0,0
SELIPO.BSE_IDX,01/07/2025,10:34:49,4926.28,0,0,0,0,0,0
SELIPO.BSE_IDX,01/07/2025,10:34:58,4925.78,0,0,0,0,0,0
SELIPO.BSE_IDX,01/07/2025,10:35:06,4925.79,0,0,0,0,0,0
SELIPO.BSE_IDX,01/07/2025,10:35:14,4925.72,0,0,0,0,0,0
SELIPO.BSE_IDX,01/07/2025,10:35:21,4925.49,0,0,0,0,0,0
SELIPO.BSE_IDX,01/07/2025,10:35:29,4925.7,0,0,0,0,0,0
SELIPO.BSE_IDX,01/07/2025,10:35:37,4925.77,0,0,0,0,0,0
SELIPO.BSE_IDX,01/07/2025,10:35:45,4925.32,0,0,0,0,0,0
SELIPO.BSE_IDX,01/07/2025,10:35:54,4925.24,0,0,0,0,0,0
SELIPO.BSE_IDX,01/07/2025,10:36:02,4924.95,0,0,0,0,0,0
SELIPO.BSE_IDX,01/07/2025,10:36:10,4924.95,0,0,0,0,0,0
SELIPO.BSE_IDX,01/07/2025,10:36:18,4924.74,0,0,0,0,0,0
SELIPO.BSE_IDX,01/07/2025,10:36:25,4924.4,0,0,0,0,0,0
SELIPO.BSE_IDX,01/07/2025,10:36:34,4924.53,0,0,0,0,0,0
SELIPO.BSE_IDX,01/07/2025,10:36:42,4924.3,0,0,0,0,0,0
SELIPO.BSE_IDX,01/07/2025,10:36:49,4924.48,0,0,0,0,0,0
SELIPO.BSE_IDX,01/07/2025,10:36:58,4923.37,0,0,0,0,0,0
SELIPO.BSE_IDX,01/07/2025,10:37:06,4923.31,0,0,0,0,0,0
SELIPO.BSE_IDX,01/07/2025,10:37:14,4923.36,0,0,0,0,0,0
SELIPO.BSE_IDX,01/07/2025,10:37:22,4923.11,0,0,0,0,0,0
SELIPO.BSE_IDX,01/07/2025,10:37:30,4923.28,0,0,0,0,0,0
SELIPO.BSE_IDX,01/07/2025,10:37:38,4923.26,0,0,0,0,0,0
SELIPO.BSE_IDX,01/07/2025,10:37:46,4922.63,0,0,0,0,0,0
SELIPO.BSE_IDX,01/07/2025,10:37:54,4922.54,0,0,0,0,0,0
SELIPO.BSE_IDX,01/07/2025,10:38:02,4922.33,0,0,0,0,0,0
SELIPO.BSE_IDX,01/07/2025,10:38:10,4922.07,0,0,0,0,0,0
SELIPO.BSE_IDX,01/07/2025,10:38:18,4922.48,0,0,0,0,0,0
SELIPO.BSE_IDX,01/07/2025,10:38:26,4922.58,0,0,0,0,0,0
SELIPO.BSE_IDX,01/07/2025,10:38:34,4922.67,0,0,0,0,0,0
SELIPO.BSE_IDX,01/07/2025,10:38:42,4922.71,0,0,0,0,0,0
SELIPO.BSE_IDX,01/07/2025,10:38:50,4922.83,0,0,0,0,0,0
SELIPO.BSE_IDX,01/07/2025,10:38:58,4922.82,0,0,0,0,0,0
SELIPO.BSE_IDX,01/07/2025,10:39:06,4923.49,0,0,0,0,0,0
SELIPO.BSE_IDX,01/07/2025,10:39:14,4923.78,0,0,0,0,0,0
SELIPO.BSE_IDX,01/07/2025,10:39:22,4924.3,0,0,0,0,0,0
SELIPO.BSE_IDX,01/07/2025,10:39:30,4924.3,0,0,0,0,0,0
SELIPO.BSE_IDX,01/07/2025,10:39:38,4924.16,0,0,0,0,0,0
SELIPO.BSE_IDX,01/07/2025,10:39:46,4924.27,0,0,0,0,0,0
SELIPO.BSE_IDX,01/07/2025,10:39:54,4924.44,0,0,0,0,0,0
SELIPO.BSE_IDX,01/07/2025,10:40:02,4924.64,0,0,0,0,0,0
SELIPO.BSE_IDX,01/07/2025,10:40:10,4924.53,0,0,0,0,0,0
SELIPO.BSE_IDX,01/07/2025,10:40:18,4924.47,0,0,0,0,0,0
SELIPO.BSE_IDX,01/07/2025,10:40:26,4924,0,0,0,0,0,0
SELIPO.BSE_IDX,01/07/2025,10:40:34,4923.67,0,0,0,0,0,0
SELIPO.BSE_IDX,01/07/2025,10:40:42,4923.34,0,0,0,0,0,0
SELIPO.BSE_IDX,01/07/2025,10:40:50,4922.81,0,0,0,0,0,0
SELIPO.BSE_IDX,01/07/2025,10:40:58,4922.98,0,0,0,0,0,0
SELIPO.BSE_IDX,01/07/2025,10:41:06,4922.72,0,0,0,0,0,0
SELIPO.BSE_IDX,01/07/2025,10:41:14,4922.74,0,0,0,0,0,0
SELIPO.BSE_IDX,01/07/2025,10:41:22,4922.93,0,0,0,0,0,0
SELIPO.BSE_IDX,01/07/2025,10:41:30,4923.26,0,0,0,0,0,0
SELIPO.BSE_IDX,01/07/2025,10:41:38,4923.91,0,0,0,0,0,0
SELIPO.BSE_IDX,01/07/2025,10:41:46,4923.89,0,0,0,0,0,0
SELIPO.BSE_IDX,01/07/2025,10:41:54,4923.78,0,0,0,0,0,0
SELIPO.BSE_IDX,01/07/2025,10:42:02,4924.38,0,0,0,0,0,0
SELIPO.BSE_IDX,01/07/2025,10:42:10,4924.62,0,0,0,0,0,0
SELIPO.BSE_IDX,01/07/2025,10:42:18,4924.81,0,0,0,0,0,0
SELIPO.BSE_IDX,01/07/2025,10:42:26,4924.81,0,0,0,0,0,0
SELIPO.BSE_IDX,01/07/2025,10:42:34,4925.16,0,0,0,0,0,0
SELIPO.BSE_IDX,01/07/2025,10:42:42,4925.07,0,0,0,0,0,0
SELIPO.BSE_IDX,01/07/2025,10:42:50,4925.24,0,0,0,0,0,0
SELIPO.BSE_IDX,01/07/2025,10:42:58,4924.97,0,0,0,0,0,0
SELIPO.BSE_IDX,01/07/2025,10:43:06,4925.02,0,0,0,0,0,0
SELIPO.BSE_IDX,01/07/2025,10:43:14,4924.98,0,0,0,0,0,0
SELIPO.BSE_IDX,01/07/2025,10:43:22,4924.78,0,0,0,0,0,0
SELIPO.BSE_IDX,01/07/2025,10:43:30,4924.64,0,0,0,0,0,0
SELIPO.BSE_IDX,01/07/2025,10:43:38,4924.75,0,0,0,0,0,0
SELIPO.BSE_IDX,01/07/2025,10:43:46,4924.43,0,0,0,0,0,0
SELIPO.BSE_IDX,01/07/2025,10:43:54,4924.38,0,0,0,0,0,0
SELIPO.BSE_IDX,01/07/2025,10:44:02,4924.48,0,0,0,0,0,0
SELIPO.BSE_IDX,01/07/2025,10:44:10,4924.53,0,0,0,0,0,0
SELIPO.BSE_IDX,01/07/2025,10:44:18,4924.44,0,0,0,0,0,0
SELIPO.BSE_IDX,01/07/2025,10:44:26,4924.73,0,0,0,0,0,0
SELIPO.BSE_IDX,01/07/2025,10:44:34,4924.23,0,0,0,0,0,0
SELIPO.BSE_IDX,01/07/2025,10:44:42,4923.8,0,0,0,0,0,0
SELIPO.BSE_IDX,01/07/2025,10:44:50,4923.56,0,0,0,0,0,0
SELIPO.BSE_IDX,01/07/2025,10:44:58,4923.51,0,0,0,0,0,0
SELIPO.BSE_IDX,01/07/2025,10:45:07,4922.9,0,0,0,0,0,0
SELIPO.BSE_IDX,01/07/2025,10:45:14,4922.57,0,0,0,0,0,0
SELIPO.BSE_IDX,01/07/2025,10:45:22,4922.58,0,0,0,0,0,0
SELIPO.BSE_IDX,01/07/2025,10:45:30,4922.76,0,0,0,0,0,0
SELIPO.BSE_IDX,01/07/2025,10:45:38,4922.58,0,0,0,0,0,0
SELIPO.BSE_IDX,01/07/2025,10:45:46,4922.79,0,0,0,0,0,0
SELIPO.BSE_IDX,01/07/2025,10:45:54,4922.79,0,0,0,0,0,0
SELIPO.BSE_IDX,01/07/2025,10:46:02,4922.44,0,0,0,0,0,0
SELIPO.BSE_IDX,01/07/2025,10:46:10,4921.99,0,0,0,0,0,0
SELIPO.BSE_IDX,01/07/2025,10:46:18,4921.55,0,0,0,0,0,0
SELIPO.BSE_IDX,01/07/2025,10:46:26,4921.42,0,0,0,0,0,0
SELIPO.BSE_IDX,01/07/2025,10:46:34,4921.45,0,0,0,0,0,0
SELIPO.BSE_IDX,01/07/2025,10:46:42,4921.69,0,0,0,0,0,0
SELIPO.BSE_IDX,01/07/2025,10:46:50,4921.53,0,0,0,0,0,0
SELIPO.BSE_IDX,01/07/2025,10:46:58,4921.46,0,0,0,0,0,0
SELIPO.BSE_IDX,01/07/2025,10:47:06,4921.3,0,0,0,0,0,0
SELIPO.BSE_IDX,01/07/2025,10:47:14,4921.59,0,0,0,0,0,0
SELIPO.BSE_IDX,01/07/2025,10:47:22,4921.6,0,0,0,0,0,0
SELIPO.BSE_IDX,01/07/2025,10:47:30,4921.85,0,0,0,0,0,0
SELIPO.BSE_IDX,01/07/2025,10:47:38,4922.41,0,0,0,0,0,0
SELIPO.BSE_IDX,01/07/2025,10:47:46,4922.5,0,0,0,0,0,0
SELIPO.BSE_IDX,01/07/2025,10:47:54,4922.69,0,0,0,0,0,0
SELIPO.BSE_IDX,01/07/2025,10:48:02,4922.97,0,0,0,0,0,0
SELIPO.BSE_IDX,01/07/2025,10:48:10,4922.76,0,0,0,0,0,0
SELIPO.BSE_IDX,01/07/2025,10:48:18,4923.56,0,0,0,0,0,0
SELIPO.BSE_IDX,01/07/2025,10:48:26,4923.79,0,0,0,0,0,0
SELIPO.BSE_IDX,01/07/2025,10:48:34,4923.97,0,0,0,0,0,0
SELIPO.BSE_IDX,01/07/2025,10:48:42,4923.72,0,0,0,0,0,0
SELIPO.BSE_IDX,01/07/2025,10:48:50,4923.64,0,0,0,0,0,0
SELIPO.BSE_IDX,01/07/2025,10:48:58,4923.58,0,0,0,0,0,0
SELIPO.BSE_IDX,01/07/2025,10:49:06,4923.13,0,0,0,0,0,0
SELIPO.BSE_IDX,01/07/2025,10:49:14,4922.46,0,0,0,0,0,0
SELIPO.BSE_IDX,01/07/2025,10:49:22,4922.55,0,0,0,0,0,0
SELIPO.BSE_IDX,01/07/2025,10:49:30,4922.16,0,0,0,0,0,0
SELIPO.BSE_IDX,01/07/2025,10:49:38,4921.79,0,0,0,0,0,0
SELIPO.BSE_IDX,01/07/2025,10:49:46,4922.06,0,0,0,0,0,0
SELIPO.BSE_IDX,01/07/2025,10:49:54,4921.94,0,0,0,0,0,0
SELIPO.BSE_IDX,01/07/2025,10:50:02,4922.06,0,0,0,0,0,0
SELIPO.BSE_IDX,01/07/2025,10:50:10,4921.29,0,0,0,0,0,0
SELIPO.BSE_IDX,01/07/2025,10:50:18,4921.15,0,0,0,0,0,0
SELIPO.BSE_IDX,01/07/2025,10:50:26,4920.6,0,0,0,0,0,0
SELIPO.BSE_IDX,01/07/2025,10:50:34,4920.42,0,0,0,0,0,0
SELIPO.BSE_IDX,01/07/2025,10:50:42,4920.33,0,0,0,0,0,0
SELIPO.BSE_IDX,01/07/2025,10:50:50,4920.18,0,0,0,0,0,0
SELIPO.BSE_IDX,01/07/2025,10:50:58,4920.25,0,0,0,0,0,0
SELIPO.BSE_IDX,01/07/2025,10:51:06,4920.55,0,0,0,0,0,0
SELIPO.BSE_IDX,01/07/2025,10:51:14,4920.76,0,0,0,0,0,0
SELIPO.BSE_IDX,01/07/2025,10:51:22,4920.85,0,0,0,0,0,0
SELIPO.BSE_IDX,01/07/2025,10:51:30,4920.72,0,0,0,0,0,0
SELIPO.BSE_IDX,01/07/2025,10:51:38,4920.71,0,0,0,0,0,0
SELIPO.BSE_IDX,01/07/2025,10:51:46,4920.57,0,0,0,0,0,0
SELIPO.BSE_IDX,01/07/2025,10:51:54,4920.13,0,0,0,0,0,0
SELIPO.BSE_IDX,01/07/2025,10:52:02,4919.77,0,0,0,0,0,0
SELIPO.BSE_IDX,01/07/2025,10:52:10,4919.79,0,0,0,0,0,0
SELIPO.BSE_IDX,01/07/2025,10:52:18,4919.66,0,0,0,0,0,0
SELIPO.BSE_IDX,01/07/2025,10:52:26,4919.27,0,0,0,0,0,0
SELIPO.BSE_IDX,01/07/2025,10:52:34,4919.26,0,0,0,0,0,0
SELIPO.BSE_IDX,01/07/2025,10:52:43,4918.91,0,0,0,0,0,0
SELIPO.BSE_IDX,01/07/2025,10:52:50,4918.31,0,0,0,0,0,0
SELIPO.BSE_IDX,01/07/2025,10:52:58,4917.72,0,0,0,0,0,0
SELIPO.BSE_IDX,01/07/2025,10:53:06,4917.34,0,0,0,0,0,0
SELIPO.BSE_IDX,01/07/2025,10:53:14,4917.04,0,0,0,0,0,0
SELIPO.BSE_IDX,01/07/2025,10:53:22,4917.09,0,0,0,0,0,0
SELIPO.BSE_IDX,01/07/2025,10:53:30,4917.06,0,0,0,0,0,0
SELIPO.BSE_IDX,01/07/2025,10:53:38,4916.96,0,0,0,0,0,0
SELIPO.BSE_IDX,01/07/2025,10:53:46,4917.39,0,0,0,0,0,0
SELIPO.BSE_IDX,01/07/2025,10:53:54,4917.23,0,0,0,0,0,0
SELIPO.BSE_IDX,01/07/2025,10:54:02,4917.4,0,0,0,0,0,0
SELIPO.BSE_IDX,01/07/2025,10:54:10,4917.34,0,0,0,0,0,0
SELIPO.BSE_IDX,01/07/2025,10:54:18,4916.99,0,0,0,0,0,0
SELIPO.BSE_IDX,01/07/2025,10:54:26,4917,0,0,0,0,0,0
SELIPO.BSE_IDX,01/07/2025,10:54:34,4917.57,0,0,0,0,0,0
SELIPO.BSE_IDX,01/07/2025,10:54:42,4918.04,0,0,0,0,0,0
SELIPO.BSE_IDX,01/07/2025,10:54:51,4918.4,0,0,0,0,0,0
SELIPO.BSE_IDX,01/07/2025,10:54:58,4917.97,0,0,0,0,0,0
SELIPO.BSE_IDX,01/07/2025,10:55:06,4917.84,0,0,0,0,0,0
SELIPO.BSE_IDX,01/07/2025,10:55:14,4918.01,0,0,0,0,0,0
SELIPO.BSE_IDX,01/07/2025,10:55:22,4917.38,0,0,0,0,0,0
SELIPO.BSE_IDX,01/07/2025,10:55:30,4917.42,0,0,0,0,0,0
SELIPO.BSE_IDX,01/07/2025,10:55:38,4917.58,0,0,0,0,0,0
SELIPO.BSE_IDX,01/07/2025,10:55:46,4917.27,0,0,0,0,0,0
SELIPO.BSE_IDX,01/07/2025,10:55:54,4916.72,0,0,0,0,0,0
SELIPO.BSE_IDX,01/07/2025,10:56:02,4916.77,0,0,0,0,0,0
SELIPO.BSE_IDX,01/07/2025,10:56:10,4916.37,0,0,0,0,0,0
SELIPO.BSE_IDX,01/07/2025,10:56:18,4916.58,0,0,0,0,0,0
SELIPO.BSE_IDX,01/07/2025,10:56:26,4916.29,0,0,0,0,0,0
SELIPO.BSE_IDX,01/07/2025,10:56:34,4916.62,0,0,0,0,0,0
SELIPO.BSE_IDX,01/07/2025,10:56:42,4916.47,0,0,0,0,0,0
SELIPO.BSE_IDX,01/07/2025,10:56:50,4916.3,0,0,0,0,0,0
SELIPO.BSE_IDX,01/07/2025,10:56:58,4916.23,0,0,0,0,0,0
SELIPO.BSE_IDX,01/07/2025,10:57:06,4914.93,0,0,0,0,0,0
SELIPO.BSE_IDX,01/07/2025,10:57:14,4914.39,0,0,0,0,0,0
SELIPO.BSE_IDX,01/07/2025,10:57:22,4914.49,0,0,0,0,0,0
SELIPO.BSE_IDX,01/07/2025,10:57:30,4914.67,0,0,0,0,0,0
SELIPO.BSE_IDX,01/07/2025,10:57:39,4915.59,0,0,0,0,0,0
SELIPO.BSE_IDX,01/07/2025,10:57:46,4915.5,0,0,0,0,0,0
SELIPO.BSE_IDX,01/07/2025,10:57:54,4915.22,0,0,0,0,0,0
SELIPO.BSE_IDX,01/07/2025,10:58:02,4915.21,0,0,0,0,0,0
SELIPO.BSE_IDX,01/07/2025,10:58:10,4915.73,0,0,0,0,0,0
SELIPO.BSE_IDX,01/07/2025,10:58:18,4915.87,0,0,0,0,0,0
SELIPO.BSE_IDX,01/07/2025,10:58:26,4915.8,0,0,0,0,0,0
SELIPO.BSE_IDX,01/07/2025,10:58:34,4915.94,0,0,0,0,0,0
SELIPO.BSE_IDX,01/07/2025,10:58:42,4916.11,0,0,0,0,0,0
SELIPO.BSE_IDX,01/07/2025,10:58:50,4915.85,0,0,0,0,0,0
SELIPO.BSE_IDX,01/07/2025,10:58:58,4915.56,0,0,0,0,0,0
SELIPO.BSE_IDX,01/07/2025,10:59:06,4915.17,0,0,0,0,0,0
SELIPO.BSE_IDX,01/07/2025,10:59:14,4915.52,0,0,0,0,0,0
SELIPO.BSE_IDX,01/07/2025,10:59:22,4915.48,0,0,0,0,0,0
SELIPO.BSE_IDX,01/07/2025,10:59:30,4915.25,0,0,0,0,0,0
SELIPO.BSE_IDX,01/07/2025,10:59:38,4914.97,0,0,0,0,0,0
SELIPO.BSE_IDX,01/07/2025,10:59:47,4914.72,0,0,0,0,0,0
SELIPO.BSE_IDX,01/07/2025,10:59:55,4914.35,0,0,0,0,0,0
SELIPO.BSE_IDX,01/07/2025,11:00:03,4914.9,0,0,0,0,0,0
SELIPO.BSE_IDX,01/07/2025,11:00:11,4914.88,0,0,0,0,0,0
SELIPO.BSE_IDX,01/07/2025,11:00:18,4915.09,0,0,0,0,0,0
SELIPO.BSE_IDX,01/07/2025,11:00:26,4915.6,0,0,0,0,0,0
SELIPO.BSE_IDX,01/07/2025,11:00:34,4915.21,0,0,0,0,0,0
SELIPO.BSE_IDX,01/07/2025,11:00:42,4914.91,0,0,0,0,0,0
SELIPO.BSE_IDX,01/07/2025,11:00:50,4914.63,0,0,0,0,0,0
SELIPO.BSE_IDX,01/07/2025,11:00:58,4914.86,0,0,0,0,0,0
SELIPO.BSE_IDX,01/07/2025,11:01:06,4914.72,0,0,0,0,0,0
SELIPO.BSE_IDX,01/07/2025,11:01:15,4914.4,0,0,0,0,0,0
SELIPO.BSE_IDX,01/07/2025,11:01:22,4914.94,0,0,0,0,0,0
SELIPO.BSE_IDX,01/07/2025,11:01:30,4915.86,0,0,0,0,0,0
SELIPO.BSE_IDX,01/07/2025,11:01:38,4916.06,0,0,0,0,0,0
SELIPO.BSE_IDX,01/07/2025,11:01:46,4916.37,0,0,0,0,0,0
SELIPO.BSE_IDX,01/07/2025,11:01:54,4915.45,0,0,0,0,0,0
SELIPO.BSE_IDX,01/07/2025,11:02:02,4915.43,0,0,0,0,0,0
SELIPO.BSE_IDX,01/07/2025,11:02:10,4915.61,0,0,0,0,0,0
SELIPO.BSE_IDX,01/07/2025,11:02:18,4915.56,0,0,0,0,0,0
SELIPO.BSE_IDX,01/07/2025,11:02:27,4915.66,0,0,0,0,0,0
SELIPO.BSE_IDX,01/07/2025,11:02:34,4915.33,0,0,0,0,0,0
SELIPO.BSE_IDX,01/07/2025,11:02:42,4915.16,0,0,0,0,0,0
SELIPO.BSE_IDX,01/07/2025,11:02:51,4914.89,0,0,0,0,0,0
SELIPO.BSE_IDX,01/07/2025,11:02:58,4914.77,0,0,0,0,0,0
SELIPO.BSE_IDX,01/07/2025,11:03:06,4914.65,0,0,0,0,0,0
SELIPO.BSE_IDX,01/07/2025,11:03:14,4914.08,0,0,0,0,0,0
SELIPO.BSE_IDX,01/07/2025,11:03:22,4913.8,0,0,0,0,0,0
SELIPO.BSE_IDX,01/07/2025,11:03:31,4914.01,0,0,0,0,0,0
SELIPO.BSE_IDX,01/07/2025,11:03:38,4914.15,0,0,0,0,0,0
SELIPO.BSE_IDX,01/07/2025,11:03:46,4913.81,0,0,0,0,0,0
SELIPO.BSE_IDX,01/07/2025,11:03:54,4913.87,0,0,0,0,0,0
SELIPO.BSE_IDX,01/07/2025,11:04:02,4913.92,0,0,0,0,0,0
SELIPO.BSE_IDX,01/07/2025,11:04:10,4913.67,0,0,0,0,0,0
SELIPO.BSE_IDX,01/07/2025,11:04:18,4913.65,0,0,0,0,0,0
SELIPO.BSE_IDX,01/07/2025,11:04:27,4912.83,0,0,0,0,0,0
SELIPO.BSE_IDX,01/07/2025,11:04:34,4912.88,0,0,0,0,0,0
SELIPO.BSE_IDX,01/07/2025,11:04:42,4912.94,0,0,0,0,0,0
SELIPO.BSE_IDX,01/07/2025,11:04:51,4913.18,0,0,0,0,0,0
SELIPO.BSE_IDX,01/07/2025,11:04:58,4913.31,0,0,0,0,0,0
SELIPO.BSE_IDX,01/07/2025,11:05:06,4913.54,0,0,0,0,0,0
SELIPO.BSE_IDX,01/07/2025,11:05:14,4913.87,0,0,0,0,0,0
SELIPO.BSE_IDX,01/07/2025,11:05:22,4914.48,0,0,0,0,0,0
SELIPO.BSE_IDX,01/07/2025,11:05:31,4915.32,0,0,0,0,0,0
SELIPO.BSE_IDX,01/07/2025,11:05:39,4915.48,0,0,0,0,0,0
SELIPO.BSE_IDX,01/07/2025,11:05:46,4915.97,0,0,0,0,0,0
SELIPO.BSE_IDX,01/07/2025,11:05:54,4915.98,0,0,0,0,0,0
SELIPO.BSE_IDX,01/07/2025,11:06:03,4916.18,0,0,0,0,0,0
SELIPO.BSE_IDX,01/07/2025,11:06:11,4916.1,0,0,0,0,0,0
SELIPO.BSE_IDX,01/07/2025,11:06:19,4916.5,0,0,0,0,0,0
SELIPO.BSE_IDX,01/07/2025,11:06:27,4916.69,0,0,0,0,0,0
SELIPO.BSE_IDX,01/07/2025,11:06:34,4916.77,0,0,0,0,0,0
SELIPO.BSE_IDX,01/07/2025,11:06:43,4916.91,0,0,0,0,0,0
SELIPO.BSE_IDX,01/07/2025,11:06:51,4917.04,0,0,0,0,0,0
SELIPO.BSE_IDX,01/07/2025,11:06:58,4916.83,0,0,0,0,0,0
SELIPO.BSE_IDX,01/07/2025,11:07:06,4917.37,0,0,0,0,0,0
SELIPO.BSE_IDX,01/07/2025,11:07:15,4917.31,0,0,0,0,0,0
SELIPO.BSE_IDX,01/07/2025,11:07:22,4917.51,0,0,0,0,0,0
SELIPO.BSE_IDX,01/07/2025,11:07:31,4917.2,0,0,0,0,0,0
SELIPO.BSE_IDX,01/07/2025,11:07:39,4917.34,0,0,0,0,0,0
SELIPO.BSE_IDX,01/07/2025,11:07:46,4917.48,0,0,0,0,0,0
SELIPO.BSE_IDX,01/07/2025,11:07:55,4917.25,0,0,0,0,0,0
SELIPO.BSE_IDX,01/07/2025,11:08:02,4917.6,0,0,0,0,0,0
SELIPO.BSE_IDX,01/07/2025,11:08:11,4917.81,0,0,0,0,0,0
SELIPO.BSE_IDX,01/07/2025,11:08:18,4917.98,0,0,0,0,0,0
SELIPO.BSE_IDX,01/07/2025,11:08:27,4918.27,0,0,0,0,0,0
SELIPO.BSE_IDX,01/07/2025,11:08:35,4918.33,0,0,0,0,0,0
SELIPO.BSE_IDX,01/07/2025,11:08:43,4918.3,0,0,0,0,0,0
SELIPO.BSE_IDX,01/07/2025,11:08:51,4918.7,0,0,0,0,0,0
SELIPO.BSE_IDX,01/07/2025,11:08:58,4919.06,0,0,0,0,0,0
SELIPO.BSE_IDX,01/07/2025,11:09:07,4919.07,0,0,0,0,0,0
SELIPO.BSE_IDX,01/07/2025,11:09:15,4918.86,0,0,0,0,0,0
SELIPO.BSE_IDX,01/07/2025,11:09:23,4918.71,0,0,0,0,0,0
SELIPO.BSE_IDX,01/07/2025,11:09:31,4918.6,0,0,0,0,0,0
SELIPO.BSE_IDX,01/07/2025,11:09:39,4918.64,0,0,0,0,0,0
SELIPO.BSE_IDX,01/07/2025,11:09:47,4918.58,0,0,0,0,0,0
SELIPO.BSE_IDX,01/07/2025,11:09:55,4918.58,0,0,0,0,0,0
SELIPO.BSE_IDX,01/07/2025,11:10:03,4918.24,0,0,0,0,0,0
SELIPO.BSE_IDX,01/07/2025,11:10:11,4918.19,0,0,0,0,0,0
SELIPO.BSE_IDX,01/07/2025,11:10:19,4918.17,0,0,0,0,0,0
SELIPO.BSE_IDX,01/07/2025,11:10:27,4918.17,0,0,0,0,0,0
SELIPO.BSE_IDX,01/07/2025,11:10:35,4918.06,0,0,0,0,0,0
SELIPO.BSE_IDX,01/07/2025,11:10:43,4918.36,0,0,0,0,0,0
SELIPO.BSE_IDX,01/07/2025,11:10:51,4918.29,0,0,0,0,0,0
SELIPO.BSE_IDX,01/07/2025,11:10:59,4918.72,0,0,0,0,0,0
SELIPO.BSE_IDX,01/07/2025,11:11:07,4918.6,0,0,0,0,0,0
SELIPO.BSE_IDX,01/07/2025,11:11:15,4918.72,0,0,0,0,0,0
SELIPO.BSE_IDX,01/07/2025,11:11:23,4918.84,0,0,0,0,0,0
SELIPO.BSE_IDX,01/07/2025,11:11:31,4919.25,0,0,0,0,0,0
SELIPO.BSE_IDX,01/07/2025,11:11:39,4919.58,0,0,0,0,0,0
SELIPO.BSE_IDX,01/07/2025,11:11:47,4919.78,0,0,0,0,0,0
SELIPO.BSE_IDX,01/07/2025,11:11:55,4920.16,0,0,0,0,0,0
SELIPO.BSE_IDX,01/07/2025,11:12:03,4921.24,0,0,0,0,0,0
SELIPO.BSE_IDX,01/07/2025,11:12:11,4920.8,0,0,0,0,0,0
SELIPO.BSE_IDX,01/07/2025,11:12:19,4920.55,0,0,0,0,0,0
SELIPO.BSE_IDX,01/07/2025,11:12:27,4920.3,0,0,0,0,0,0
SELIPO.BSE_IDX,01/07/2025,11:12:35,4920.05,0,0,0,0,0,0
SELIPO.BSE_IDX,01/07/2025,11:12:43,4920.51,0,0,0,0,0,0
SELIPO.BSE_IDX,01/07/2025,11:12:51,4920.79,0,0,0,0,0,0
SELIPO.BSE_IDX,01/07/2025,11:12:59,4920.32,0,0,0,0,0,0
SELIPO.BSE_IDX,01/07/2025,11:13:07,4920.59,0,0,0,0,0,0
SELIPO.BSE_IDX,01/07/2025,11:13:16,4920.4,0,0,0,0,0,0
SELIPO.BSE_IDX,01/07/2025,11:13:23,4920.47,0,0,0,0,0,0
SELIPO.BSE_IDX,01/07/2025,11:13:31,4921.07,0,0,0,0,0,0
SELIPO.BSE_IDX,01/07/2025,11:13:39,4920.84,0,0,0,0,0,0
SELIPO.BSE_IDX,01/07/2025,11:13:47,4920.85,0,0,0,0,0,0
SELIPO.BSE_IDX,01/07/2025,11:13:55,4920.39,0,0,0,0,0,0
SELIPO.BSE_IDX,01/07/2025,11:14:03,4920.49,0,0,0,0,0,0
SELIPO.BSE_IDX,01/07/2025,11:14:11,4920.61,0,0,0,0,0,0
SELIPO.BSE_IDX,01/07/2025,11:14:19,4920.63,0,0,0,0,0,0
SELIPO.BSE_IDX,01/07/2025,11:14:27,4920.43,0,0,0,0,0,0
SELIPO.BSE_IDX,01/07/2025,11:14:35,4920.17,0,0,0,0,0,0
SELIPO.BSE_IDX,01/07/2025,11:14:43,4920.47,0,0,0,0,0,0
SELIPO.BSE_IDX,01/07/2025,11:14:51,4920.88,0,0,0,0,0,0
SELIPO.BSE_IDX,01/07/2025,11:14:59,4921.3,0,0,0,0,0,0
SELIPO.BSE_IDX,01/07/2025,11:15:07,4921.69,0,0,0,0,0,0
SELIPO.BSE_IDX,01/07/2025,11:15:15,4921.79,0,0,0,0,0,0
SELIPO.BSE_IDX,01/07/2025,11:15:23,4922.12,0,0,0,0,0,0
SELIPO.BSE_IDX,01/07/2025,11:15:31,4921.51,0,0,0,0,0,0
SELIPO.BSE_IDX,01/07/2025,11:15:39,4921.46,0,0,0,0,0,0
SELIPO.BSE_IDX,01/07/2025,11:15:47,4921.44,0,0,0,0,0,0
SELIPO.BSE_IDX,01/07/2025,11:15:56,4921.62,0,0,0,0,0,0
SELIPO.BSE_IDX,01/07/2025,11:16:03,4921.76,0,0,0,0,0,0
SELIPO.BSE_IDX,01/07/2025,11:16:11,4921.91,0,0,0,0,0,0
SELIPO.BSE_IDX,01/07/2025,11:16:19,4921.6,0,0,0,0,0,0
SELIPO.BSE_IDX,01/07/2025,11:16:27,4921.54,0,0,0,0,0,0
SELIPO.BSE_IDX,01/07/2025,11:16:35,4921.42,0,0,0,0,0,0
SELIPO.BSE_IDX,01/07/2025,11:16:43,4921.27,0,0,0,0,0,0
SELIPO.BSE_IDX,01/07/2025,11:16:51,4921.31,0,0,0,0,0,0
SELIPO.BSE_IDX,01/07/2025,11:16:59,4920.95,0,0,0,0,0,0
SELIPO.BSE_IDX,01/07/2025,11:17:07,4920.88,0,0,0,0,0,0
SELIPO.BSE_IDX,01/07/2025,11:17:15,4921.34,0,0,0,0,0,0
SELIPO.BSE_IDX,01/07/2025,11:17:23,4921.72,0,0,0,0,0,0
SELIPO.BSE_IDX,01/07/2025,11:17:31,4921.68,0,0,0,0,0,0
SELIPO.BSE_IDX,01/07/2025,11:17:39,4922.07,0,0,0,0,0,0
SELIPO.BSE_IDX,01/07/2025,11:17:47,4921.96,0,0,0,0,0,0
SELIPO.BSE_IDX,01/07/2025,11:17:57,4922.6,0,0,0,0,0,0
SELIPO.BSE_IDX,01/07/2025,11:18:03,4923.12,0,0,0,0,0,0
SELIPO.BSE_IDX,01/07/2025,11:18:11,4922.66,0,0,0,0,0,0
SELIPO.BSE_IDX,01/07/2025,11:18:19,4922.87,0,0,0,0,0,0
SELIPO.BSE_IDX,01/07/2025,11:18:27,4922.46,0,0,0,0,0,0
SELIPO.BSE_IDX,01/07/2025,11:18:35,4922.61,0,0,0,0,0,0
SELIPO.BSE_IDX,01/07/2025,11:18:44,4923.18,0,0,0,0,0,0
SELIPO.BSE_IDX,01/07/2025,11:18:51,4923.34,0,0,0,0,0,0
SELIPO.BSE_IDX,01/07/2025,11:18:59,4923.08,0,0,0,0,0,0
SELIPO.BSE_IDX,01/07/2025,11:19:08,4922.88,0,0,0,0,0,0
SELIPO.BSE_IDX,01/07/2025,11:19:15,4922.79,0,0,0,0,0,0
SELIPO.BSE_IDX,01/07/2025,11:19:23,4922.9,0,0,0,0,0,0
SELIPO.BSE_IDX,01/07/2025,11:19:31,4922.36,0,0,0,0,0,0
SELIPO.BSE_IDX,01/07/2025,11:19:39,4922.08,0,0,0,0,0,0
SELIPO.BSE_IDX,01/07/2025,11:19:47,4921.71,0,0,0,0,0,0
SELIPO.BSE_IDX,01/07/2025,11:19:55,4920.98,0,0,0,0,0,0
SELIPO.BSE_IDX,01/07/2025,11:20:03,4921.15,0,0,0,0,0,0
SELIPO.BSE_IDX,01/07/2025,11:20:11,4921.2,0,0,0,0,0,0
SELIPO.BSE_IDX,01/07/2025,11:20:19,4921.16,0,0,0,0,0,0
SELIPO.BSE_IDX,01/07/2025,11:20:27,4921.02,0,0,0,0,0,0
SELIPO.BSE_IDX,01/07/2025,11:20:35,4921.34,0,0,0,0,0,0
SELIPO.BSE_IDX,01/07/2025,11:20:43,4921.77,0,0,0,0,0,0
SELIPO.BSE_IDX,01/07/2025,11:20:51,4921.71,0,0,0,0,0,0
SELIPO.BSE_IDX,01/07/2025,11:20:59,4921.59,0,0,0,0,0,0
SELIPO.BSE_IDX,01/07/2025,11:21:07,4921.59,0,0,0,0,0,0
SELIPO.BSE_IDX,01/07/2025,11:21:15,4921.6,0,0,0,0,0,0
SELIPO.BSE_IDX,01/07/2025,11:21:24,4921.33,0,0,0,0,0,0
SELIPO.BSE_IDX,01/07/2025,11:21:31,4921.21,0,0,0,0,0,0
SELIPO.BSE_IDX,01/07/2025,11:21:39,4921.22,0,0,0,0,0,0
SELIPO.BSE_IDX,01/07/2025,11:21:47,4920.29,0,0,0,0,0,0
SELIPO.BSE_IDX,01/07/2025,11:21:56,4920.24,0,0,0,0,0,0
SELIPO.BSE_IDX,01/07/2025,11:22:03,4920.39,0,0,0,0,0,0
SELIPO.BSE_IDX,01/07/2025,11:22:11,4921.15,0,0,0,0,0,0
SELIPO.BSE_IDX,01/07/2025,11:22:19,4921.33,0,0,0,0,0,0
SELIPO.BSE_IDX,01/07/2025,11:22:28,4921.27,0,0,0,0,0,0
SELIPO.BSE_IDX,01/07/2025,11:22:35,4921.12,0,0,0,0,0,0
SELIPO.BSE_IDX,01/07/2025,11:22:43,4920.51,0,0,0,0,0,0
SELIPO.BSE_IDX,01/07/2025,11:22:51,4920.56,0,0,0,0,0,0
SELIPO.BSE_IDX,01/07/2025,11:22:59,4920.81,0,0,0,0,0,0
SELIPO.BSE_IDX,01/07/2025,11:23:07,4921.01,0,0,0,0,0,0
SELIPO.BSE_IDX,01/07/2025,11:23:15,4921.07,0,0,0,0,0,0
SELIPO.BSE_IDX,01/07/2025,11:23:23,4920.56,0,0,0,0,0,0
SELIPO.BSE_IDX,01/07/2025,11:23:31,4920.72,0,0,0,0,0,0
SELIPO.BSE_IDX,01/07/2025,11:23:39,4920.95,0,0,0,0,0,0
SELIPO.BSE_IDX,01/07/2025,11:23:47,4920.57,0,0,0,0,0,0
SELIPO.BSE_IDX,01/07/2025,11:23:55,4920.42,0,0,0,0,0,0
SELIPO.BSE_IDX,01/07/2025,11:24:04,4920.11,0,0,0,0,0,0
SELIPO.BSE_IDX,01/07/2025,11:24:11,4920.59,0,0,0,0,0,0
SELIPO.BSE_IDX,01/07/2025,11:24:19,4920.78,0,0,0,0,0,0
SELIPO.BSE_IDX,01/07/2025,11:24:27,4920.91,0,0,0,0,0,0
SELIPO.BSE_IDX,01/07/2025,11:24:35,4920.87,0,0,0,0,0,0
SELIPO.BSE_IDX,01/07/2025,11:24:43,4920.57,0,0,0,0,0,0
SELIPO.BSE_IDX,01/07/2025,11:24:52,4920.61,0,0,0,0,0,0
SELIPO.BSE_IDX,01/07/2025,11:25:00,4920.68,0,0,0,0,0,0
SELIPO.BSE_IDX,01/07/2025,11:25:07,4920.86,0,0,0,0,0,0
SELIPO.BSE_IDX,01/07/2025,11:25:15,4920.71,0,0,0,0,0,0
SELIPO.BSE_IDX,01/07/2025,11:25:23,4920.66,0,0,0,0,0,0
SELIPO.BSE_IDX,01/07/2025,11:25:31,4920.7,0,0,0,0,0,0
SELIPO.BSE_IDX,01/07/2025,11:25:41,4921.24,0,0,0,0,0,0
SELIPO.BSE_IDX,01/07/2025,11:25:47,4921.44,0,0,0,0,0,0
SELIPO.BSE_IDX,01/07/2025,11:25:55,4921.26,0,0,0,0,0,0
SELIPO.BSE_IDX,01/07/2025,11:26:03,4921.75,0,0,0,0,0,0
SELIPO.BSE_IDX,01/07/2025,11:26:11,4921.61,0,0,0,0,0,0
SELIPO.BSE_IDX,01/07/2025,11:26:19,4922.03,0,0,0,0,0,0
SELIPO.BSE_IDX,01/07/2025,11:26:27,4921.76,0,0,0,0,0,0
SELIPO.BSE_IDX,01/07/2025,11:26:35,4921.75,0,0,0,0,0,0
SELIPO.BSE_IDX,01/07/2025,11:26:43,4921.62,0,0,0,0,0,0
SELIPO.BSE_IDX,01/07/2025,11:26:51,4921.72,0,0,0,0,0,0
SELIPO.BSE_IDX,01/07/2025,11:26:59,4921.75,0,0,0,0,0,0
SELIPO.BSE_IDX,01/07/2025,11:27:07,4921.43,0,0,0,0,0,0
SELIPO.BSE_IDX,01/07/2025,11:27:15,4921.64,0,0,0,0,0,0
SELIPO.BSE_IDX,01/07/2025,11:27:23,4921.52,0,0,0,0,0,0
SELIPO.BSE_IDX,01/07/2025,11:27:31,4921.49,0,0,0,0,0,0
SELIPO.BSE_IDX,01/07/2025,11:27:39,4921.62,0,0,0,0,0,0
SELIPO.BSE_IDX,01/07/2025,11:27:47,4921.19,0,0,0,0,0,0
SELIPO.BSE_IDX,01/07/2025,11:27:55,4920.98,0,0,0,0,0,0
SELIPO.BSE_IDX,01/07/2025,11:28:03,4920.94,0,0,0,0,0,0
SELIPO.BSE_IDX,01/07/2025,11:28:11,4921.21,0,0,0,0,0,0
SELIPO.BSE_IDX,01/07/2025,11:28:19,4921.07,0,0,0,0,0,0
SELIPO.BSE_IDX,01/07/2025,11:28:27,4921.4,0,0,0,0,0,0
SELIPO.BSE_IDX,01/07/2025,11:28:36,4921.66,0,0,0,0,0,0
SELIPO.BSE_IDX,01/07/2025,11:28:43,4921.68,0,0,0,0,0,0
SELIPO.BSE_IDX,01/07/2025,11:28:51,4921.77,0,0,0,0,0,0
SELIPO.BSE_IDX,01/07/2025,11:28:59,4921.87,0,0,0,0,0,0
SELIPO.BSE_IDX,01/07/2025,11:29:07,4922.34,0,0,0,0,0,0
SELIPO.BSE_IDX,01/07/2025,11:29:16,4922.54,0,0,0,0,0,0
SELIPO.BSE_IDX,01/07/2025,11:29:24,4922.79,0,0,0,0,0,0
SELIPO.BSE_IDX,01/07/2025,11:29:31,4923.08,0,0,0,0,0,0
SELIPO.BSE_IDX,01/07/2025,11:29:39,4923.31,0,0,0,0,0,0
SELIPO.BSE_IDX,01/07/2025,11:29:47,4923.11,0,0,0,0,0,0
SELIPO.BSE_IDX,01/07/2025,11:29:55,4923.37,0,0,0,0,0,0
SELIPO.BSE_IDX,01/07/2025,11:30:03,4923.29,0,0,0,0,0,0
SELIPO.BSE_IDX,01/07/2025,11:30:11,4923.52,0,0,0,0,0,0
SELIPO.BSE_IDX,01/07/2025,11:30:19,4923.57,0,0,0,0,0,0
SELIPO.BSE_IDX,01/07/2025,11:30:27,4923.6,0,0,0,0,0,0
SELIPO.BSE_IDX,01/07/2025,11:30:35,4923.61,0,0,0,0,0,0
SELIPO.BSE_IDX,01/07/2025,11:30:43,4923.45,0,0,0,0,0,0
SELIPO.BSE_IDX,01/07/2025,11:30:52,4923.35,0,0,0,0,0,0
SELIPO.BSE_IDX,01/07/2025,11:30:59,4923.5,0,0,0,0,0,0
SELIPO.BSE_IDX,01/07/2025,11:31:07,4923.34,0,0,0,0,0,0
SELIPO.BSE_IDX,01/07/2025,11:31:16,4923.64,0,0,0,0,0,0
SELIPO.BSE_IDX,01/07/2025,11:31:23,4923.87,0,0,0,0,0,0
SELIPO.BSE_IDX,01/07/2025,11:31:31,4923.9,0,0,0,0,0,0
SELIPO.BSE_IDX,01/07/2025,11:31:39,4924.23,0,0,0,0,0,0
SELIPO.BSE_IDX,01/07/2025,11:31:47,4924.27,0,0,0,0,0,0
SELIPO.BSE_IDX,01/07/2025,11:31:55,4923.93,0,0,0,0,0,0
SELIPO.BSE_IDX,01/07/2025,11:32:04,4924.14,0,0,0,0,0,0
SELIPO.BSE_IDX,01/07/2025,11:32:11,4923.68,0,0,0,0,0,0
SELIPO.BSE_IDX,01/07/2025,11:32:19,4923.7,0,0,0,0,0,0
SELIPO.BSE_IDX,01/07/2025,11:32:27,4923.49,0,0,0,0,0,0
SELIPO.BSE_IDX,01/07/2025,11:32:35,4923.07,0,0,0,0,0,0
SELIPO.BSE_IDX,01/07/2025,11:32:43,4923.06,0,0,0,0,0,0
SELIPO.BSE_IDX,01/07/2025,11:32:51,4923.03,0,0,0,0,0,0
SELIPO.BSE_IDX,01/07/2025,11:32:59,4922.21,0,0,0,0,0,0
SELIPO.BSE_IDX,01/07/2025,11:33:07,4922.18,0,0,0,0,0,0
SELIPO.BSE_IDX,01/07/2025,11:33:15,4921.55,0,0,0,0,0,0
SELIPO.BSE_IDX,01/07/2025,11:33:23,4921.22,0,0,0,0,0,0
SELIPO.BSE_IDX,01/07/2025,11:33:31,4921.33,0,0,0,0,0,0
SELIPO.BSE_IDX,01/07/2025,11:33:39,4921.01,0,0,0,0,0,0
SELIPO.BSE_IDX,01/07/2025,11:33:47,4920.75,0,0,0,0,0,0
SELIPO.BSE_IDX,01/07/2025,11:33:55,4920.59,0,0,0,0,0,0
SELIPO.BSE_IDX,01/07/2025,11:34:03,4920.45,0,0,0,0,0,0
SELIPO.BSE_IDX,01/07/2025,11:34:12,4920.6,0,0,0,0,0,0
SELIPO.BSE_IDX,01/07/2025,11:34:19,4920.5,0,0,0,0,0,0
SELIPO.BSE_IDX,01/07/2025,11:34:27,4920.63,0,0,0,0,0,0
SELIPO.BSE_IDX,01/07/2025,11:34:35,4920.4,0,0,0,0,0,0
SELIPO.BSE_IDX,01/07/2025,11:34:43,4920.39,0,0,0,0,0,0
SELIPO.BSE_IDX,01/07/2025,11:34:52,4920.3,0,0,0,0,0,0
SELIPO.BSE_IDX,01/07/2025,11:35:00,4919.84,0,0,0,0,0,0
SELIPO.BSE_IDX,01/07/2025,11:35:07,4919.29,0,0,0,0,0,0
SELIPO.BSE_IDX,01/07/2025,11:35:16,4918.76,0,0,0,0,0,0
SELIPO.BSE_IDX,01/07/2025,11:35:23,4918.29,0,0,0,0,0,0
SELIPO.BSE_IDX,01/07/2025,11:35:32,4918.71,0,0,0,0,0,0
SELIPO.BSE_IDX,01/07/2025,11:35:40,4918.9,0,0,0,0,0,0
SELIPO.BSE_IDX,01/07/2025,11:35:47,4919.09,0,0,0,0,0,0
SELIPO.BSE_IDX,01/07/2025,11:35:55,4919.13,0,0,0,0,0,0
SELIPO.BSE_IDX,01/07/2025,11:36:04,4919.48,0,0,0,0,0,0
SELIPO.BSE_IDX,01/07/2025,11:36:11,4919.41,0,0,0,0,0,0
SELIPO.BSE_IDX,01/07/2025,11:36:20,4919.28,0,0,0,0,0,0
SELIPO.BSE_IDX,01/07/2025,11:36:28,4919.3,0,0,0,0,0,0
SELIPO.BSE_IDX,01/07/2025,11:36:35,4919.33,0,0,0,0,0,0
SELIPO.BSE_IDX,01/07/2025,11:36:44,4919.56,0,0,0,0,0,0
SELIPO.BSE_IDX,01/07/2025,11:36:54,4919.67,0,0,0,0,0,0
SELIPO.BSE_IDX,01/07/2025,11:36:59,4919.94,0,0,0,0,0,0
SELIPO.BSE_IDX,01/07/2025,11:37:08,4920.21,0,0,0,0,0,0
SELIPO.BSE_IDX,01/07/2025,11:37:15,4920.08,0,0,0,0,0,0
SELIPO.BSE_IDX,01/07/2025,11:37:23,4919.99,0,0,0,0,0,0
SELIPO.BSE_IDX,01/07/2025,11:37:32,4920.12,0,0,0,0,0,0
SELIPO.BSE_IDX,01/07/2025,11:37:41,4919.89,0,0,0,0,0,0
SELIPO.BSE_IDX,01/07/2025,11:37:47,4920.09,0,0,0,0,0,0
SELIPO.BSE_IDX,01/07/2025,11:37:55,4919.9,0,0,0,0,0,0
SELIPO.BSE_IDX,01/07/2025,11:38:03,4920.22,0,0,0,0,0,0
SELIPO.BSE_IDX,01/07/2025,11:38:11,4919.89,0,0,0,0,0,0
SELIPO.BSE_IDX,01/07/2025,11:38:20,4919.91,0,0,0,0,0,0
SELIPO.BSE_IDX,01/07/2025,11:38:27,4919.87,0,0,0,0,0,0
SELIPO.BSE_IDX,01/07/2025,11:38:35,4920.2,0,0,0,0,0,0
SELIPO.BSE_IDX,01/07/2025,11:38:43,4920.31,0,0,0,0,0,0
SELIPO.BSE_IDX,01/07/2025,11:38:51,4920.34,0,0,0,0,0,0
SELIPO.BSE_IDX,01/07/2025,11:38:59,4919.72,0,0,0,0,0,0
SELIPO.BSE_IDX,01/07/2025,11:39:07,4920,0,0,0,0,0,0
SELIPO.BSE_IDX,01/07/2025,11:39:16,4920.45,0,0,0,0,0,0
SELIPO.BSE_IDX,01/07/2025,11:39:24,4920.35,0,0,0,0,0,0
SELIPO.BSE_IDX,01/07/2025,11:39:31,4920.38,0,0,0,0,0,0
SELIPO.BSE_IDX,01/07/2025,11:39:39,4921.03,0,0,0,0,0,0
SELIPO.BSE_IDX,01/07/2025,11:39:48,4921.11,0,0,0,0,0,0
SELIPO.BSE_IDX,01/07/2025,11:39:55,4921.17,0,0,0,0,0,0
SELIPO.BSE_IDX,01/07/2025,11:40:03,4921.61,0,0,0,0,0,0
SELIPO.BSE_IDX,01/07/2025,11:40:12,4922.21,0,0,0,0,0,0
SELIPO.BSE_IDX,01/07/2025,11:40:20,4921.9,0,0,0,0,0,0
SELIPO.BSE_IDX,01/07/2025,11:40:28,4921.83,0,0,0,0,0,0
SELIPO.BSE_IDX,01/07/2025,11:40:36,4921.91,0,0,0,0,0,0
SELIPO.BSE_IDX,01/07/2025,11:40:44,4922.23,0,0,0,0,0,0
SELIPO.BSE_IDX,01/07/2025,11:40:52,4922.37,0,0,0,0,0,0
SELIPO.BSE_IDX,01/07/2025,11:41:00,4922.12,0,0,0,0,0,0
SELIPO.BSE_IDX,01/07/2025,11:41:07,4921.89,0,0,0,0,0,0
SELIPO.BSE_IDX,01/07/2025,11:41:16,4921.26,0,0,0,0,0,0
SELIPO.BSE_IDX,01/07/2025,11:41:24,4922.02,0,0,0,0,0,0
SELIPO.BSE_IDX,01/07/2025,11:41:32,4922.1,0,0,0,0,0,0
SELIPO.BSE_IDX,01/07/2025,11:41:40,4922.18,0,0,0,0,0,0
SELIPO.BSE_IDX,01/07/2025,11:41:48,4922.17,0,0,0,0,0,0
SELIPO.BSE_IDX,01/07/2025,11:41:56,4921.86,0,0,0,0,0,0
SELIPO.BSE_IDX,01/07/2025,11:42:04,4922.02,0,0,0,0,0,0
SELIPO.BSE_IDX,01/07/2025,11:42:12,4921.69,0,0,0,0,0,0
SELIPO.BSE_IDX,01/07/2025,11:42:20,4922.29,0,0,0,0,0,0
SELIPO.BSE_IDX,01/07/2025,11:42:28,4922.46,0,0,0,0,0,0
SELIPO.BSE_IDX,01/07/2025,11:42:36,4923.27,0,0,0,0,0,0
SELIPO.BSE_IDX,01/07/2025,11:42:44,4923.65,0,0,0,0,0,0
SELIPO.BSE_IDX,01/07/2025,11:42:52,4923.64,0,0,0,0,0,0
SELIPO.BSE_IDX,01/07/2025,11:43:00,4923.64,0,0,0,0,0,0
SELIPO.BSE_IDX,01/07/2025,11:43:08,4923.61,0,0,0,0,0,0
SELIPO.BSE_IDX,01/07/2025,11:43:16,4923.47,0,0,0,0,0,0
SELIPO.BSE_IDX,01/07/2025,11:43:24,4923.68,0,0,0,0,0,0
SELIPO.BSE_IDX,01/07/2025,11:43:32,4923.72,0,0,0,0,0,0
SELIPO.BSE_IDX,01/07/2025,11:43:40,4923.58,0,0,0,0,0,0
SELIPO.BSE_IDX,01/07/2025,11:43:48,4923.6,0,0,0,0,0,0
SELIPO.BSE_IDX,01/07/2025,11:43:56,4923.51,0,0,0,0,0,0
SELIPO.BSE_IDX,01/07/2025,11:44:04,4923.45,0,0,0,0,0,0
SELIPO.BSE_IDX,01/07/2025,11:44:12,4923.47,0,0,0,0,0,0
SELIPO.BSE_IDX,01/07/2025,11:44:20,4923.19,0,0,0,0,0,0
SELIPO.BSE_IDX,01/07/2025,11:44:28,4922.81,0,0,0,0,0,0
SELIPO.BSE_IDX,01/07/2025,11:44:36,4922.85,0,0,0,0,0,0
SELIPO.BSE_IDX,01/07/2025,11:44:44,4922.81,0,0,0,0,0,0
SELIPO.BSE_IDX,01/07/2025,11:44:52,4922.54,0,0,0,0,0,0
SELIPO.BSE_IDX,01/07/2025,11:45:00,4922.71,0,0,0,0,0,0
SELIPO.BSE_IDX,01/07/2025,11:45:08,4922.55,0,0,0,0,0,0
SELIPO.BSE_IDX,01/07/2025,11:45:16,4922.88,0,0,0,0,0,0
SELIPO.BSE_IDX,01/07/2025,11:45:24,4922.82,0,0,0,0,0,0
SELIPO.BSE_IDX,01/07/2025,11:45:32,4922.76,0,0,0,0,0,0
SELIPO.BSE_IDX,01/07/2025,11:45:40,4922.38,0,0,0,0,0,0
SELIPO.BSE_IDX,01/07/2025,11:45:48,4922.05,0,0,0,0,0,0
SELIPO.BSE_IDX,01/07/2025,11:45:56,4922.41,0,0,0,0,0,0
SELIPO.BSE_IDX,01/07/2025,11:46:04,4922.33,0,0,0,0,0,0
SELIPO.BSE_IDX,01/07/2025,11:46:12,4922.53,0,0,0,0,0,0
SELIPO.BSE_IDX,01/07/2025,11:46:20,4922.9,0,0,0,0,0,0
SELIPO.BSE_IDX,01/07/2025,11:46:28,4922.74,0,0,0,0,0,0
SELIPO.BSE_IDX,01/07/2025,11:46:36,4923.21,0,0,0,0,0,0
SELIPO.BSE_IDX,01/07/2025,11:46:44,4923.34,0,0,0,0,0,0
SELIPO.BSE_IDX,01/07/2025,11:46:52,4923.27,0,0,0,0,0,0
SELIPO.BSE_IDX,01/07/2025,11:47:00,4923.27,0,0,0,0,0,0
SELIPO.BSE_IDX,01/07/2025,11:47:08,4923.42,0,0,0,0,0,0
SELIPO.BSE_IDX,01/07/2025,11:47:16,4923.17,0,0,0,0,0,0
SELIPO.BSE_IDX,01/07/2025,11:47:24,4923.09,0,0,0,0,0,0
SELIPO.BSE_IDX,01/07/2025,11:47:32,4922.8,0,0,0,0,0,0
SELIPO.BSE_IDX,01/07/2025,11:47:40,4922.5,0,0,0,0,0,0
SELIPO.BSE_IDX,01/07/2025,11:47:48,4922.36,0,0,0,0,0,0
SELIPO.BSE_IDX,01/07/2025,11:47:56,4922.38,0,0,0,0,0,0
SELIPO.BSE_IDX,01/07/2025,11:48:04,4922.3,0,0,0,0,0,0
SELIPO.BSE_IDX,01/07/2025,11:48:12,4921.51,0,0,0,0,0,0
SELIPO.BSE_IDX,01/07/2025,11:48:20,4921.77,0,0,0,0,0,0
SELIPO.BSE_IDX,01/07/2025,11:48:28,4921.82,0,0,0,0,0,0
SELIPO.BSE_IDX,01/07/2025,11:48:36,4921.93,0,0,0,0,0,0
SELIPO.BSE_IDX,01/07/2025,11:48:44,4922.3,0,0,0,0,0,0
SELIPO.BSE_IDX,01/07/2025,11:48:52,4922.55,0,0,0,0,0,0
SELIPO.BSE_IDX,01/07/2025,11:49:01,4922.52,0,0,0,0,0,0
SELIPO.BSE_IDX,01/07/2025,11:49:09,4922.18,0,0,0,0,0,0
SELIPO.BSE_IDX,01/07/2025,11:49:16,4921.98,0,0,0,0,0,0
SELIPO.BSE_IDX,01/07/2025,11:49:24,4922.08,0,0,0,0,0,0
SELIPO.BSE_IDX,01/07/2025,11:49:32,4922.35,0,0,0,0,0,0
SELIPO.BSE_IDX,01/07/2025,11:49:40,4922.19,0,0,0,0,0,0
SELIPO.BSE_IDX,01/07/2025,11:49:49,4922,0,0,0,0,0,0
SELIPO.BSE_IDX,01/07/2025,11:49:56,4921.6,0,0,0,0,0,0
SELIPO.BSE_IDX,01/07/2025,11:50:04,4921.21,0,0,0,0,0,0
SELIPO.BSE_IDX,01/07/2025,11:50:12,4921.12,0,0,0,0,0,0
SELIPO.BSE_IDX,01/07/2025,11:50:20,4921.03,0,0,0,0,0,0
SELIPO.BSE_IDX,01/07/2025,11:50:28,4921.14,0,0,0,0,0,0
SELIPO.BSE_IDX,01/07/2025,11:50:36,4921.03,0,0,0,0,0,0
SELIPO.BSE_IDX,01/07/2025,11:50:44,4921.3,0,0,0,0,0,0
SELIPO.BSE_IDX,01/07/2025,11:50:52,4920.79,0,0,0,0,0,0
SELIPO.BSE_IDX,01/07/2025,11:51:00,4920.6,0,0,0,0,0,0
SELIPO.BSE_IDX,01/07/2025,11:51:08,4920.53,0,0,0,0,0,0
SELIPO.BSE_IDX,01/07/2025,11:51:16,4920.15,0,0,0,0,0,0
SELIPO.BSE_IDX,01/07/2025,11:51:24,4920.14,0,0,0,0,0,0
SELIPO.BSE_IDX,01/07/2025,11:51:32,4920.7,0,0,0,0,0,0
SELIPO.BSE_IDX,01/07/2025,11:51:40,4921.06,0,0,0,0,0,0
SELIPO.BSE_IDX,01/07/2025,11:51:48,4920.9,0,0,0,0,0,0
SELIPO.BSE_IDX,01/07/2025,11:51:56,4921.43,0,0,0,0,0,0
SELIPO.BSE_IDX,01/07/2025,11:52:04,4921.64,0,0,0,0,0,0
SELIPO.BSE_IDX,01/07/2025,11:52:12,4921.9,0,0,0,0,0,0
SELIPO.BSE_IDX,01/07/2025,11:52:20,4921.55,0,0,0,0,0,0
SELIPO.BSE_IDX,01/07/2025,11:52:28,4921.77,0,0,0,0,0,0
SELIPO.BSE_IDX,01/07/2025,11:52:36,4921.72,0,0,0,0,0,0
SELIPO.BSE_IDX,01/07/2025,11:52:44,4921.59,0,0,0,0,0,0
SELIPO.BSE_IDX,01/07/2025,11:52:52,4921.5,0,0,0,0,0,0
SELIPO.BSE_IDX,01/07/2025,11:53:00,4920.98,0,0,0,0,0,0
SELIPO.BSE_IDX,01/07/2025,11:53:08,4920.71,0,0,0,0,0,0
SELIPO.BSE_IDX,01/07/2025,11:53:16,4920.56,0,0,0,0,0,0
SELIPO.BSE_IDX,01/07/2025,11:53:24,4920.87,0,0,0,0,0,0
SELIPO.BSE_IDX,01/07/2025,11:53:32,4920.72,0,0,0,0,0,0
SELIPO.BSE_IDX,01/07/2025,11:53:40,4920.51,0,0,0,0,0,0
SELIPO.BSE_IDX,01/07/2025,11:53:48,4920.64,0,0,0,0,0,0
SELIPO.BSE_IDX,01/07/2025,11:53:56,4920.57,0,0,0,0,0,0
SELIPO.BSE_IDX,01/07/2025,11:54:04,4919.99,0,0,0,0,0,0
SELIPO.BSE_IDX,01/07/2025,11:54:12,4919,0,0,0,0,0,0
SELIPO.BSE_IDX,01/07/2025,11:54:20,4918.86,0,0,0,0,0,0
SELIPO.BSE_IDX,01/07/2025,11:54:28,4918.72,0,0,0,0,0,0
SELIPO.BSE_IDX,01/07/2025,11:54:36,4918.66,0,0,0,0,0,0
SELIPO.BSE_IDX,01/07/2025,11:54:44,4918.2,0,0,0,0,0,0
SELIPO.BSE_IDX,01/07/2025,11:54:52,4917.7,0,0,0,0,0,0
SELIPO.BSE_IDX,01/07/2025,11:55:00,4917.57,0,0,0,0,0,0
SELIPO.BSE_IDX,01/07/2025,11:55:08,4917.7,0,0,0,0,0,0
SELIPO.BSE_IDX,01/07/2025,11:55:17,4916.8,0,0,0,0,0,0
SELIPO.BSE_IDX,01/07/2025,11:55:24,4917.15,0,0,0,0,0,0
SELIPO.BSE_IDX,01/07/2025,11:55:32,4917.58,0,0,0,0,0,0
SELIPO.BSE_IDX,01/07/2025,11:55:40,4918.02,0,0,0,0,0,0
SELIPO.BSE_IDX,01/07/2025,11:55:48,4917.86,0,0,0,0,0,0
SELIPO.BSE_IDX,01/07/2025,11:55:56,4917.51,0,0,0,0,0,0
SELIPO.BSE_IDX,01/07/2025,11:56:05,4917.22,0,0,0,0,0,0
SELIPO.BSE_IDX,01/07/2025,11:56:12,4917.06,0,0,0,0,0,0
SELIPO.BSE_IDX,01/07/2025,11:56:20,4916.35,0,0,0,0,0,0
SELIPO.BSE_IDX,01/07/2025,11:56:28,4915.99,0,0,0,0,0,0
SELIPO.BSE_IDX,01/07/2025,11:56:36,4915.59,0,0,0,0,0,0
SELIPO.BSE_IDX,01/07/2025,11:56:44,4915.48,0,0,0,0,0,0
SELIPO.BSE_IDX,01/07/2025,11:56:52,4915.53,0,0,0,0,0,0
SELIPO.BSE_IDX,01/07/2025,11:57:00,4915.62,0,0,0,0,0,0
SELIPO.BSE_IDX,01/07/2025,11:57:08,4915.21,0,0,0,0,0,0
SELIPO.BSE_IDX,01/07/2025,11:57:16,4914.81,0,0,0,0,0,0
SELIPO.BSE_IDX,01/07/2025,11:57:24,4915.08,0,0,0,0,0,0
SELIPO.BSE_IDX,01/07/2025,11:57:32,4914.85,0,0,0,0,0,0
SELIPO.BSE_IDX,01/07/2025,11:57:40,4915.13,0,0,0,0,0,0
SELIPO.BSE_IDX,01/07/2025,11:57:48,4915.14,0,0,0,0,0,0
SELIPO.BSE_IDX,01/07/2025,11:57:56,4914.74,0,0,0,0,0,0
SELIPO.BSE_IDX,01/07/2025,11:58:04,4914.95,0,0,0,0,0,0
SELIPO.BSE_IDX,01/07/2025,11:58:12,4914.55,0,0,0,0,0,0
SELIPO.BSE_IDX,01/07/2025,11:58:20,4914.83,0,0,0,0,0,0
SELIPO.BSE_IDX,01/07/2025,11:58:28,4914.87,0,0,0,0,0,0
SELIPO.BSE_IDX,01/07/2025,11:58:36,4914.96,0,0,0,0,0,0
SELIPO.BSE_IDX,01/07/2025,11:58:44,4914.82,0,0,0,0,0,0
SELIPO.BSE_IDX,01/07/2025,11:58:52,4914.79,0,0,0,0,0,0
SELIPO.BSE_IDX,01/07/2025,11:59:00,4914.26,0,0,0,0,0,0
SELIPO.BSE_IDX,01/07/2025,11:59:08,4914.71,0,0,0,0,0,0
SELIPO.BSE_IDX,01/07/2025,11:59:16,4915.27,0,0,0,0,0,0
SELIPO.BSE_IDX,01/07/2025,11:59:24,4915.76,0,0,0,0,0,0
SELIPO.BSE_IDX,01/07/2025,11:59:32,4916.4,0,0,0,0,0,0
SELIPO.BSE_IDX,01/07/2025,11:59:40,4916.53,0,0,0,0,0,0
SELIPO.BSE_IDX,01/07/2025,11:59:48,4916.36,0,0,0,0,0,0
SELIPO.BSE_IDX,01/07/2025,11:59:56,4916.48,0,0,0,0,0,0
SELIPO.BSE_IDX,01/07/2025,12:00:05,4916.49,0,0,0,0,0,0
SELIPO.BSE_IDX,01/07/2025,12:00:12,4916.48,0,0,0,0,0,0
SELIPO.BSE_IDX,01/07/2025,12:00:20,4916.19,0,0,0,0,0,0
SELIPO.BSE_IDX,01/07/2025,12:00:28,4915.98,0,0,0,0,0,0
SELIPO.BSE_IDX,01/07/2025,12:00:37,4916.02,0,0,0,0,0,0
SELIPO.BSE_IDX,01/07/2025,12:00:44,4916.09,0,0,0,0,0,0
SELIPO.BSE_IDX,01/07/2025,12:00:52,4916.28,0,0,0,0,0,0
SELIPO.BSE_IDX,01/07/2025,12:01:00,4916.27,0,0,0,0,0,0
SELIPO.BSE_IDX,01/07/2025,12:01:08,4916.53,0,0,0,0,0,0
SELIPO.BSE_IDX,01/07/2025,12:01:16,4916.34,0,0,0,0,0,0
SELIPO.BSE_IDX,01/07/2025,12:01:24,4916.63,0,0,0,0,0,0
SELIPO.BSE_IDX,01/07/2025,12:01:32,4916.4,0,0,0,0,0,0
SELIPO.BSE_IDX,01/07/2025,12:01:40,4916.73,0,0,0,0,0,0
SELIPO.BSE_IDX,01/07/2025,12:01:48,4916.92,0,0,0,0,0,0
SELIPO.BSE_IDX,01/07/2025,12:01:57,4916.76,0,0,0,0,0,0
SELIPO.BSE_IDX,01/07/2025,12:02:04,4916.67,0,0,0,0,0,0
SELIPO.BSE_IDX,01/07/2025,12:02:12,4916.65,0,0,0,0,0,0
SELIPO.BSE_IDX,01/07/2025,12:02:20,4916.28,0,0,0,0,0,0
SELIPO.BSE_IDX,01/07/2025,12:02:28,4915.99,0,0,0,0,0,0
SELIPO.BSE_IDX,01/07/2025,12:02:36,4915.51,0,0,0,0,0,0
SELIPO.BSE_IDX,01/07/2025,12:02:44,4915.6,0,0,0,0,0,0
SELIPO.BSE_IDX,01/07/2025,12:02:52,4915.49,0,0,0,0,0,0
SELIPO.BSE_IDX,01/07/2025,12:03:00,4915.51,0,0,0,0,0,0
SELIPO.BSE_IDX,01/07/2025,12:03:08,4915.13,0,0,0,0,0,0
SELIPO.BSE_IDX,01/07/2025,12:03:17,4915.85,0,0,0,0,0,0
SELIPO.BSE_IDX,01/07/2025,12:03:24,4915.37,0,0,0,0,0,0
SELIPO.BSE_IDX,01/07/2025,12:03:32,4915.55,0,0,0,0,0,0
SELIPO.BSE_IDX,01/07/2025,12:03:40,4915.59,0,0,0,0,0,0
SELIPO.BSE_IDX,01/07/2025,12:03:48,4915.88,0,0,0,0,0,0
SELIPO.BSE_IDX,01/07/2025,12:03:56,4915.65,0,0,0,0,0,0
SELIPO.BSE_IDX,01/07/2025,12:04:04,4915.34,0,0,0,0,0,0
SELIPO.BSE_IDX,01/07/2025,12:04:12,4915.62,0,0,0,0,0,0
SELIPO.BSE_IDX,01/07/2025,12:04:20,4915.59,0,0,0,0,0,0
SELIPO.BSE_IDX,01/07/2025,12:04:28,4915.83,0,0,0,0,0,0
SELIPO.BSE_IDX,01/07/2025,12:04:36,4915.44,0,0,0,0,0,0
SELIPO.BSE_IDX,01/07/2025,12:04:44,4915.57,0,0,0,0,0,0
SELIPO.BSE_IDX,01/07/2025,12:04:52,4915.27,0,0,0,0,0,0
SELIPO.BSE_IDX,01/07/2025,12:05:01,4915.17,0,0,0,0,0,0
SELIPO.BSE_IDX,01/07/2025,12:05:08,4915.39,0,0,0,0,0,0
SELIPO.BSE_IDX,01/07/2025,12:05:16,4915.24,0,0,0,0,0,0
SELIPO.BSE_IDX,01/07/2025,12:05:24,4915.15,0,0,0,0,0,0
SELIPO.BSE_IDX,01/07/2025,12:05:32,4914.78,0,0,0,0,0,0
SELIPO.BSE_IDX,01/07/2025,12:05:40,4915.05,0,0,0,0,0,0
SELIPO.BSE_IDX,01/07/2025,12:05:48,4915.2,0,0,0,0,0,0
SELIPO.BSE_IDX,01/07/2025,12:05:56,4915.44,0,0,0,0,0,0
SELIPO.BSE_IDX,01/07/2025,12:06:04,4915.69,0,0,0,0,0,0
SELIPO.BSE_IDX,01/07/2025,12:06:12,4915.58,0,0,0,0,0,0
SELIPO.BSE_IDX,01/07/2025,12:06:20,4915.66,0,0,0,0,0,0
SELIPO.BSE_IDX,01/07/2025,12:06:28,4915.11,0,0,0,0,0,0
SELIPO.BSE_IDX,01/07/2025,12:06:36,4914.55,0,0,0,0,0,0
SELIPO.BSE_IDX,01/07/2025,12:06:44,4914.54,0,0,0,0,0,0
SELIPO.BSE_IDX,01/07/2025,12:06:53,4914.48,0,0,0,0,0,0
SELIPO.BSE_IDX,01/07/2025,12:07:00,4914.19,0,0,0,0,0,0
SELIPO.BSE_IDX,01/07/2025,12:07:08,4914.08,0,0,0,0,0,0
SELIPO.BSE_IDX,01/07/2025,12:07:17,4914.21,0,0,0,0,0,0
SELIPO.BSE_IDX,01/07/2025,12:07:24,4914.19,0,0,0,0,0,0
SELIPO.BSE_IDX,01/07/2025,12:07:33,4914.55,0,0,0,0,0,0
SELIPO.BSE_IDX,01/07/2025,12:07:40,4914.28,0,0,0,0,0,0
SELIPO.BSE_IDX,01/07/2025,12:07:49,4914.59,0,0,0,0,0,0
SELIPO.BSE_IDX,01/07/2025,12:07:57,4914.86,0,0,0,0,0,0
SELIPO.BSE_IDX,01/07/2025,12:08:05,4914.94,0,0,0,0,0,0
SELIPO.BSE_IDX,01/07/2025,12:08:13,4914.76,0,0,0,0,0,0
SELIPO.BSE_IDX,01/07/2025,12:08:21,4914.79,0,0,0,0,0,0
SELIPO.BSE_IDX,01/07/2025,12:08:28,4915,0,0,0,0,0,0
SELIPO.BSE_IDX,01/07/2025,12:08:36,4914.44,0,0,0,0,0,0
SELIPO.BSE_IDX,01/07/2025,12:08:45,4914.34,0,0,0,0,0,0
SELIPO.BSE_IDX,01/07/2025,12:08:52,4914.63,0,0,0,0,0,0
SELIPO.BSE_IDX,01/07/2025,12:09:00,4914.83,0,0,0,0,0,0
SELIPO.BSE_IDX,01/07/2025,12:09:08,4914.86,0,0,0,0,0,0
SELIPO.BSE_IDX,01/07/2025,12:09:16,4914.85,0,0,0,0,0,0
SELIPO.BSE_IDX,01/07/2025,12:09:25,4914.81,0,0,0,0,0,0
SELIPO.BSE_IDX,01/07/2025,12:09:32,4914.85,0,0,0,0,0,0
SELIPO.BSE_IDX,01/07/2025,12:09:40,4915.01,0,0,0,0,0,0
SELIPO.BSE_IDX,01/07/2025,12:09:48,4915.13,0,0,0,0,0,0
SELIPO.BSE_IDX,01/07/2025,12:09:57,4915.26,0,0,0,0,0,0
SELIPO.BSE_IDX,01/07/2025,12:10:05,4914.57,0,0,0,0,0,0
SELIPO.BSE_IDX,01/07/2025,12:10:13,4914.98,0,0,0,0,0,0
SELIPO.BSE_IDX,01/07/2025,12:10:22,4914.82,0,0,0,0,0,0
SELIPO.BSE_IDX,01/07/2025,12:10:28,4914.9,0,0,0,0,0,0
SELIPO.BSE_IDX,01/07/2025,12:10:36,4915.42,0,0,0,0,0,0
SELIPO.BSE_IDX,01/07/2025,12:10:45,4915.42,0,0,0,0,0,0
SELIPO.BSE_IDX,01/07/2025,12:10:52,4915.41,0,0,0,0,0,0
SELIPO.BSE_IDX,01/07/2025,12:11:00,4915.14,0,0,0,0,0,0
SELIPO.BSE_IDX,01/07/2025,12:11:08,4914.76,0,0,0,0,0,0
SELIPO.BSE_IDX,01/07/2025,12:11:17,4914.51,0,0,0,0,0,0
SELIPO.BSE_IDX,01/07/2025,12:11:24,4914.43,0,0,0,0,0,0
SELIPO.BSE_IDX,01/07/2025,12:11:32,4914.45,0,0,0,0,0,0
SELIPO.BSE_IDX,01/07/2025,12:11:41,4914.98,0,0,0,0,0,0
SELIPO.BSE_IDX,01/07/2025,12:11:49,4915.63,0,0,0,0,0,0
SELIPO.BSE_IDX,01/07/2025,12:11:57,4915.92,0,0,0,0,0,0
SELIPO.BSE_IDX,01/07/2025,12:12:05,4916.3,0,0,0,0,0,0
SELIPO.BSE_IDX,01/07/2025,12:12:13,4916.12,0,0,0,0,0,0
SELIPO.BSE_IDX,01/07/2025,12:12:21,4916.65,0,0,0,0,0,0
SELIPO.BSE_IDX,01/07/2025,12:12:29,4916.45,0,0,0,0,0,0
SELIPO.BSE_IDX,01/07/2025,12:12:37,4916.3,0,0,0,0,0,0
SELIPO.BSE_IDX,01/07/2025,12:12:45,4916.75,0,0,0,0,0,0
SELIPO.BSE_IDX,01/07/2025,12:12:53,4916.41,0,0,0,0,0,0
SELIPO.BSE_IDX,01/07/2025,12:13:01,4916.32,0,0,0,0,0,0
SELIPO.BSE_IDX,01/07/2025,12:13:09,4916.38,0,0,0,0,0,0
SELIPO.BSE_IDX,01/07/2025,12:13:17,4916.25,0,0,0,0,0,0
SELIPO.BSE_IDX,01/07/2025,12:13:25,4916.46,0,0,0,0,0,0
SELIPO.BSE_IDX,01/07/2025,12:13:33,4916.38,0,0,0,0,0,0
SELIPO.BSE_IDX,01/07/2025,12:13:41,4916.14,0,0,0,0,0,0
SELIPO.BSE_IDX,01/07/2025,12:13:49,4916.19,0,0,0,0,0,0
SELIPO.BSE_IDX,01/07/2025,12:13:57,4916.02,0,0,0,0,0,0
SELIPO.BSE_IDX,01/07/2025,12:14:05,4915.96,0,0,0,0,0,0
SELIPO.BSE_IDX,01/07/2025,12:14:13,4915.73,0,0,0,0,0,0
SELIPO.BSE_IDX,01/07/2025,12:14:21,4916.13,0,0,0,0,0,0
SELIPO.BSE_IDX,01/07/2025,12:14:29,4916.29,0,0,0,0,0,0
SELIPO.BSE_IDX,01/07/2025,12:14:37,4916.27,0,0,0,0,0,0
SELIPO.BSE_IDX,01/07/2025,12:14:46,4916.51,0,0,0,0,0,0
SELIPO.BSE_IDX,01/07/2025,12:14:54,4916.56,0,0,0,0,0,0
SELIPO.BSE_IDX,01/07/2025,12:15:01,4916.62,0,0,0,0,0,0
SELIPO.BSE_IDX,01/07/2025,12:15:09,4916.78,0,0,0,0,0,0
SELIPO.BSE_IDX,01/07/2025,12:15:17,4916.71,0,0,0,0,0,0
SELIPO.BSE_IDX,01/07/2025,12:15:25,4916.85,0,0,0,0,0,0
SELIPO.BSE_IDX,01/07/2025,12:15:33,4916.84,0,0,0,0,0,0
SELIPO.BSE_IDX,01/07/2025,12:15:41,4916.6,0,0,0,0,0,0
SELIPO.BSE_IDX,01/07/2025,12:15:49,4916.8,0,0,0,0,0,0
SELIPO.BSE_IDX,01/07/2025,12:15:57,4917.16,0,0,0,0,0,0
SELIPO.BSE_IDX,01/07/2025,12:16:05,4917.13,0,0,0,0,0,0
SELIPO.BSE_IDX,01/07/2025,12:16:13,4916.93,0,0,0,0,0,0
SELIPO.BSE_IDX,01/07/2025,12:16:21,4916.82,0,0,0,0,0,0
SELIPO.BSE_IDX,01/07/2025,12:16:29,4916.86,0,0,0,0,0,0
SELIPO.BSE_IDX,01/07/2025,12:16:37,4916.8,0,0,0,0,0,0
SELIPO.BSE_IDX,01/07/2025,12:16:45,4917.06,0,0,0,0,0,0
SELIPO.BSE_IDX,01/07/2025,12:16:53,4917.13,0,0,0,0,0,0
SELIPO.BSE_IDX,01/07/2025,12:17:01,4916.98,0,0,0,0,0,0
SELIPO.BSE_IDX,01/07/2025,12:17:09,4917.07,0,0,0,0,0,0
SELIPO.BSE_IDX,01/07/2025,12:17:17,4917.3,0,0,0,0,0,0
SELIPO.BSE_IDX,01/07/2025,12:17:25,4917.47,0,0,0,0,0,0
SELIPO.BSE_IDX,01/07/2025,12:17:33,4917.42,0,0,0,0,0,0
SELIPO.BSE_IDX,01/07/2025,12:17:41,4917.76,0,0,0,0,0,0
SELIPO.BSE_IDX,01/07/2025,12:17:49,4917.48,0,0,0,0,0,0
SELIPO.BSE_IDX,01/07/2025,12:17:57,4917.15,0,0,0,0,0,0
SELIPO.BSE_IDX,01/07/2025,12:18:05,4918.25,0,0,0,0,0,0
SELIPO.BSE_IDX,01/07/2025,12:18:13,4918.26,0,0,0,0,0,0
SELIPO.BSE_IDX,01/07/2025,12:18:21,4918.4,0,0,0,0,0,0
SELIPO.BSE_IDX,01/07/2025,12:18:29,4918.35,0,0,0,0,0,0
SELIPO.BSE_IDX,01/07/2025,12:18:37,4918.21,0,0,0,0,0,0
SELIPO.BSE_IDX,01/07/2025,12:18:45,4918.35,0,0,0,0,0,0
SELIPO.BSE_IDX,01/07/2025,12:18:53,4918.36,0,0,0,0,0,0
SELIPO.BSE_IDX,01/07/2025,12:19:01,4918.49,0,0,0,0,0,0
SELIPO.BSE_IDX,01/07/2025,12:19:09,4918.73,0,0,0,0,0,0
SELIPO.BSE_IDX,01/07/2025,12:19:17,4918.78,0,0,0,0,0,0
SELIPO.BSE_IDX,01/07/2025,12:19:25,4918.76,0,0,0,0,0,0
SELIPO.BSE_IDX,01/07/2025,12:19:33,4919.02,0,0,0,0,0,0
SELIPO.BSE_IDX,01/07/2025,12:19:41,4919.65,0,0,0,0,0,0
SELIPO.BSE_IDX,01/07/2025,12:19:49,4919.94,0,0,0,0,0,0
SELIPO.BSE_IDX,01/07/2025,12:19:57,4920.06,0,0,0,0,0,0
SELIPO.BSE_IDX,01/07/2025,12:20:05,4919.96,0,0,0,0,0,0
SELIPO.BSE_IDX,01/07/2025,12:20:13,4919.92,0,0,0,0,0,0
SELIPO.BSE_IDX,01/07/2025,12:20:21,4920.25,0,0,0,0,0,0
SELIPO.BSE_IDX,01/07/2025,12:20:29,4920.19,0,0,0,0,0,0
SELIPO.BSE_IDX,01/07/2025,12:20:37,4920.19,0,0,0,0,0,0
SELIPO.BSE_IDX,01/07/2025,12:20:45,4920.09,0,0,0,0,0,0
SELIPO.BSE_IDX,01/07/2025,12:20:53,4919.92,0,0,0,0,0,0
SELIPO.BSE_IDX,01/07/2025,12:21:01,4920.11,0,0,0,0,0,0
SELIPO.BSE_IDX,01/07/2025,12:21:09,4920.01,0,0,0,0,0,0
SELIPO.BSE_IDX,01/07/2025,12:21:17,4919.78,0,0,0,0,0,0
SELIPO.BSE_IDX,01/07/2025,12:21:25,4919.93,0,0,0,0,0,0
SELIPO.BSE_IDX,01/07/2025,12:21:33,4920.18,0,0,0,0,0,0
SELIPO.BSE_IDX,01/07/2025,12:21:41,4920.84,0,0,0,0,0,0
SELIPO.BSE_IDX,01/07/2025,12:21:49,4921.51,0,0,0,0,0,0
SELIPO.BSE_IDX,01/07/2025,12:21:57,4921.29,0,0,0,0,0,0
SELIPO.BSE_IDX,01/07/2025,12:22:05,4921.4,0,0,0,0,0,0
SELIPO.BSE_IDX,01/07/2025,12:22:13,4921.51,0,0,0,0,0,0
SELIPO.BSE_IDX,01/07/2025,12:22:21,4921.57,0,0,0,0,0,0
SELIPO.BSE_IDX,01/07/2025,12:22:29,4921.33,0,0,0,0,0,0
SELIPO.BSE_IDX,01/07/2025,12:22:37,4921.52,0,0,0,0,0,0
SELIPO.BSE_IDX,01/07/2025,12:22:45,4921.95,0,0,0,0,0,0
SELIPO.BSE_IDX,01/07/2025,12:22:53,4922.08,0,0,0,0,0,0
SELIPO.BSE_IDX,01/07/2025,12:23:02,4922.63,0,0,0,0,0,0
SELIPO.BSE_IDX,01/07/2025,12:23:09,4923.26,0,0,0,0,0,0
SELIPO.BSE_IDX,01/07/2025,12:23:17,4923.26,0,0,0,0,0,0
SELIPO.BSE_IDX,01/07/2025,12:23:25,4923.29,0,0,0,0,0,0
SELIPO.BSE_IDX,01/07/2025,12:23:33,4923.59,0,0,0,0,0,0
SELIPO.BSE_IDX,01/07/2025,12:23:41,4923.53,0,0,0,0,0,0
SELIPO.BSE_IDX,01/07/2025,12:23:49,4923.5,0,0,0,0,0,0
SELIPO.BSE_IDX,01/07/2025,12:23:57,4923.33,0,0,0,0,0,0
SELIPO.BSE_IDX,01/07/2025,12:24:05,4923.33,0,0,0,0,0,0
SELIPO.BSE_IDX,01/07/2025,12:24:13,4923.35,0,0,0,0,0,0
SELIPO.BSE_IDX,01/07/2025,12:24:21,4923.22,0,0,0,0,0,0
SELIPO.BSE_IDX,01/07/2025,12:24:29,4923.19,0,0,0,0,0,0
SELIPO.BSE_IDX,01/07/2025,12:24:37,4923.13,0,0,0,0,0,0
SELIPO.BSE_IDX,01/07/2025,12:24:45,4923.39,0,0,0,0,0,0
SELIPO.BSE_IDX,01/07/2025,12:24:53,4923.63,0,0,0,0,0,0
SELIPO.BSE_IDX,01/07/2025,12:25:01,4923.85,0,0,0,0,0,0
SELIPO.BSE_IDX,01/07/2025,12:25:09,4923.59,0,0,0,0,0,0
SELIPO.BSE_IDX,01/07/2025,12:25:17,4923.66,0,0,0,0,0,0
SELIPO.BSE_IDX,01/07/2025,12:25:25,4923.76,0,0,0,0,0,0
SELIPO.BSE_IDX,01/07/2025,12:25:33,4923.99,0,0,0,0,0,0
SELIPO.BSE_IDX,01/07/2025,12:25:41,4923.97,0,0,0,0,0,0
SELIPO.BSE_IDX,01/07/2025,12:25:49,4924.22,0,0,0,0,0,0
SELIPO.BSE_IDX,01/07/2025,12:25:57,4924.44,0,0,0,0,0,0
SELIPO.BSE_IDX,01/07/2025,12:26:05,4924.62,0,0,0,0,0,0
SELIPO.BSE_IDX,01/07/2025,12:26:13,4924.76,0,0,0,0,0,0
SELIPO.BSE_IDX,01/07/2025,12:26:21,4924.51,0,0,0,0,0,0
SELIPO.BSE_IDX,01/07/2025,12:26:31,4924.59,0,0,0,0,0,0
SELIPO.BSE_IDX,01/07/2025,12:26:37,4924.39,0,0,0,0,0,0
SELIPO.BSE_IDX,01/07/2025,12:26:45,4923.94,0,0,0,0,0,0
SELIPO.BSE_IDX,01/07/2025,12:26:53,4924.02,0,0,0,0,0,0
SELIPO.BSE_IDX,01/07/2025,12:27:01,4923.81,0,0,0,0,0,0
SELIPO.BSE_IDX,01/07/2025,12:27:09,4923.26,0,0,0,0,0,0
SELIPO.BSE_IDX,01/07/2025,12:27:17,4922.82,0,0,0,0,0,0
SELIPO.BSE_IDX,01/07/2025,12:27:25,4923.16,0,0,0,0,0,0
SELIPO.BSE_IDX,01/07/2025,12:27:33,4923.33,0,0,0,0,0,0
SELIPO.BSE_IDX,01/07/2025,12:27:41,4922.91,0,0,0,0,0,0
SELIPO.BSE_IDX,01/07/2025,12:27:49,4923.19,0,0,0,0,0,0
SELIPO.BSE_IDX,01/07/2025,12:27:57,4923.72,0,0,0,0,0,0
SELIPO.BSE_IDX,01/07/2025,12:28:05,4923.88,0,0,0,0,0,0
SELIPO.BSE_IDX,01/07/2025,12:28:13,4924.06,0,0,0,0,0,0
SELIPO.BSE_IDX,01/07/2025,12:28:21,4923.94,0,0,0,0,0,0
SELIPO.BSE_IDX,01/07/2025,12:28:29,4923.7,0,0,0,0,0,0
SELIPO.BSE_IDX,01/07/2025,12:28:37,4923.42,0,0,0,0,0,0
SELIPO.BSE_IDX,01/07/2025,12:28:45,4923.27,0,0,0,0,0,0
SELIPO.BSE_IDX,01/07/2025,12:28:53,4923.25,0,0,0,0,0,0
SELIPO.BSE_IDX,01/07/2025,12:29:01,4923.24,0,0,0,0,0,0
SELIPO.BSE_IDX,01/07/2025,12:29:10,4923.45,0,0,0,0,0,0
SELIPO.BSE_IDX,01/07/2025,12:29:18,4923.28,0,0,0,0,0,0
SELIPO.BSE_IDX,01/07/2025,12:29:25,4923.2,0,0,0,0,0,0
SELIPO.BSE_IDX,01/07/2025,12:29:33,4923.26,0,0,0,0,0,0
SELIPO.BSE_IDX,01/07/2025,12:29:41,4923.3,0,0,0,0,0,0
SELIPO.BSE_IDX,01/07/2025,12:29:49,4923.15,0,0,0,0,0,0
SELIPO.BSE_IDX,01/07/2025,12:29:57,4922.81,0,0,0,0,0,0
SELIPO.BSE_IDX,01/07/2025,12:30:05,4922.92,0,0,0,0,0,0
SELIPO.BSE_IDX,01/07/2025,12:30:13,4923.04,0,0,0,0,0,0
SELIPO.BSE_IDX,01/07/2025,12:30:22,4922.89,0,0,0,0,0,0
SELIPO.BSE_IDX,01/07/2025,12:30:29,4923.12,0,0,0,0,0,0
SELIPO.BSE_IDX,01/07/2025,12:30:37,4922.91,0,0,0,0,0,0
SELIPO.BSE_IDX,01/07/2025,12:30:45,4923.31,0,0,0,0,0,0
SELIPO.BSE_IDX,01/07/2025,12:30:53,4923.47,0,0,0,0,0,0
SELIPO.BSE_IDX,01/07/2025,12:31:01,4923.48,0,0,0,0,0,0
SELIPO.BSE_IDX,01/07/2025,12:31:09,4923.21,0,0,0,0,0,0
SELIPO.BSE_IDX,01/07/2025,12:31:17,4923.8,0,0,0,0,0,0
SELIPO.BSE_IDX,01/07/2025,12:31:25,4923.99,0,0,0,0,0,0
SELIPO.BSE_IDX,01/07/2025,12:31:34,4923.27,0,0,0,0,0,0
SELIPO.BSE_IDX,01/07/2025,12:31:41,4923.18,0,0,0,0,0,0
SELIPO.BSE_IDX,01/07/2025,12:31:49,4923.2,0,0,0,0,0,0
SELIPO.BSE_IDX,01/07/2025,12:31:57,4923.03,0,0,0,0,0,0
SELIPO.BSE_IDX,01/07/2025,12:32:05,4923.32,0,0,0,0,0,0
SELIPO.BSE_IDX,01/07/2025,12:32:13,4923.09,0,0,0,0,0,0
SELIPO.BSE_IDX,01/07/2025,12:32:21,4923.02,0,0,0,0,0,0
SELIPO.BSE_IDX,01/07/2025,12:32:29,4923.16,0,0,0,0,0,0
SELIPO.BSE_IDX,01/07/2025,12:32:37,4922.88,0,0,0,0,0,0
SELIPO.BSE_IDX,01/07/2025,12:32:45,4922.53,0,0,0,0,0,0
SELIPO.BSE_IDX,01/07/2025,12:32:53,4922.52,0,0,0,0,0,0
SELIPO.BSE_IDX,01/07/2025,12:33:01,4922.2,0,0,0,0,0,0
SELIPO.BSE_IDX,01/07/2025,12:33:09,4922.3,0,0,0,0,0,0
SELIPO.BSE_IDX,01/07/2025,12:33:17,4922.44,0,0,0,0,0,0
SELIPO.BSE_IDX,01/07/2025,12:33:26,4922.46,0,0,0,0,0,0
SELIPO.BSE_IDX,01/07/2025,12:33:33,4922.47,0,0,0,0,0,0
SELIPO.BSE_IDX,01/07/2025,12:33:41,4922.54,0,0,0,0,0,0
SELIPO.BSE_IDX,01/07/2025,12:33:49,4922.32,0,0,0,0,0,0
SELIPO.BSE_IDX,01/07/2025,12:33:57,4922.21,0,0,0,0,0,0
SELIPO.BSE_IDX,01/07/2025,12:34:05,4922.41,0,0,0,0,0,0
SELIPO.BSE_IDX,01/07/2025,12:34:13,4922.45,0,0,0,0,0,0
SELIPO.BSE_IDX,01/07/2025,12:34:21,4922.28,0,0,0,0,0,0
SELIPO.BSE_IDX,01/07/2025,12:34:29,4922.6,0,0,0,0,0,0
SELIPO.BSE_IDX,01/07/2025,12:34:37,4922.71,0,0,0,0,0,0
SELIPO.BSE_IDX,01/07/2025,12:34:45,4922.88,0,0,0,0,0,0
SELIPO.BSE_IDX,01/07/2025,12:34:53,4922.83,0,0,0,0,0,0
SELIPO.BSE_IDX,01/07/2025,12:35:01,4923.13,0,0,0,0,0,0
SELIPO.BSE_IDX,01/07/2025,12:35:09,4923.21,0,0,0,0,0,0
SELIPO.BSE_IDX,01/07/2025,12:35:17,4923.22,0,0,0,0,0,0
SELIPO.BSE_IDX,01/07/2025,12:35:25,4923.1,0,0,0,0,0,0
SELIPO.BSE_IDX,01/07/2025,12:35:33,4923.06,0,0,0,0,0,0
SELIPO.BSE_IDX,01/07/2025,12:35:41,4922.9,0,0,0,0,0,0
SELIPO.BSE_IDX,01/07/2025,12:35:49,4922.86,0,0,0,0,0,0
SELIPO.BSE_IDX,01/07/2025,12:35:57,4923.07,0,0,0,0,0,0
SELIPO.BSE_IDX,01/07/2025,12:36:05,4923.11,0,0,0,0,0,0
SELIPO.BSE_IDX,01/07/2025,12:36:13,4922.96,0,0,0,0,0,0
SELIPO.BSE_IDX,01/07/2025,12:36:21,4923.21,0,0,0,0,0,0
SELIPO.BSE_IDX,01/07/2025,12:36:29,4923.24,0,0,0,0,0,0
SELIPO.BSE_IDX,01/07/2025,12:36:37,4923.44,0,0,0,0,0,0
SELIPO.BSE_IDX,01/07/2025,12:36:45,4923.41,0,0,0,0,0,0
SELIPO.BSE_IDX,01/07/2025,12:36:53,4923.5,0,0,0,0,0,0
SELIPO.BSE_IDX,01/07/2025,12:37:01,4923.54,0,0,0,0,0,0
SELIPO.BSE_IDX,01/07/2025,12:37:09,4923.54,0,0,0,0,0,0
SELIPO.BSE_IDX,01/07/2025,12:37:17,4923.69,0,0,0,0,0,0
SELIPO.BSE_IDX,01/07/2025,12:37:25,4923.63,0,0,0,0,0,0
SELIPO.BSE_IDX,01/07/2025,12:37:33,4923.53,0,0,0,0,0,0
SELIPO.BSE_IDX,01/07/2025,12:37:41,4923.4,0,0,0,0,0,0
SELIPO.BSE_IDX,01/07/2025,12:37:49,4922.95,0,0,0,0,0,0
SELIPO.BSE_IDX,01/07/2025,12:37:57,4922.86,0,0,0,0,0,0
SELIPO.BSE_IDX,01/07/2025,12:38:05,4922.8,0,0,0,0,0,0
SELIPO.BSE_IDX,01/07/2025,12:38:13,4923.03,0,0,0,0,0,0
SELIPO.BSE_IDX,01/07/2025,12:38:22,4923.08,0,0,0,0,0,0
SELIPO.BSE_IDX,01/07/2025,12:38:29,4922.92,0,0,0,0,0,0
SELIPO.BSE_IDX,01/07/2025,12:38:39,4922.71,0,0,0,0,0,0
SELIPO.BSE_IDX,01/07/2025,12:38:45,4922.91,0,0,0,0,0,0
SELIPO.BSE_IDX,01/07/2025,12:38:53,4922.75,0,0,0,0,0,0
SELIPO.BSE_IDX,01/07/2025,12:39:01,4923.08,0,0,0,0,0,0
SELIPO.BSE_IDX,01/07/2025,12:39:10,4923.24,0,0,0,0,0,0
SELIPO.BSE_IDX,01/07/2025,12:39:18,4923.62,0,0,0,0,0,0
SELIPO.BSE_IDX,01/07/2025,12:39:25,4923.83,0,0,0,0,0,0
SELIPO.BSE_IDX,01/07/2025,12:39:34,4923.63,0,0,0,0,0,0
SELIPO.BSE_IDX,01/07/2025,12:39:42,4923.59,0,0,0,0,0,0
SELIPO.BSE_IDX,01/07/2025,12:39:49,4923.63,0,0,0,0,0,0
SELIPO.BSE_IDX,01/07/2025,12:39:57,4923.54,0,0,0,0,0,0
SELIPO.BSE_IDX,01/07/2025,12:40:05,4923.48,0,0,0,0,0,0
SELIPO.BSE_IDX,01/07/2025,12:40:14,4923.63,0,0,0,0,0,0
SELIPO.BSE_IDX,01/07/2025,12:40:21,4923.36,0,0,0,0,0,0
SELIPO.BSE_IDX,01/07/2025,12:40:29,4923.37,0,0,0,0,0,0
SELIPO.BSE_IDX,01/07/2025,12:40:37,4923.17,0,0,0,0,0,0
SELIPO.BSE_IDX,01/07/2025,12:40:45,4923.29,0,0,0,0,0,0
SELIPO.BSE_IDX,01/07/2025,12:40:54,4922.62,0,0,0,0,0,0
SELIPO.BSE_IDX,01/07/2025,12:41:01,4922.2,0,0,0,0,0,0
SELIPO.BSE_IDX,01/07/2025,12:41:09,4922.11,0,0,0,0,0,0
SELIPO.BSE_IDX,01/07/2025,12:41:17,4922.14,0,0,0,0,0,0
SELIPO.BSE_IDX,01/07/2025,12:41:25,4921.96,0,0,0,0,0,0
SELIPO.BSE_IDX,01/07/2025,12:41:33,4922.78,0,0,0,0,0,0
SELIPO.BSE_IDX,01/07/2025,12:41:50,4923.69,0,0,0,0,0,0
SELIPO.BSE_IDX,01/07/2025,12:41:58,4924.3,0,0,0,0,0,0
SELIPO.BSE_IDX,01/07/2025,12:42:05,4923.93,0,0,0,0,0,0
SELIPO.BSE_IDX,01/07/2025,12:42:13,4923.91,0,0,0,0,0,0
SELIPO.BSE_IDX,01/07/2025,12:42:21,4923.77,0,0,0,0,0,0
SELIPO.BSE_IDX,01/07/2025,12:42:29,4923.99,0,0,0,0,0,0
SELIPO.BSE_IDX,01/07/2025,12:42:37,4924.71,0,0,0,0,0,0
SELIPO.BSE_IDX,01/07/2025,12:42:46,4924.81,0,0,0,0,0,0
SELIPO.BSE_IDX,01/07/2025,12:42:53,4925.22,0,0,0,0,0,0
SELIPO.BSE_IDX,01/07/2025,12:43:01,4924.97,0,0,0,0,0,0
SELIPO.BSE_IDX,01/07/2025,12:43:10,4924.83,0,0,0,0,0,0
SELIPO.BSE_IDX,01/07/2025,12:43:17,4925.1,0,0,0,0,0,0
SELIPO.BSE_IDX,01/07/2025,12:43:26,4925.61,0,0,0,0,0,0
SELIPO.BSE_IDX,01/07/2025,12:43:34,4925.57,0,0,0,0,0,0
SELIPO.BSE_IDX,01/07/2025,12:43:42,4925.19,0,0,0,0,0,0
SELIPO.BSE_IDX,01/07/2025,12:43:49,4925.42,0,0,0,0,0,0
SELIPO.BSE_IDX,01/07/2025,12:43:58,4925.27,0,0,0,0,0,0
SELIPO.BSE_IDX,01/07/2025,12:44:05,4924.94,0,0,0,0,0,0
SELIPO.BSE_IDX,01/07/2025,12:44:14,4924.69,0,0,0,0,0,0
SELIPO.BSE_IDX,01/07/2025,12:44:22,4924.89,0,0,0,0,0,0
SELIPO.BSE_IDX,01/07/2025,12:44:29,4924.38,0,0,0,0,0,0
SELIPO.BSE_IDX,01/07/2025,12:44:38,4923.73,0,0,0,0,0,0
SELIPO.BSE_IDX,01/07/2025,12:44:46,4923.9,0,0,0,0,0,0
SELIPO.BSE_IDX,01/07/2025,12:44:53,4924.28,0,0,0,0,0,0
SELIPO.BSE_IDX,01/07/2025,12:45:01,4923.99,0,0,0,0,0,0
SELIPO.BSE_IDX,01/07/2025,12:45:11,4923.48,0,0,0,0,0,0
SELIPO.BSE_IDX,01/07/2025,12:45:18,4923.46,0,0,0,0,0,0
SELIPO.BSE_IDX,01/07/2025,12:45:26,4923.2,0,0,0,0,0,0
SELIPO.BSE_IDX,01/07/2025,12:45:34,4922.74,0,0,0,0,0,0
SELIPO.BSE_IDX,01/07/2025,12:45:42,4922.79,0,0,0,0,0,0
SELIPO.BSE_IDX,01/07/2025,12:45:50,4922.98,0,0,0,0,0,0
SELIPO.BSE_IDX,01/07/2025,12:45:58,4923.07,0,0,0,0,0,0
SELIPO.BSE_IDX,01/07/2025,12:46:06,4923.05,0,0,0,0,0,0
SELIPO.BSE_IDX,01/07/2025,12:46:14,4923.03,0,0,0,0,0,0
SELIPO.BSE_IDX,01/07/2025,12:46:22,4922.75,0,0,0,0,0,0
SELIPO.BSE_IDX,01/07/2025,12:46:30,4922.86,0,0,0,0,0,0
SELIPO.BSE_IDX,01/07/2025,12:46:38,4922.8,0,0,0,0,0,0
SELIPO.BSE_IDX,01/07/2025,12:46:46,4922.72,0,0,0,0,0,0
SELIPO.BSE_IDX,01/07/2025,12:46:54,4922.02,0,0,0,0,0,0
SELIPO.BSE_IDX,01/07/2025,12:47:02,4922.2,0,0,0,0,0,0
SELIPO.BSE_IDX,01/07/2025,12:47:10,4921.83,0,0,0,0,0,0
SELIPO.BSE_IDX,01/07/2025,12:47:18,4921.89,0,0,0,0,0,0
SELIPO.BSE_IDX,01/07/2025,12:47:26,4921.49,0,0,0,0,0,0
SELIPO.BSE_IDX,01/07/2025,12:47:34,4921.3,0,0,0,0,0,0
SELIPO.BSE_IDX,01/07/2025,12:47:42,4921.15,0,0,0,0,0,0
SELIPO.BSE_IDX,01/07/2025,12:47:50,4921.22,0,0,0,0,0,0
SELIPO.BSE_IDX,01/07/2025,12:47:58,4920.78,0,0,0,0,0,0
SELIPO.BSE_IDX,01/07/2025,12:48:06,4920.75,0,0,0,0,0,0
SELIPO.BSE_IDX,01/07/2025,12:48:14,4920.62,0,0,0,0,0,0
SELIPO.BSE_IDX,01/07/2025,12:48:22,4920.43,0,0,0,0,0,0
SELIPO.BSE_IDX,01/07/2025,12:48:30,4920.51,0,0,0,0,0,0
SELIPO.BSE_IDX,01/07/2025,12:48:38,4920.87,0,0,0,0,0,0
SELIPO.BSE_IDX,01/07/2025,12:48:46,4921.14,0,0,0,0,0,0
SELIPO.BSE_IDX,01/07/2025,12:48:54,4920.99,0,0,0,0,0,0
SELIPO.BSE_IDX,01/07/2025,12:49:02,4920.9,0,0,0,0,0,0
SELIPO.BSE_IDX,01/07/2025,12:49:10,4921.26,0,0,0,0,0,0
SELIPO.BSE_IDX,01/07/2025,12:49:18,4921.36,0,0,0,0,0,0
SELIPO.BSE_IDX,01/07/2025,12:49:26,4921.25,0,0,0,0,0,0
SELIPO.BSE_IDX,01/07/2025,12:49:34,4920.85,0,0,0,0,0,0
SELIPO.BSE_IDX,01/07/2025,12:49:42,4921.05,0,0,0,0,0,0
SELIPO.BSE_IDX,01/07/2025,12:49:50,4920.97,0,0,0,0,0,0
SELIPO.BSE_IDX,01/07/2025,12:49:58,4921.34,0,0,0,0,0,0
SELIPO.BSE_IDX,01/07/2025,12:50:06,4921.33,0,0,0,0,0,0
SELIPO.BSE_IDX,01/07/2025,12:50:14,4921.5,0,0,0,0,0,0
SELIPO.BSE_IDX,01/07/2025,12:50:22,4921.39,0,0,0,0,0,0
SELIPO.BSE_IDX,01/07/2025,12:50:30,4921.99,0,0,0,0,0,0
SELIPO.BSE_IDX,01/07/2025,12:50:38,4921.84,0,0,0,0,0,0
SELIPO.BSE_IDX,01/07/2025,12:50:47,4921.49,0,0,0,0,0,0
SELIPO.BSE_IDX,01/07/2025,12:50:54,4921.8,0,0,0,0,0,0
SELIPO.BSE_IDX,01/07/2025,12:51:02,4921.84,0,0,0,0,0,0
SELIPO.BSE_IDX,01/07/2025,12:51:10,4922.08,0,0,0,0,0,0
SELIPO.BSE_IDX,01/07/2025,12:51:19,4922.45,0,0,0,0,0,0
SELIPO.BSE_IDX,01/07/2025,12:51:26,4922.64,0,0,0,0,0,0
SELIPO.BSE_IDX,01/07/2025,12:51:34,4922.64,0,0,0,0,0,0
SELIPO.BSE_IDX,01/07/2025,12:51:42,4922.62,0,0,0,0,0,0
SELIPO.BSE_IDX,01/07/2025,12:51:50,4922.95,0,0,0,0,0,0
SELIPO.BSE_IDX,01/07/2025,12:51:58,4922.6,0,0,0,0,0,0
SELIPO.BSE_IDX,01/07/2025,12:52:06,4922.26,0,0,0,0,0,0
SELIPO.BSE_IDX,01/07/2025,12:52:14,4922.45,0,0,0,0,0,0
SELIPO.BSE_IDX,01/07/2025,12:52:22,4922.55,0,0,0,0,0,0
SELIPO.BSE_IDX,01/07/2025,12:52:30,4922.63,0,0,0,0,0,0
SELIPO.BSE_IDX,01/07/2025,12:52:38,4922.53,0,0,0,0,0,0
SELIPO.BSE_IDX,01/07/2025,12:52:46,4922.55,0,0,0,0,0,0
SELIPO.BSE_IDX,01/07/2025,12:52:54,4922.89,0,0,0,0,0,0
SELIPO.BSE_IDX,01/07/2025,12:53:02,4923,0,0,0,0,0,0
SELIPO.BSE_IDX,01/07/2025,12:53:10,4922.69,0,0,0,0,0,0
SELIPO.BSE_IDX,01/07/2025,12:53:18,4922.94,0,0,0,0,0,0
SELIPO.BSE_IDX,01/07/2025,12:53:26,4923,0,0,0,0,0,0
SELIPO.BSE_IDX,01/07/2025,12:53:34,4923.39,0,0,0,0,0,0
SELIPO.BSE_IDX,01/07/2025,12:53:42,4923.25,0,0,0,0,0,0
SELIPO.BSE_IDX,01/07/2025,12:53:50,4923.15,0,0,0,0,0,0
SELIPO.BSE_IDX,01/07/2025,12:53:58,4923.17,0,0,0,0,0,0
SELIPO.BSE_IDX,01/07/2025,12:54:06,4922.55,0,0,0,0,0,0
SELIPO.BSE_IDX,01/07/2025,12:54:14,4922.85,0,0,0,0,0,0
SELIPO.BSE_IDX,01/07/2025,12:54:22,4923.06,0,0,0,0,0,0
SELIPO.BSE_IDX,01/07/2025,12:54:30,4923.14,0,0,0,0,0,0
SELIPO.BSE_IDX,01/07/2025,12:54:38,4922.87,0,0,0,0,0,0
SELIPO.BSE_IDX,01/07/2025,12:54:46,4922.98,0,0,0,0,0,0
SELIPO.BSE_IDX,01/07/2025,12:54:54,4922.57,0,0,0,0,0,0
SELIPO.BSE_IDX,01/07/2025,12:55:02,4922.55,0,0,0,0,0,0
SELIPO.BSE_IDX,01/07/2025,12:55:10,4922.47,0,0,0,0,0,0
SELIPO.BSE_IDX,01/07/2025,12:55:18,4921.6,0,0,0,0,0,0
SELIPO.BSE_IDX,01/07/2025,12:55:26,4921.08,0,0,0,0,0,0
SELIPO.BSE_IDX,01/07/2025,12:55:34,4921.71,0,0,0,0,0,0
SELIPO.BSE_IDX,01/07/2025,12:55:42,4921.48,0,0,0,0,0,0
SELIPO.BSE_IDX,01/07/2025,12:55:50,4921.2,0,0,0,0,0,0
SELIPO.BSE_IDX,01/07/2025,12:55:58,4920.84,0,0,0,0,0,0
SELIPO.BSE_IDX,01/07/2025,12:56:06,4921,0,0,0,0,0,0
SELIPO.BSE_IDX,01/07/2025,12:56:15,4920.84,0,0,0,0,0,0
SELIPO.BSE_IDX,01/07/2025,12:56:22,4920.79,0,0,0,0,0,0
SELIPO.BSE_IDX,01/07/2025,12:56:30,4920.6,0,0,0,0,0,0
SELIPO.BSE_IDX,01/07/2025,12:56:38,4920.42,0,0,0,0,0,0
SELIPO.BSE_IDX,01/07/2025,12:56:46,4920.36,0,0,0,0,0,0
SELIPO.BSE_IDX,01/07/2025,12:56:54,4920.48,0,0,0,0,0,0
SELIPO.BSE_IDX,01/07/2025,12:57:02,4920.25,0,0,0,0,0,0
SELIPO.BSE_IDX,01/07/2025,12:57:10,4920.21,0,0,0,0,0,0
SELIPO.BSE_IDX,01/07/2025,12:57:18,4920.13,0,0,0,0,0,0
SELIPO.BSE_IDX,01/07/2025,12:57:26,4919.95,0,0,0,0,0,0
SELIPO.BSE_IDX,01/07/2025,12:57:34,4920.24,0,0,0,0,0,0
SELIPO.BSE_IDX,01/07/2025,12:57:42,4920.26,0,0,0,0,0,0
SELIPO.BSE_IDX,01/07/2025,12:57:51,4920.15,0,0,0,0,0,0
SELIPO.BSE_IDX,01/07/2025,12:57:58,4920.08,0,0,0,0,0,0
SELIPO.BSE_IDX,01/07/2025,12:58:06,4919.86,0,0,0,0,0,0
SELIPO.BSE_IDX,01/07/2025,12:58:14,4919.61,0,0,0,0,0,0
SELIPO.BSE_IDX,01/07/2025,12:58:22,4919.81,0,0,0,0,0,0
