Ticker,Date,Time,LTP,BuyPrice,BuyQty,SellPrice,SellQty,LTQ,OpenInterest
SENEQW.BSE_IDX,01/07/2025,09:00:00,80656.45,0,0,0,0,0,0
SENEQW.BSE_IDX,01/07/2025,09:00:07,81221.92,0,0,0,0,0,0
SENEQW.BSE_IDX,01/07/2025,09:00:15,81104.77,0,0,0,0,0,0
SENEQW.BSE_IDX,01/07/2025,09:00:23,80936.96,0,0,0,0,0,0
SENEQW.BSE_IDX,01/07/2025,09:00:31,80944.41,0,0,0,0,0,0
SENEQW.BSE_IDX,01/07/2025,09:00:39,80951.83,0,0,0,0,0,0
SENEQW.BSE_IDX,01/07/2025,09:00:47,80932.3,0,0,0,0,0,0
SENEQW.BSE_IDX,01/07/2025,09:00:55,80944.74,0,0,0,0,0,0
SENEQW.BSE_IDX,01/07/2025,09:01:03,80970.2,0,0,0,0,0,0
SENEQW.BSE_IDX,01/07/2025,09:01:11,80962.13,0,0,0,0,0,0
SENEQW.BSE_IDX,01/07/2025,09:01:19,80961.27,0,0,0,0,0,0
SENEQW.BSE_IDX,01/07/2025,09:01:27,80920.59,0,0,0,0,0,0
SENEQW.BSE_IDX,01/07/2025,09:01:35,80873.86,0,0,0,0,0,0
SENEQW.BSE_IDX,01/07/2025,09:01:43,80862.36,0,0,0,0,0,0
SENEQW.BSE_IDX,01/07/2025,09:01:51,80845.4,0,0,0,0,0,0
SENEQW.BSE_IDX,01/07/2025,09:01:59,80851.36,0,0,0,0,0,0
SENEQW.BSE_IDX,01/07/2025,09:02:07,80865.87,0,0,0,0,0,0
SENEQW.BSE_IDX,01/07/2025,09:02:15,80877.91,0,0,0,0,0,0
SENEQW.BSE_IDX,01/07/2025,09:02:23,80877.91,0,0,0,0,0,0
SENEQW.BSE_IDX,01/07/2025,09:02:31,80878.65,0,0,0,0,0,0
SENEQW.BSE_IDX,01/07/2025,09:02:39,80878.65,0,0,0,0,0,0
SENEQW.BSE_IDX,01/07/2025,09:02:47,80872.18,0,0,0,0,0,0
SENEQW.BSE_IDX,01/07/2025,09:02:55,80865.57,0,0,0,0,0,0
SENEQW.BSE_IDX,01/07/2025,09:03:03,80886.62,0,0,0,0,0,0
SENEQW.BSE_IDX,01/07/2025,09:03:11,80882.95,0,0,0,0,0,0
SENEQW.BSE_IDX,01/07/2025,09:03:19,80881.9,0,0,0,0,0,0
SENEQW.BSE_IDX,01/07/2025,09:03:27,80871.21,0,0,0,0,0,0
SENEQW.BSE_IDX,01/07/2025,09:03:35,80880.16,0,0,0,0,0,0
SENEQW.BSE_IDX,01/07/2025,09:03:43,80866.94,0,0,0,0,0,0
SENEQW.BSE_IDX,01/07/2025,09:03:51,80834.43,0,0,0,0,0,0
SENEQW.BSE_IDX,01/07/2025,09:03:59,80813.39,0,0,0,0,0,0
SENEQW.BSE_IDX,01/07/2025,09:04:07,80816.87,0,0,0,0,0,0
SENEQW.BSE_IDX,01/07/2025,09:04:15,80804.04,0,0,0,0,0,0
SENEQW.BSE_IDX,01/07/2025,09:04:23,80813.05,0,0,0,0,0,0
SENEQW.BSE_IDX,01/07/2025,09:04:31,80785.86,0,0,0,0,0,0
SENEQW.BSE_IDX,01/07/2025,09:04:39,80788.73,0,0,0,0,0,0
SENEQW.BSE_IDX,01/07/2025,09:04:47,80755.64,0,0,0,0,0,0
SENEQW.BSE_IDX,01/07/2025,09:04:55,80723.5,0,0,0,0,0,0
SENEQW.BSE_IDX,01/07/2025,09:05:03,80721.1,0,0,0,0,0,0
SENEQW.BSE_IDX,01/07/2025,09:05:11,80706.15,0,0,0,0,0,0
SENEQW.BSE_IDX,01/07/2025,09:05:19,80746.94,0,0,0,0,0,0
SENEQW.BSE_IDX,01/07/2025,09:05:27,80760.17,0,0,0,0,0,0
SENEQW.BSE_IDX,01/07/2025,09:05:35,80755.79,0,0,0,0,0,0
SENEQW.BSE_IDX,01/07/2025,09:05:43,80772.44,0,0,0,0,0,0
SENEQW.BSE_IDX,01/07/2025,09:05:51,80755.67,0,0,0,0,0,0
SENEQW.BSE_IDX,01/07/2025,09:05:59,80799.24,0,0,0,0,0,0
SENEQW.BSE_IDX,01/07/2025,09:06:07,80795.01,0,0,0,0,0,0
SENEQW.BSE_IDX,01/07/2025,09:06:15,80800.86,0,0,0,0,0,0
SENEQW.BSE_IDX,01/07/2025,09:06:23,80815.64,0,0,0,0,0,0
SENEQW.BSE_IDX,01/07/2025,09:06:31,80824.28,0,0,0,0,0,0
SENEQW.BSE_IDX,01/07/2025,09:06:39,80837.42,0,0,0,0,0,0
SENEQW.BSE_IDX,01/07/2025,09:06:47,80822.59,0,0,0,0,0,0
SENEQW.BSE_IDX,01/07/2025,09:06:55,80821.2,0,0,0,0,0,0
SENEQW.BSE_IDX,01/07/2025,09:07:04,80816.9,0,0,0,0,0,0
SENEQW.BSE_IDX,01/07/2025,09:07:11,80816.9,0,0,0,0,0,0
SENEQW.BSE_IDX,01/07/2025,09:07:19,80816.9,0,0,0,0,0,0
SENEQW.BSE_IDX,01/07/2025,09:07:27,80816.9,0,0,0,0,0,0
SENEQW.BSE_IDX,01/07/2025,09:07:35,80816.9,0,0,0,0,0,0
SENEQW.BSE_IDX,01/07/2025,09:07:43,80816.9,0,0,0,0,0,0
SENEQW.BSE_IDX,01/07/2025,09:07:51,80816.9,0,0,0,0,0,0
SENEQW.BSE_IDX,01/07/2025,09:07:59,80816.9,0,0,0,0,0,0
SENEQW.BSE_IDX,01/07/2025,09:08:07,80816.9,0,0,0,0,0,0
SENEQW.BSE_IDX,01/07/2025,09:08:15,80816.9,0,0,0,0,0,0
SENEQW.BSE_IDX,01/07/2025,09:08:23,80816.9,0,0,0,0,0,0
SENEQW.BSE_IDX,01/07/2025,09:08:31,80816.9,0,0,0,0,0,0
SENEQW.BSE_IDX,01/07/2025,09:08:39,80816.9,0,0,0,0,0,0
SENEQW.BSE_IDX,01/07/2025,09:08:47,80816.9,0,0,0,0,0,0
SENEQW.BSE_IDX,01/07/2025,09:08:55,80816.9,0,0,0,0,0,0
SENEQW.BSE_IDX,01/07/2025,09:09:03,80816.09,0,0,0,0,0,0
SENEQW.BSE_IDX,01/07/2025,09:09:11,80816.09,0,0,0,0,0,0
SENEQW.BSE_IDX,01/07/2025,09:09:20,80816.09,0,0,0,0,0,0
SENEQW.BSE_IDX,01/07/2025,09:09:27,80816.09,0,0,0,0,0,0
SENEQW.BSE_IDX,01/07/2025,09:09:36,80816.09,0,0,0,0,0,0
SENEQW.BSE_IDX,01/07/2025,09:09:43,80816.09,0,0,0,0,0,0
SENEQW.BSE_IDX,01/07/2025,09:09:51,80816.09,0,0,0,0,0,0
SENEQW.BSE_IDX,01/07/2025,09:09:59,80816.09,0,0,0,0,0,0
SENEQW.BSE_IDX,01/07/2025,09:10:07,80816.09,0,0,0,0,0,0
SENEQW.BSE_IDX,01/07/2025,09:10:16,80816.09,0,0,0,0,0,0
SENEQW.BSE_IDX,01/07/2025,09:10:24,80816.09,0,0,0,0,0,0
SENEQW.BSE_IDX,01/07/2025,09:10:32,80816.09,0,0,0,0,0,0
SENEQW.BSE_IDX,01/07/2025,09:10:39,80816.09,0,0,0,0,0,0
SENEQW.BSE_IDX,01/07/2025,09:10:47,80816.09,0,0,0,0,0,0
SENEQW.BSE_IDX,01/07/2025,09:10:55,80816.09,0,0,0,0,0,0
SENEQW.BSE_IDX,01/07/2025,09:11:03,80816.09,0,0,0,0,0,0
SENEQW.BSE_IDX,01/07/2025,09:11:11,80816.09,0,0,0,0,0,0
SENEQW.BSE_IDX,01/07/2025,09:11:19,80816.09,0,0,0,0,0,0
SENEQW.BSE_IDX,01/07/2025,09:11:27,80816.09,0,0,0,0,0,0
SENEQW.BSE_IDX,01/07/2025,09:11:35,80816.09,0,0,0,0,0,0
SENEQW.BSE_IDX,01/07/2025,09:11:43,80816.09,0,0,0,0,0,0
SENEQW.BSE_IDX,01/07/2025,09:11:51,80816.09,0,0,0,0,0,0
SENEQW.BSE_IDX,01/07/2025,09:11:59,80816.09,0,0,0,0,0,0
SENEQW.BSE_IDX,01/07/2025,09:12:07,80816.09,0,0,0,0,0,0
SENEQW.BSE_IDX,01/07/2025,09:12:16,80816.09,0,0,0,0,0,0
SENEQW.BSE_IDX,01/07/2025,09:12:23,80816.09,0,0,0,0,0,0
SENEQW.BSE_IDX,01/07/2025,09:12:31,80816.09,0,0,0,0,0,0
SENEQW.BSE_IDX,01/07/2025,09:12:39,80816.09,0,0,0,0,0,0
SENEQW.BSE_IDX,01/07/2025,09:12:47,80816.09,0,0,0,0,0,0
SENEQW.BSE_IDX,01/07/2025,09:12:55,80816.09,0,0,0,0,0,0
SENEQW.BSE_IDX,01/07/2025,09:13:03,80816.09,0,0,0,0,0,0
SENEQW.BSE_IDX,01/07/2025,09:13:11,80816.09,0,0,0,0,0,0
SENEQW.BSE_IDX,01/07/2025,09:13:19,80816.09,0,0,0,0,0,0
SENEQW.BSE_IDX,01/07/2025,09:13:27,80816.09,0,0,0,0,0,0
SENEQW.BSE_IDX,01/07/2025,09:13:35,80816.09,0,0,0,0,0,0
SENEQW.BSE_IDX,01/07/2025,09:13:43,80816.09,0,0,0,0,0,0
SENEQW.BSE_IDX,01/07/2025,09:13:51,80816.09,0,0,0,0,0,0
SENEQW.BSE_IDX,01/07/2025,09:13:59,80816.09,0,0,0,0,0,0
SENEQW.BSE_IDX,01/07/2025,09:14:07,80816.09,0,0,0,0,0,0
SENEQW.BSE_IDX,01/07/2025,09:14:15,80816.09,0,0,0,0,0,0
SENEQW.BSE_IDX,01/07/2025,09:14:23,80816.09,0,0,0,0,0,0
SENEQW.BSE_IDX,01/07/2025,09:14:31,80816.09,0,0,0,0,0,0
SENEQW.BSE_IDX,01/07/2025,09:14:39,80816.09,0,0,0,0,0,0
SENEQW.BSE_IDX,01/07/2025,09:14:47,80816.09,0,0,0,0,0,0
SENEQW.BSE_IDX,01/07/2025,09:14:55,80816.09,0,0,0,0,0,0
SENEQW.BSE_IDX,01/07/2025,09:15:04,80824.22,0,0,0,0,0,0
SENEQW.BSE_IDX,01/07/2025,09:15:11,80813.01,0,0,0,0,0,0
SENEQW.BSE_IDX,01/07/2025,09:15:19,80804.74,0,0,0,0,0,0
SENEQW.BSE_IDX,01/07/2025,09:15:27,80757.14,0,0,0,0,0,0
SENEQW.BSE_IDX,01/07/2025,09:15:35,80727.63,0,0,0,0,0,0
SENEQW.BSE_IDX,01/07/2025,09:15:43,80713.23,0,0,0,0,0,0
SENEQW.BSE_IDX,01/07/2025,09:15:51,80677.18,0,0,0,0,0,0
SENEQW.BSE_IDX,01/07/2025,09:15:59,80671.57,0,0,0,0,0,0
SENEQW.BSE_IDX,01/07/2025,09:16:07,80666.87,0,0,0,0,0,0
SENEQW.BSE_IDX,01/07/2025,09:16:15,80673.63,0,0,0,0,0,0
SENEQW.BSE_IDX,01/07/2025,09:16:24,80683.18,0,0,0,0,0,0
SENEQW.BSE_IDX,01/07/2025,09:16:31,80678.13,0,0,0,0,0,0
SENEQW.BSE_IDX,01/07/2025,09:16:39,80684.38,0,0,0,0,0,0
SENEQW.BSE_IDX,01/07/2025,09:16:48,80651.33,0,0,0,0,0,0
SENEQW.BSE_IDX,01/07/2025,09:16:55,80656.94,0,0,0,0,0,0
SENEQW.BSE_IDX,01/07/2025,09:17:03,80658.25,0,0,0,0,0,0
SENEQW.BSE_IDX,01/07/2025,09:17:12,80642.46,0,0,0,0,0,0
SENEQW.BSE_IDX,01/07/2025,09:17:19,80642.85,0,0,0,0,0,0
SENEQW.BSE_IDX,01/07/2025,09:17:27,80641.23,0,0,0,0,0,0
SENEQW.BSE_IDX,01/07/2025,09:17:35,80650.17,0,0,0,0,0,0
SENEQW.BSE_IDX,01/07/2025,09:17:44,80674.06,0,0,0,0,0,0
SENEQW.BSE_IDX,01/07/2025,09:17:51,80698.59,0,0,0,0,0,0
SENEQW.BSE_IDX,01/07/2025,09:17:59,80687.08,0,0,0,0,0,0
SENEQW.BSE_IDX,01/07/2025,09:18:07,80701.67,0,0,0,0,0,0
SENEQW.BSE_IDX,01/07/2025,09:18:15,80711.43,0,0,0,0,0,0
SENEQW.BSE_IDX,01/07/2025,09:18:23,80706.66,0,0,0,0,0,0
SENEQW.BSE_IDX,01/07/2025,09:18:31,80703.68,0,0,0,0,0,0
SENEQW.BSE_IDX,01/07/2025,09:18:39,80707.15,0,0,0,0,0,0
SENEQW.BSE_IDX,01/07/2025,09:18:47,80705.39,0,0,0,0,0,0
SENEQW.BSE_IDX,01/07/2025,09:18:56,80707.04,0,0,0,0,0,0
SENEQW.BSE_IDX,01/07/2025,09:19:03,80707.59,0,0,0,0,0,0
SENEQW.BSE_IDX,01/07/2025,09:19:11,80705.04,0,0,0,0,0,0
SENEQW.BSE_IDX,01/07/2025,09:19:19,80703.46,0,0,0,0,0,0
SENEQW.BSE_IDX,01/07/2025,09:19:28,80694.19,0,0,0,0,0,0
SENEQW.BSE_IDX,01/07/2025,09:19:35,80705.03,0,0,0,0,0,0
SENEQW.BSE_IDX,01/07/2025,09:19:43,80700.52,0,0,0,0,0,0
SENEQW.BSE_IDX,01/07/2025,09:19:52,80692.8,0,0,0,0,0,0
SENEQW.BSE_IDX,01/07/2025,09:19:59,80687.31,0,0,0,0,0,0
SENEQW.BSE_IDX,01/07/2025,09:20:07,80701.28,0,0,0,0,0,0
SENEQW.BSE_IDX,01/07/2025,09:20:15,80715.94,0,0,0,0,0,0
SENEQW.BSE_IDX,01/07/2025,09:20:24,80704.7,0,0,0,0,0,0
SENEQW.BSE_IDX,01/07/2025,09:20:31,80725.24,0,0,0,0,0,0
SENEQW.BSE_IDX,01/07/2025,09:20:39,80715.63,0,0,0,0,0,0
SENEQW.BSE_IDX,01/07/2025,09:20:47,80713.96,0,0,0,0,0,0
SENEQW.BSE_IDX,01/07/2025,09:20:55,80700.77,0,0,0,0,0,0
SENEQW.BSE_IDX,01/07/2025,09:21:03,80695.51,0,0,0,0,0,0
SENEQW.BSE_IDX,01/07/2025,09:21:11,80708.22,0,0,0,0,0,0
SENEQW.BSE_IDX,01/07/2025,09:21:19,80734.58,0,0,0,0,0,0
SENEQW.BSE_IDX,01/07/2025,09:21:27,80733.54,0,0,0,0,0,0
SENEQW.BSE_IDX,01/07/2025,09:21:36,80746.67,0,0,0,0,0,0
SENEQW.BSE_IDX,01/07/2025,09:21:43,80758.17,0,0,0,0,0,0
SENEQW.BSE_IDX,01/07/2025,09:21:51,80759.21,0,0,0,0,0,0
SENEQW.BSE_IDX,01/07/2025,09:22:00,80765.93,0,0,0,0,0,0
SENEQW.BSE_IDX,01/07/2025,09:22:07,80767.02,0,0,0,0,0,0
SENEQW.BSE_IDX,01/07/2025,09:22:15,80762.93,0,0,0,0,0,0
SENEQW.BSE_IDX,01/07/2025,09:22:23,80786.2,0,0,0,0,0,0
SENEQW.BSE_IDX,01/07/2025,09:22:31,80797.44,0,0,0,0,0,0
SENEQW.BSE_IDX,01/07/2025,09:22:39,80800.83,0,0,0,0,0,0
SENEQW.BSE_IDX,01/07/2025,09:22:47,80809.36,0,0,0,0,0,0
SENEQW.BSE_IDX,01/07/2025,09:22:55,80808.52,0,0,0,0,0,0
SENEQW.BSE_IDX,01/07/2025,09:23:03,80801.63,0,0,0,0,0,0
SENEQW.BSE_IDX,01/07/2025,09:23:11,80791.01,0,0,0,0,0,0
SENEQW.BSE_IDX,01/07/2025,09:23:20,80785.88,0,0,0,0,0,0
SENEQW.BSE_IDX,01/07/2025,09:23:27,80777.94,0,0,0,0,0,0
SENEQW.BSE_IDX,01/07/2025,09:23:35,80781.39,0,0,0,0,0,0
SENEQW.BSE_IDX,01/07/2025,09:23:44,80770.06,0,0,0,0,0,0
SENEQW.BSE_IDX,01/07/2025,09:23:51,80763.87,0,0,0,0,0,0
SENEQW.BSE_IDX,01/07/2025,09:23:59,80762.81,0,0,0,0,0,0
SENEQW.BSE_IDX,01/07/2025,09:24:08,80773.6,0,0,0,0,0,0
SENEQW.BSE_IDX,01/07/2025,09:24:16,80777.08,0,0,0,0,0,0
SENEQW.BSE_IDX,01/07/2025,09:24:23,80776.18,0,0,0,0,0,0
SENEQW.BSE_IDX,01/07/2025,09:24:32,80771.71,0,0,0,0,0,0
SENEQW.BSE_IDX,01/07/2025,09:24:39,80773.51,0,0,0,0,0,0
SENEQW.BSE_IDX,01/07/2025,09:24:48,80774.39,0,0,0,0,0,0
SENEQW.BSE_IDX,01/07/2025,09:24:57,80770.55,0,0,0,0,0,0
SENEQW.BSE_IDX,01/07/2025,09:25:03,80776.8,0,0,0,0,0,0
SENEQW.BSE_IDX,01/07/2025,09:25:12,80788.38,0,0,0,0,0,0
SENEQW.BSE_IDX,01/07/2025,09:25:20,80801.17,0,0,0,0,0,0
SENEQW.BSE_IDX,01/07/2025,09:25:29,80801.59,0,0,0,0,0,0
SENEQW.BSE_IDX,01/07/2025,09:25:35,80818.98,0,0,0,0,0,0
SENEQW.BSE_IDX,01/07/2025,09:25:43,80823.03,0,0,0,0,0,0
SENEQW.BSE_IDX,01/07/2025,09:25:51,80820.66,0,0,0,0,0,0
SENEQW.BSE_IDX,01/07/2025,09:25:59,80826.86,0,0,0,0,0,0
SENEQW.BSE_IDX,01/07/2025,09:26:08,80819.61,0,0,0,0,0,0
SENEQW.BSE_IDX,01/07/2025,09:26:15,80808.77,0,0,0,0,0,0
SENEQW.BSE_IDX,01/07/2025,09:26:24,80816.86,0,0,0,0,0,0
SENEQW.BSE_IDX,01/07/2025,09:26:31,80819.65,0,0,0,0,0,0
SENEQW.BSE_IDX,01/07/2025,09:26:40,80818.08,0,0,0,0,0,0
SENEQW.BSE_IDX,01/07/2025,09:26:48,80818.36,0,0,0,0,0,0
SENEQW.BSE_IDX,01/07/2025,09:26:55,80829.67,0,0,0,0,0,0
SENEQW.BSE_IDX,01/07/2025,09:27:04,80831.92,0,0,0,0,0,0
SENEQW.BSE_IDX,01/07/2025,09:27:12,80827.35,0,0,0,0,0,0
SENEQW.BSE_IDX,01/07/2025,09:27:19,80827.31,0,0,0,0,0,0
SENEQW.BSE_IDX,01/07/2025,09:27:28,80822.96,0,0,0,0,0,0
SENEQW.BSE_IDX,01/07/2025,09:27:36,80808.92,0,0,0,0,0,0
SENEQW.BSE_IDX,01/07/2025,09:27:44,80806.11,0,0,0,0,0,0
SENEQW.BSE_IDX,01/07/2025,09:27:52,80803.32,0,0,0,0,0,0
SENEQW.BSE_IDX,01/07/2025,09:28:00,80825.79,0,0,0,0,0,0
SENEQW.BSE_IDX,01/07/2025,09:28:08,80819.7,0,0,0,0,0,0
SENEQW.BSE_IDX,01/07/2025,09:28:16,80827.64,0,0,0,0,0,0
SENEQW.BSE_IDX,01/07/2025,09:28:24,80810.6,0,0,0,0,0,0
SENEQW.BSE_IDX,01/07/2025,09:28:32,80800.17,0,0,0,0,0,0
SENEQW.BSE_IDX,01/07/2025,09:28:40,80788.64,0,0,0,0,0,0
SENEQW.BSE_IDX,01/07/2025,09:28:48,80782.61,0,0,0,0,0,0
SENEQW.BSE_IDX,01/07/2025,09:28:56,80774.76,0,0,0,0,0,0
SENEQW.BSE_IDX,01/07/2025,09:29:04,80783.43,0,0,0,0,0,0
SENEQW.BSE_IDX,01/07/2025,09:29:12,80782.68,0,0,0,0,0,0
SENEQW.BSE_IDX,01/07/2025,09:29:20,80767.63,0,0,0,0,0,0
SENEQW.BSE_IDX,01/07/2025,09:29:28,80767.26,0,0,0,0,0,0
SENEQW.BSE_IDX,01/07/2025,09:29:36,80772.63,0,0,0,0,0,0
SENEQW.BSE_IDX,01/07/2025,09:29:44,80782.46,0,0,0,0,0,0
SENEQW.BSE_IDX,01/07/2025,09:29:52,80782.01,0,0,0,0,0,0
SENEQW.BSE_IDX,01/07/2025,09:30:00,80788.71,0,0,0,0,0,0
SENEQW.BSE_IDX,01/07/2025,09:30:08,80795.08,0,0,0,0,0,0
SENEQW.BSE_IDX,01/07/2025,09:30:16,80830.81,0,0,0,0,0,0
SENEQW.BSE_IDX,01/07/2025,09:30:24,80836.87,0,0,0,0,0,0
SENEQW.BSE_IDX,01/07/2025,09:30:32,80851.22,0,0,0,0,0,0
SENEQW.BSE_IDX,01/07/2025,09:30:40,80853.94,0,0,0,0,0,0
SENEQW.BSE_IDX,01/07/2025,09:30:48,80853.22,0,0,0,0,0,0
SENEQW.BSE_IDX,01/07/2025,09:30:56,80843.88,0,0,0,0,0,0
SENEQW.BSE_IDX,01/07/2025,09:31:04,80853.08,0,0,0,0,0,0
SENEQW.BSE_IDX,01/07/2025,09:31:12,80843.1,0,0,0,0,0,0
SENEQW.BSE_IDX,01/07/2025,09:31:20,80844.92,0,0,0,0,0,0
SENEQW.BSE_IDX,01/07/2025,09:31:28,80846.36,0,0,0,0,0,0
SENEQW.BSE_IDX,01/07/2025,09:31:36,80844.57,0,0,0,0,0,0
SENEQW.BSE_IDX,01/07/2025,09:31:44,80842.79,0,0,0,0,0,0
SENEQW.BSE_IDX,01/07/2025,09:31:52,80849.67,0,0,0,0,0,0
SENEQW.BSE_IDX,01/07/2025,09:32:00,80850.63,0,0,0,0,0,0
SENEQW.BSE_IDX,01/07/2025,09:32:08,80841.41,0,0,0,0,0,0
SENEQW.BSE_IDX,01/07/2025,09:32:16,80840.67,0,0,0,0,0,0
SENEQW.BSE_IDX,01/07/2025,09:32:24,80843.51,0,0,0,0,0,0
SENEQW.BSE_IDX,01/07/2025,09:32:32,80844.65,0,0,0,0,0,0
SENEQW.BSE_IDX,01/07/2025,09:32:40,80839.08,0,0,0,0,0,0
SENEQW.BSE_IDX,01/07/2025,09:32:48,80846.02,0,0,0,0,0,0
SENEQW.BSE_IDX,01/07/2025,09:32:56,80850.18,0,0,0,0,0,0
SENEQW.BSE_IDX,01/07/2025,09:33:04,80865.53,0,0,0,0,0,0
SENEQW.BSE_IDX,01/07/2025,09:33:12,80877.69,0,0,0,0,0,0
SENEQW.BSE_IDX,01/07/2025,09:33:20,80881.61,0,0,0,0,0,0
SENEQW.BSE_IDX,01/07/2025,09:33:28,80883.64,0,0,0,0,0,0
SENEQW.BSE_IDX,01/07/2025,09:33:36,80872.95,0,0,0,0,0,0
SENEQW.BSE_IDX,01/07/2025,09:33:44,80872.51,0,0,0,0,0,0
SENEQW.BSE_IDX,01/07/2025,09:33:52,80873.09,0,0,0,0,0,0
SENEQW.BSE_IDX,01/07/2025,09:34:00,80870.59,0,0,0,0,0,0
SENEQW.BSE_IDX,01/07/2025,09:34:08,80868.88,0,0,0,0,0,0
SENEQW.BSE_IDX,01/07/2025,09:34:16,80862.01,0,0,0,0,0,0
SENEQW.BSE_IDX,01/07/2025,09:34:24,80863.13,0,0,0,0,0,0
SENEQW.BSE_IDX,01/07/2025,09:34:32,80863.06,0,0,0,0,0,0
SENEQW.BSE_IDX,01/07/2025,09:34:40,80863.21,0,0,0,0,0,0
SENEQW.BSE_IDX,01/07/2025,09:34:48,80863.88,0,0,0,0,0,0
SENEQW.BSE_IDX,01/07/2025,09:34:56,80859.37,0,0,0,0,0,0
SENEQW.BSE_IDX,01/07/2025,09:35:05,80853.79,0,0,0,0,0,0
SENEQW.BSE_IDX,01/07/2025,09:35:12,80856,0,0,0,0,0,0
SENEQW.BSE_IDX,01/07/2025,09:35:20,80840.28,0,0,0,0,0,0
SENEQW.BSE_IDX,01/07/2025,09:35:28,80837.93,0,0,0,0,0,0
SENEQW.BSE_IDX,01/07/2025,09:35:36,80842.3,0,0,0,0,0,0
SENEQW.BSE_IDX,01/07/2025,09:35:44,80836.79,0,0,0,0,0,0
SENEQW.BSE_IDX,01/07/2025,09:35:52,80835.14,0,0,0,0,0,0
SENEQW.BSE_IDX,01/07/2025,09:36:00,80839.29,0,0,0,0,0,0
SENEQW.BSE_IDX,01/07/2025,09:36:08,80836.14,0,0,0,0,0,0
SENEQW.BSE_IDX,01/07/2025,09:36:16,80839.64,0,0,0,0,0,0
SENEQW.BSE_IDX,01/07/2025,09:36:24,80833.33,0,0,0,0,0,0
SENEQW.BSE_IDX,01/07/2025,09:36:33,80831.99,0,0,0,0,0,0
SENEQW.BSE_IDX,01/07/2025,09:36:40,80823.16,0,0,0,0,0,0
SENEQW.BSE_IDX,01/07/2025,09:36:48,80834.81,0,0,0,0,0,0
SENEQW.BSE_IDX,01/07/2025,09:36:56,80835.65,0,0,0,0,0,0
SENEQW.BSE_IDX,01/07/2025,09:37:04,80840.91,0,0,0,0,0,0
SENEQW.BSE_IDX,01/07/2025,09:37:12,80841.58,0,0,0,0,0,0
SENEQW.BSE_IDX,01/07/2025,09:37:20,80844.7,0,0,0,0,0,0
SENEQW.BSE_IDX,01/07/2025,09:37:28,80847.09,0,0,0,0,0,0
SENEQW.BSE_IDX,01/07/2025,09:37:36,80846.24,0,0,0,0,0,0
SENEQW.BSE_IDX,01/07/2025,09:37:44,80843.22,0,0,0,0,0,0
SENEQW.BSE_IDX,01/07/2025,09:37:52,80837.41,0,0,0,0,0,0
SENEQW.BSE_IDX,01/07/2025,09:38:00,80842.41,0,0,0,0,0,0
SENEQW.BSE_IDX,01/07/2025,09:38:08,80844.14,0,0,0,0,0,0
SENEQW.BSE_IDX,01/07/2025,09:38:16,80839.15,0,0,0,0,0,0
SENEQW.BSE_IDX,01/07/2025,09:38:24,80839.17,0,0,0,0,0,0
SENEQW.BSE_IDX,01/07/2025,09:38:32,80837.01,0,0,0,0,0,0
SENEQW.BSE_IDX,01/07/2025,09:38:40,80831.76,0,0,0,0,0,0
SENEQW.BSE_IDX,01/07/2025,09:38:48,80841.89,0,0,0,0,0,0
SENEQW.BSE_IDX,01/07/2025,09:38:56,80844.09,0,0,0,0,0,0
SENEQW.BSE_IDX,01/07/2025,09:39:04,80827.26,0,0,0,0,0,0
SENEQW.BSE_IDX,01/07/2025,09:39:12,80833.23,0,0,0,0,0,0
SENEQW.BSE_IDX,01/07/2025,09:39:20,80833.95,0,0,0,0,0,0
SENEQW.BSE_IDX,01/07/2025,09:39:28,80839.61,0,0,0,0,0,0
SENEQW.BSE_IDX,01/07/2025,09:39:36,80848.16,0,0,0,0,0,0
SENEQW.BSE_IDX,01/07/2025,09:39:44,80852.56,0,0,0,0,0,0
SENEQW.BSE_IDX,01/07/2025,09:39:52,80858.79,0,0,0,0,0,0
SENEQW.BSE_IDX,01/07/2025,09:40:00,80863.24,0,0,0,0,0,0
SENEQW.BSE_IDX,01/07/2025,09:40:08,80866.27,0,0,0,0,0,0
SENEQW.BSE_IDX,01/07/2025,09:40:16,80867.27,0,0,0,0,0,0
SENEQW.BSE_IDX,01/07/2025,09:40:24,80862.62,0,0,0,0,0,0
SENEQW.BSE_IDX,01/07/2025,09:40:32,80843.2,0,0,0,0,0,0
SENEQW.BSE_IDX,01/07/2025,09:40:40,80843.9,0,0,0,0,0,0
SENEQW.BSE_IDX,01/07/2025,09:40:48,80848.64,0,0,0,0,0,0
SENEQW.BSE_IDX,01/07/2025,09:40:56,80854.72,0,0,0,0,0,0
SENEQW.BSE_IDX,01/07/2025,09:41:04,80854.63,0,0,0,0,0,0
SENEQW.BSE_IDX,01/07/2025,09:41:12,80864.35,0,0,0,0,0,0
SENEQW.BSE_IDX,01/07/2025,09:41:20,80869.3,0,0,0,0,0,0
SENEQW.BSE_IDX,01/07/2025,09:41:28,80876.57,0,0,0,0,0,0
SENEQW.BSE_IDX,01/07/2025,09:41:36,80879.32,0,0,0,0,0,0
SENEQW.BSE_IDX,01/07/2025,09:41:44,80874.17,0,0,0,0,0,0
SENEQW.BSE_IDX,01/07/2025,09:41:52,80867.82,0,0,0,0,0,0
SENEQW.BSE_IDX,01/07/2025,09:42:00,80880.29,0,0,0,0,0,0
SENEQW.BSE_IDX,01/07/2025,09:42:08,80889.97,0,0,0,0,0,0
SENEQW.BSE_IDX,01/07/2025,09:42:16,80885.64,0,0,0,0,0,0
SENEQW.BSE_IDX,01/07/2025,09:42:24,80879.44,0,0,0,0,0,0
SENEQW.BSE_IDX,01/07/2025,09:42:32,80874.81,0,0,0,0,0,0
SENEQW.BSE_IDX,01/07/2025,09:42:40,80882.54,0,0,0,0,0,0
SENEQW.BSE_IDX,01/07/2025,09:42:48,80879.9,0,0,0,0,0,0
SENEQW.BSE_IDX,01/07/2025,09:42:56,80887.2,0,0,0,0,0,0
SENEQW.BSE_IDX,01/07/2025,09:43:04,80874.26,0,0,0,0,0,0
SENEQW.BSE_IDX,01/07/2025,09:43:12,80872.51,0,0,0,0,0,0
SENEQW.BSE_IDX,01/07/2025,09:43:20,80872.01,0,0,0,0,0,0
SENEQW.BSE_IDX,01/07/2025,09:43:28,80878.8,0,0,0,0,0,0
SENEQW.BSE_IDX,01/07/2025,09:43:36,80876.28,0,0,0,0,0,0
SENEQW.BSE_IDX,01/07/2025,09:43:44,80872.11,0,0,0,0,0,0
SENEQW.BSE_IDX,01/07/2025,09:43:53,80871.66,0,0,0,0,0,0
SENEQW.BSE_IDX,01/07/2025,09:44:00,80870.74,0,0,0,0,0,0
SENEQW.BSE_IDX,01/07/2025,09:44:08,80867.68,0,0,0,0,0,0
SENEQW.BSE_IDX,01/07/2025,09:44:16,80865.2,0,0,0,0,0,0
SENEQW.BSE_IDX,01/07/2025,09:44:24,80873.05,0,0,0,0,0,0
SENEQW.BSE_IDX,01/07/2025,09:44:32,80871.17,0,0,0,0,0,0
SENEQW.BSE_IDX,01/07/2025,09:44:40,80867.64,0,0,0,0,0,0
SENEQW.BSE_IDX,01/07/2025,09:44:48,80866.38,0,0,0,0,0,0
SENEQW.BSE_IDX,01/07/2025,09:44:56,80860.96,0,0,0,0,0,0
SENEQW.BSE_IDX,01/07/2025,09:45:05,80853.84,0,0,0,0,0,0
SENEQW.BSE_IDX,01/07/2025,09:45:12,80850.67,0,0,0,0,0,0
SENEQW.BSE_IDX,01/07/2025,09:45:20,80850.66,0,0,0,0,0,0
SENEQW.BSE_IDX,01/07/2025,09:45:28,80852.66,0,0,0,0,0,0
SENEQW.BSE_IDX,01/07/2025,09:45:36,80836,0,0,0,0,0,0
SENEQW.BSE_IDX,01/07/2025,09:45:44,80824.53,0,0,0,0,0,0
SENEQW.BSE_IDX,01/07/2025,09:45:52,80823.54,0,0,0,0,0,0
SENEQW.BSE_IDX,01/07/2025,09:46:01,80820.27,0,0,0,0,0,0
SENEQW.BSE_IDX,01/07/2025,09:46:08,80803.88,0,0,0,0,0,0
SENEQW.BSE_IDX,01/07/2025,09:46:16,80796.7,0,0,0,0,0,0
SENEQW.BSE_IDX,01/07/2025,09:46:24,80805.24,0,0,0,0,0,0
SENEQW.BSE_IDX,01/07/2025,09:46:32,80807.89,0,0,0,0,0,0
SENEQW.BSE_IDX,01/07/2025,09:46:40,80806.95,0,0,0,0,0,0
SENEQW.BSE_IDX,01/07/2025,09:46:48,80800.67,0,0,0,0,0,0
SENEQW.BSE_IDX,01/07/2025,09:46:56,80804.4,0,0,0,0,0,0
SENEQW.BSE_IDX,01/07/2025,09:47:04,80802.01,0,0,0,0,0,0
SENEQW.BSE_IDX,01/07/2025,09:47:12,80807.73,0,0,0,0,0,0
SENEQW.BSE_IDX,01/07/2025,09:47:20,80804.78,0,0,0,0,0,0
SENEQW.BSE_IDX,01/07/2025,09:47:28,80800.76,0,0,0,0,0,0
SENEQW.BSE_IDX,01/07/2025,09:47:36,80796.81,0,0,0,0,0,0
SENEQW.BSE_IDX,01/07/2025,09:47:44,80800.09,0,0,0,0,0,0
SENEQW.BSE_IDX,01/07/2025,09:47:52,80812.38,0,0,0,0,0,0
SENEQW.BSE_IDX,01/07/2025,09:48:00,80816.67,0,0,0,0,0,0
SENEQW.BSE_IDX,01/07/2025,09:48:08,80820.26,0,0,0,0,0,0
SENEQW.BSE_IDX,01/07/2025,09:48:16,80822.2,0,0,0,0,0,0
SENEQW.BSE_IDX,01/07/2025,09:48:24,80833.49,0,0,0,0,0,0
SENEQW.BSE_IDX,01/07/2025,09:48:32,80840.58,0,0,0,0,0,0
SENEQW.BSE_IDX,01/07/2025,09:48:40,80835.37,0,0,0,0,0,0
SENEQW.BSE_IDX,01/07/2025,09:48:48,80831.94,0,0,0,0,0,0
SENEQW.BSE_IDX,01/07/2025,09:48:56,80838.61,0,0,0,0,0,0
SENEQW.BSE_IDX,01/07/2025,09:49:04,80844.42,0,0,0,0,0,0
SENEQW.BSE_IDX,01/07/2025,09:49:12,80839.79,0,0,0,0,0,0
SENEQW.BSE_IDX,01/07/2025,09:49:20,80838.98,0,0,0,0,0,0
SENEQW.BSE_IDX,01/07/2025,09:49:28,80849.66,0,0,0,0,0,0
SENEQW.BSE_IDX,01/07/2025,09:49:36,80850.9,0,0,0,0,0,0
SENEQW.BSE_IDX,01/07/2025,09:49:44,80854.22,0,0,0,0,0,0
SENEQW.BSE_IDX,01/07/2025,09:49:52,80856.53,0,0,0,0,0,0
SENEQW.BSE_IDX,01/07/2025,09:50:00,80853.08,0,0,0,0,0,0
SENEQW.BSE_IDX,01/07/2025,09:50:08,80855.93,0,0,0,0,0,0
SENEQW.BSE_IDX,01/07/2025,09:50:16,80857.25,0,0,0,0,0,0
SENEQW.BSE_IDX,01/07/2025,09:50:24,80852.88,0,0,0,0,0,0
SENEQW.BSE_IDX,01/07/2025,09:50:32,80848.2,0,0,0,0,0,0
SENEQW.BSE_IDX,01/07/2025,09:50:40,80832.18,0,0,0,0,0,0
SENEQW.BSE_IDX,01/07/2025,09:50:48,80831.82,0,0,0,0,0,0
SENEQW.BSE_IDX,01/07/2025,09:50:57,80835.79,0,0,0,0,0,0
SENEQW.BSE_IDX,01/07/2025,09:51:04,80827.7,0,0,0,0,0,0
SENEQW.BSE_IDX,01/07/2025,09:51:12,80843.41,0,0,0,0,0,0
SENEQW.BSE_IDX,01/07/2025,09:51:20,80848.36,0,0,0,0,0,0
SENEQW.BSE_IDX,01/07/2025,09:51:28,80838.24,0,0,0,0,0,0
SENEQW.BSE_IDX,01/07/2025,09:51:37,80829.05,0,0,0,0,0,0
SENEQW.BSE_IDX,01/07/2025,09:51:44,80837.12,0,0,0,0,0,0
SENEQW.BSE_IDX,01/07/2025,09:51:52,80830.37,0,0,0,0,0,0
SENEQW.BSE_IDX,01/07/2025,09:52:01,80825.39,0,0,0,0,0,0
SENEQW.BSE_IDX,01/07/2025,09:52:08,80819.48,0,0,0,0,0,0
SENEQW.BSE_IDX,01/07/2025,09:52:17,80797.65,0,0,0,0,0,0
SENEQW.BSE_IDX,01/07/2025,09:52:24,80792.89,0,0,0,0,0,0
SENEQW.BSE_IDX,01/07/2025,09:52:32,80809.62,0,0,0,0,0,0
SENEQW.BSE_IDX,01/07/2025,09:52:40,80810.66,0,0,0,0,0,0
SENEQW.BSE_IDX,01/07/2025,09:52:48,80818.9,0,0,0,0,0,0
SENEQW.BSE_IDX,01/07/2025,09:52:57,80818.09,0,0,0,0,0,0
SENEQW.BSE_IDX,01/07/2025,09:53:04,80817.28,0,0,0,0,0,0
SENEQW.BSE_IDX,01/07/2025,09:53:13,80820.7,0,0,0,0,0,0
SENEQW.BSE_IDX,01/07/2025,09:53:20,80824.89,0,0,0,0,0,0
SENEQW.BSE_IDX,01/07/2025,09:53:28,80824.73,0,0,0,0,0,0
SENEQW.BSE_IDX,01/07/2025,09:53:36,80819.66,0,0,0,0,0,0
SENEQW.BSE_IDX,01/07/2025,09:53:44,80821.16,0,0,0,0,0,0
SENEQW.BSE_IDX,01/07/2025,09:53:52,80814.58,0,0,0,0,0,0
SENEQW.BSE_IDX,01/07/2025,09:54:00,80795.84,0,0,0,0,0,0
SENEQW.BSE_IDX,01/07/2025,09:54:08,80785.6,0,0,0,0,0,0
SENEQW.BSE_IDX,01/07/2025,09:54:16,80788.73,0,0,0,0,0,0
SENEQW.BSE_IDX,01/07/2025,09:54:24,80781.21,0,0,0,0,0,0
SENEQW.BSE_IDX,01/07/2025,09:54:32,80777.94,0,0,0,0,0,0
SENEQW.BSE_IDX,01/07/2025,09:54:40,80776.27,0,0,0,0,0,0
SENEQW.BSE_IDX,01/07/2025,09:54:48,80779.19,0,0,0,0,0,0
SENEQW.BSE_IDX,01/07/2025,09:54:56,80773.99,0,0,0,0,0,0
SENEQW.BSE_IDX,01/07/2025,09:55:04,80772.95,0,0,0,0,0,0
SENEQW.BSE_IDX,01/07/2025,09:55:12,80775.79,0,0,0,0,0,0
SENEQW.BSE_IDX,01/07/2025,09:55:20,80771.93,0,0,0,0,0,0
SENEQW.BSE_IDX,01/07/2025,09:55:28,80773.29,0,0,0,0,0,0
SENEQW.BSE_IDX,01/07/2025,09:55:36,80769.65,0,0,0,0,0,0
SENEQW.BSE_IDX,01/07/2025,09:55:44,80766.05,0,0,0,0,0,0
SENEQW.BSE_IDX,01/07/2025,09:55:52,80758.28,0,0,0,0,0,0
SENEQW.BSE_IDX,01/07/2025,09:56:00,80758.26,0,0,0,0,0,0
SENEQW.BSE_IDX,01/07/2025,09:56:08,80756.53,0,0,0,0,0,0
SENEQW.BSE_IDX,01/07/2025,09:56:16,80761.34,0,0,0,0,0,0
SENEQW.BSE_IDX,01/07/2025,09:56:25,80757.4,0,0,0,0,0,0
SENEQW.BSE_IDX,01/07/2025,09:56:33,80756.22,0,0,0,0,0,0
SENEQW.BSE_IDX,01/07/2025,09:56:41,80754.74,0,0,0,0,0,0
SENEQW.BSE_IDX,01/07/2025,09:56:48,80754.95,0,0,0,0,0,0
SENEQW.BSE_IDX,01/07/2025,09:56:57,80751.52,0,0,0,0,0,0
SENEQW.BSE_IDX,01/07/2025,09:57:04,80753.32,0,0,0,0,0,0
SENEQW.BSE_IDX,01/07/2025,09:57:12,80757.29,0,0,0,0,0,0
SENEQW.BSE_IDX,01/07/2025,09:57:20,80761.75,0,0,0,0,0,0
SENEQW.BSE_IDX,01/07/2025,09:57:28,80766.18,0,0,0,0,0,0
SENEQW.BSE_IDX,01/07/2025,09:57:36,80757.57,0,0,0,0,0,0
SENEQW.BSE_IDX,01/07/2025,09:57:44,80765.17,0,0,0,0,0,0
SENEQW.BSE_IDX,01/07/2025,09:57:52,80763.21,0,0,0,0,0,0
SENEQW.BSE_IDX,01/07/2025,09:58:00,80763.13,0,0,0,0,0,0
SENEQW.BSE_IDX,01/07/2025,09:58:08,80768.07,0,0,0,0,0,0
SENEQW.BSE_IDX,01/07/2025,09:58:16,80776.64,0,0,0,0,0,0
SENEQW.BSE_IDX,01/07/2025,09:58:24,80767.65,0,0,0,0,0,0
SENEQW.BSE_IDX,01/07/2025,09:58:32,80770.82,0,0,0,0,0,0
SENEQW.BSE_IDX,01/07/2025,09:58:40,80775.06,0,0,0,0,0,0
SENEQW.BSE_IDX,01/07/2025,09:58:48,80776.42,0,0,0,0,0,0
SENEQW.BSE_IDX,01/07/2025,09:58:56,80787.16,0,0,0,0,0,0
SENEQW.BSE_IDX,01/07/2025,09:59:05,80808.33,0,0,0,0,0,0
SENEQW.BSE_IDX,01/07/2025,09:59:12,80803.48,0,0,0,0,0,0
SENEQW.BSE_IDX,01/07/2025,09:59:20,80806.9,0,0,0,0,0,0
SENEQW.BSE_IDX,01/07/2025,09:59:28,80809.91,0,0,0,0,0,0
SENEQW.BSE_IDX,01/07/2025,09:59:36,80810.83,0,0,0,0,0,0
SENEQW.BSE_IDX,01/07/2025,09:59:45,80814.92,0,0,0,0,0,0
SENEQW.BSE_IDX,01/07/2025,09:59:52,80811.64,0,0,0,0,0,0
SENEQW.BSE_IDX,01/07/2025,10:00:01,80812.89,0,0,0,0,0,0
SENEQW.BSE_IDX,01/07/2025,10:00:08,80817.07,0,0,0,0,0,0
SENEQW.BSE_IDX,01/07/2025,10:00:16,80820.1,0,0,0,0,0,0
SENEQW.BSE_IDX,01/07/2025,10:00:25,80815.39,0,0,0,0,0,0
SENEQW.BSE_IDX,01/07/2025,10:00:32,80814.76,0,0,0,0,0,0
SENEQW.BSE_IDX,01/07/2025,10:00:40,80816.8,0,0,0,0,0,0
SENEQW.BSE_IDX,01/07/2025,10:00:49,80814.85,0,0,0,0,0,0
SENEQW.BSE_IDX,01/07/2025,10:00:57,80811.34,0,0,0,0,0,0
SENEQW.BSE_IDX,01/07/2025,10:01:04,80801.75,0,0,0,0,0,0
SENEQW.BSE_IDX,01/07/2025,10:01:12,80788.8,0,0,0,0,0,0
SENEQW.BSE_IDX,01/07/2025,10:01:21,80784.44,0,0,0,0,0,0
SENEQW.BSE_IDX,01/07/2025,10:01:29,80780.11,0,0,0,0,0,0
SENEQW.BSE_IDX,01/07/2025,10:01:37,80773.39,0,0,0,0,0,0
SENEQW.BSE_IDX,01/07/2025,10:01:44,80775.42,0,0,0,0,0,0
SENEQW.BSE_IDX,01/07/2025,10:01:52,80769.01,0,0,0,0,0,0
SENEQW.BSE_IDX,01/07/2025,10:02:00,80763.54,0,0,0,0,0,0
SENEQW.BSE_IDX,01/07/2025,10:02:09,80761.73,0,0,0,0,0,0
SENEQW.BSE_IDX,01/07/2025,10:02:17,80755.92,0,0,0,0,0,0
SENEQW.BSE_IDX,01/07/2025,10:02:24,80758.71,0,0,0,0,0,0
SENEQW.BSE_IDX,01/07/2025,10:02:32,80747.47,0,0,0,0,0,0
SENEQW.BSE_IDX,01/07/2025,10:02:41,80751.46,0,0,0,0,0,0
SENEQW.BSE_IDX,01/07/2025,10:02:49,80748.16,0,0,0,0,0,0
SENEQW.BSE_IDX,01/07/2025,10:02:57,80739.77,0,0,0,0,0,0
SENEQW.BSE_IDX,01/07/2025,10:03:04,80734.62,0,0,0,0,0,0
SENEQW.BSE_IDX,01/07/2025,10:03:13,80725.46,0,0,0,0,0,0
SENEQW.BSE_IDX,01/07/2025,10:03:20,80705.87,0,0,0,0,0,0
SENEQW.BSE_IDX,01/07/2025,10:03:29,80699.28,0,0,0,0,0,0
SENEQW.BSE_IDX,01/07/2025,10:03:37,80707.62,0,0,0,0,0,0
SENEQW.BSE_IDX,01/07/2025,10:03:45,80717.34,0,0,0,0,0,0
SENEQW.BSE_IDX,01/07/2025,10:03:53,80715.12,0,0,0,0,0,0
SENEQW.BSE_IDX,01/07/2025,10:04:01,80722.29,0,0,0,0,0,0
SENEQW.BSE_IDX,01/07/2025,10:04:09,80720.02,0,0,0,0,0,0
SENEQW.BSE_IDX,01/07/2025,10:04:17,80720.06,0,0,0,0,0,0
SENEQW.BSE_IDX,01/07/2025,10:04:25,80715.62,0,0,0,0,0,0
SENEQW.BSE_IDX,01/07/2025,10:04:33,80732.44,0,0,0,0,0,0
SENEQW.BSE_IDX,01/07/2025,10:04:41,80743.43,0,0,0,0,0,0
SENEQW.BSE_IDX,01/07/2025,10:04:50,80756.67,0,0,0,0,0,0
SENEQW.BSE_IDX,01/07/2025,10:04:57,80752.95,0,0,0,0,0,0
SENEQW.BSE_IDX,01/07/2025,10:05:05,80733.33,0,0,0,0,0,0
SENEQW.BSE_IDX,01/07/2025,10:05:14,80731.05,0,0,0,0,0,0
SENEQW.BSE_IDX,01/07/2025,10:05:21,80722.13,0,0,0,0,0,0
SENEQW.BSE_IDX,01/07/2025,10:05:29,80696.61,0,0,0,0,0,0
SENEQW.BSE_IDX,01/07/2025,10:05:37,80694.63,0,0,0,0,0,0
SENEQW.BSE_IDX,01/07/2025,10:05:45,80709.2,0,0,0,0,0,0
SENEQW.BSE_IDX,01/07/2025,10:05:53,80722.8,0,0,0,0,0,0
SENEQW.BSE_IDX,01/07/2025,10:06:01,80723.92,0,0,0,0,0,0
SENEQW.BSE_IDX,01/07/2025,10:06:09,80724.5,0,0,0,0,0,0
SENEQW.BSE_IDX,01/07/2025,10:06:17,80731.64,0,0,0,0,0,0
SENEQW.BSE_IDX,01/07/2025,10:06:25,80735.43,0,0,0,0,0,0
SENEQW.BSE_IDX,01/07/2025,10:06:33,80736.86,0,0,0,0,0,0
SENEQW.BSE_IDX,01/07/2025,10:06:41,80737.59,0,0,0,0,0,0
SENEQW.BSE_IDX,01/07/2025,10:06:49,80732.24,0,0,0,0,0,0
SENEQW.BSE_IDX,01/07/2025,10:06:57,80733.93,0,0,0,0,0,0
SENEQW.BSE_IDX,01/07/2025,10:07:05,80741.58,0,0,0,0,0,0
SENEQW.BSE_IDX,01/07/2025,10:07:13,80744.39,0,0,0,0,0,0
SENEQW.BSE_IDX,01/07/2025,10:07:21,80742.68,0,0,0,0,0,0
SENEQW.BSE_IDX,01/07/2025,10:07:29,80745.99,0,0,0,0,0,0
SENEQW.BSE_IDX,01/07/2025,10:07:37,80748.02,0,0,0,0,0,0
SENEQW.BSE_IDX,01/07/2025,10:07:45,80752.58,0,0,0,0,0,0
SENEQW.BSE_IDX,01/07/2025,10:07:53,80751.23,0,0,0,0,0,0
SENEQW.BSE_IDX,01/07/2025,10:08:01,80752.09,0,0,0,0,0,0
SENEQW.BSE_IDX,01/07/2025,10:08:09,80754.18,0,0,0,0,0,0
SENEQW.BSE_IDX,01/07/2025,10:08:17,80759.59,0,0,0,0,0,0
SENEQW.BSE_IDX,01/07/2025,10:08:25,80762.28,0,0,0,0,0,0
SENEQW.BSE_IDX,01/07/2025,10:08:33,80759.48,0,0,0,0,0,0
SENEQW.BSE_IDX,01/07/2025,10:08:41,80752.91,0,0,0,0,0,0
SENEQW.BSE_IDX,01/07/2025,10:08:49,80748.57,0,0,0,0,0,0
SENEQW.BSE_IDX,01/07/2025,10:08:57,80744.95,0,0,0,0,0,0
SENEQW.BSE_IDX,01/07/2025,10:09:05,80730.77,0,0,0,0,0,0
SENEQW.BSE_IDX,01/07/2025,10:09:13,80726.02,0,0,0,0,0,0
SENEQW.BSE_IDX,01/07/2025,10:09:21,80718.14,0,0,0,0,0,0
SENEQW.BSE_IDX,01/07/2025,10:09:29,80719.03,0,0,0,0,0,0
SENEQW.BSE_IDX,01/07/2025,10:09:37,80719.06,0,0,0,0,0,0
SENEQW.BSE_IDX,01/07/2025,10:09:45,80721.55,0,0,0,0,0,0
SENEQW.BSE_IDX,01/07/2025,10:09:53,80723.56,0,0,0,0,0,0
SENEQW.BSE_IDX,01/07/2025,10:10:01,80729.39,0,0,0,0,0,0
SENEQW.BSE_IDX,01/07/2025,10:10:09,80725.63,0,0,0,0,0,0
SENEQW.BSE_IDX,01/07/2025,10:10:17,80726.22,0,0,0,0,0,0
SENEQW.BSE_IDX,01/07/2025,10:10:25,80725.4,0,0,0,0,0,0
SENEQW.BSE_IDX,01/07/2025,10:10:33,80732.55,0,0,0,0,0,0
SENEQW.BSE_IDX,01/07/2025,10:10:41,80729.15,0,0,0,0,0,0
SENEQW.BSE_IDX,01/07/2025,10:10:49,80729.6,0,0,0,0,0,0
SENEQW.BSE_IDX,01/07/2025,10:10:57,80728.14,0,0,0,0,0,0
SENEQW.BSE_IDX,01/07/2025,10:11:05,80729.25,0,0,0,0,0,0
SENEQW.BSE_IDX,01/07/2025,10:11:13,80721.6,0,0,0,0,0,0
SENEQW.BSE_IDX,01/07/2025,10:11:22,80716.41,0,0,0,0,0,0
SENEQW.BSE_IDX,01/07/2025,10:11:29,80709.04,0,0,0,0,0,0
SENEQW.BSE_IDX,01/07/2025,10:11:37,80707.21,0,0,0,0,0,0
SENEQW.BSE_IDX,01/07/2025,10:11:45,80703.49,0,0,0,0,0,0
SENEQW.BSE_IDX,01/07/2025,10:11:53,80703.8,0,0,0,0,0,0
SENEQW.BSE_IDX,01/07/2025,10:12:01,80720.8,0,0,0,0,0,0
SENEQW.BSE_IDX,01/07/2025,10:12:09,80724.69,0,0,0,0,0,0
SENEQW.BSE_IDX,01/07/2025,10:12:17,80711.68,0,0,0,0,0,0
SENEQW.BSE_IDX,01/07/2025,10:12:25,80711.08,0,0,0,0,0,0
SENEQW.BSE_IDX,01/07/2025,10:12:33,80706.23,0,0,0,0,0,0
SENEQW.BSE_IDX,01/07/2025,10:12:41,80706.29,0,0,0,0,0,0
SENEQW.BSE_IDX,01/07/2025,10:12:49,80694.69,0,0,0,0,0,0
SENEQW.BSE_IDX,01/07/2025,10:12:57,80667.66,0,0,0,0,0,0
SENEQW.BSE_IDX,01/07/2025,10:13:05,80665.84,0,0,0,0,0,0
SENEQW.BSE_IDX,01/07/2025,10:13:13,80669.46,0,0,0,0,0,0
SENEQW.BSE_IDX,01/07/2025,10:13:21,80683.71,0,0,0,0,0,0
SENEQW.BSE_IDX,01/07/2025,10:13:29,80690.27,0,0,0,0,0,0
SENEQW.BSE_IDX,01/07/2025,10:13:37,80686.22,0,0,0,0,0,0
SENEQW.BSE_IDX,01/07/2025,10:13:45,80684.98,0,0,0,0,0,0
SENEQW.BSE_IDX,01/07/2025,10:13:53,80680.35,0,0,0,0,0,0
SENEQW.BSE_IDX,01/07/2025,10:14:01,80677.53,0,0,0,0,0,0
SENEQW.BSE_IDX,01/07/2025,10:14:09,80675.56,0,0,0,0,0,0
SENEQW.BSE_IDX,01/07/2025,10:14:17,80681.79,0,0,0,0,0,0
SENEQW.BSE_IDX,01/07/2025,10:14:25,80680.18,0,0,0,0,0,0
SENEQW.BSE_IDX,01/07/2025,10:14:33,80679.96,0,0,0,0,0,0
SENEQW.BSE_IDX,01/07/2025,10:14:41,80676.59,0,0,0,0,0,0
SENEQW.BSE_IDX,01/07/2025,10:14:49,80675.31,0,0,0,0,0,0
SENEQW.BSE_IDX,01/07/2025,10:14:57,80675.73,0,0,0,0,0,0
SENEQW.BSE_IDX,01/07/2025,10:15:05,80674.96,0,0,0,0,0,0
SENEQW.BSE_IDX,01/07/2025,10:15:13,80674.95,0,0,0,0,0,0
SENEQW.BSE_IDX,01/07/2025,10:15:21,80676.77,0,0,0,0,0,0
SENEQW.BSE_IDX,01/07/2025,10:15:29,80669.49,0,0,0,0,0,0
SENEQW.BSE_IDX,01/07/2025,10:15:37,80680.49,0,0,0,0,0,0
SENEQW.BSE_IDX,01/07/2025,10:15:45,80683.35,0,0,0,0,0,0
SENEQW.BSE_IDX,01/07/2025,10:15:53,80683.01,0,0,0,0,0,0
SENEQW.BSE_IDX,01/07/2025,10:16:01,80686.32,0,0,0,0,0,0
SENEQW.BSE_IDX,01/07/2025,10:16:09,80687.25,0,0,0,0,0,0
SENEQW.BSE_IDX,01/07/2025,10:16:17,80684.35,0,0,0,0,0,0
SENEQW.BSE_IDX,01/07/2025,10:16:25,80679.61,0,0,0,0,0,0
SENEQW.BSE_IDX,01/07/2025,10:16:33,80677.73,0,0,0,0,0,0
SENEQW.BSE_IDX,01/07/2025,10:16:41,80675.71,0,0,0,0,0,0
SENEQW.BSE_IDX,01/07/2025,10:16:49,80680.41,0,0,0,0,0,0
SENEQW.BSE_IDX,01/07/2025,10:16:57,80683.28,0,0,0,0,0,0
SENEQW.BSE_IDX,01/07/2025,10:17:05,80685.67,0,0,0,0,0,0
SENEQW.BSE_IDX,01/07/2025,10:17:13,80684.04,0,0,0,0,0,0
SENEQW.BSE_IDX,01/07/2025,10:17:21,80690.25,0,0,0,0,0,0
SENEQW.BSE_IDX,01/07/2025,10:17:29,80689.71,0,0,0,0,0,0
SENEQW.BSE_IDX,01/07/2025,10:17:37,80689.9,0,0,0,0,0,0
SENEQW.BSE_IDX,01/07/2025,10:17:45,80691.88,0,0,0,0,0,0
SENEQW.BSE_IDX,01/07/2025,10:17:53,80700,0,0,0,0,0,0
SENEQW.BSE_IDX,01/07/2025,10:18:01,80698.43,0,0,0,0,0,0
SENEQW.BSE_IDX,01/07/2025,10:18:09,80700.95,0,0,0,0,0,0
SENEQW.BSE_IDX,01/07/2025,10:18:17,80702.89,0,0,0,0,0,0
SENEQW.BSE_IDX,01/07/2025,10:18:25,80704.33,0,0,0,0,0,0
SENEQW.BSE_IDX,01/07/2025,10:18:33,80702.89,0,0,0,0,0,0
SENEQW.BSE_IDX,01/07/2025,10:18:41,80700.65,0,0,0,0,0,0
SENEQW.BSE_IDX,01/07/2025,10:18:49,80700.73,0,0,0,0,0,0
SENEQW.BSE_IDX,01/07/2025,10:18:57,80697.99,0,0,0,0,0,0
SENEQW.BSE_IDX,01/07/2025,10:19:05,80682.96,0,0,0,0,0,0
SENEQW.BSE_IDX,01/07/2025,10:19:13,80687.06,0,0,0,0,0,0
SENEQW.BSE_IDX,01/07/2025,10:19:21,80689.55,0,0,0,0,0,0
SENEQW.BSE_IDX,01/07/2025,10:19:29,80692.03,0,0,0,0,0,0
SENEQW.BSE_IDX,01/07/2025,10:19:37,80686.23,0,0,0,0,0,0
SENEQW.BSE_IDX,01/07/2025,10:19:45,80688.86,0,0,0,0,0,0
SENEQW.BSE_IDX,01/07/2025,10:19:53,80684.87,0,0,0,0,0,0
SENEQW.BSE_IDX,01/07/2025,10:20:01,80684.39,0,0,0,0,0,0
SENEQW.BSE_IDX,01/07/2025,10:20:09,80681.24,0,0,0,0,0,0
SENEQW.BSE_IDX,01/07/2025,10:20:17,80682.93,0,0,0,0,0,0
SENEQW.BSE_IDX,01/07/2025,10:20:25,80679.72,0,0,0,0,0,0
SENEQW.BSE_IDX,01/07/2025,10:20:33,80676.75,0,0,0,0,0,0
SENEQW.BSE_IDX,01/07/2025,10:20:41,80685.23,0,0,0,0,0,0
SENEQW.BSE_IDX,01/07/2025,10:20:49,80678.48,0,0,0,0,0,0
SENEQW.BSE_IDX,01/07/2025,10:20:57,80673.3,0,0,0,0,0,0
SENEQW.BSE_IDX,01/07/2025,10:21:05,80665.35,0,0,0,0,0,0
SENEQW.BSE_IDX,01/07/2025,10:21:13,80657.05,0,0,0,0,0,0
SENEQW.BSE_IDX,01/07/2025,10:21:21,80660.6,0,0,0,0,0,0
SENEQW.BSE_IDX,01/07/2025,10:21:29,80657.71,0,0,0,0,0,0
SENEQW.BSE_IDX,01/07/2025,10:21:37,80656.87,0,0,0,0,0,0
SENEQW.BSE_IDX,01/07/2025,10:21:45,80648.66,0,0,0,0,0,0
SENEQW.BSE_IDX,01/07/2025,10:21:53,80649.26,0,0,0,0,0,0
SENEQW.BSE_IDX,01/07/2025,10:22:01,80654.24,0,0,0,0,0,0
SENEQW.BSE_IDX,01/07/2025,10:22:09,80648.11,0,0,0,0,0,0
SENEQW.BSE_IDX,01/07/2025,10:22:17,80644,0,0,0,0,0,0
SENEQW.BSE_IDX,01/07/2025,10:22:25,80646.06,0,0,0,0,0,0
SENEQW.BSE_IDX,01/07/2025,10:22:33,80647.38,0,0,0,0,0,0
SENEQW.BSE_IDX,01/07/2025,10:22:41,80647.84,0,0,0,0,0,0
SENEQW.BSE_IDX,01/07/2025,10:22:49,80644.23,0,0,0,0,0,0
SENEQW.BSE_IDX,01/07/2025,10:22:57,80648.76,0,0,0,0,0,0
SENEQW.BSE_IDX,01/07/2025,10:23:05,80645.2,0,0,0,0,0,0
SENEQW.BSE_IDX,01/07/2025,10:23:13,80650.41,0,0,0,0,0,0
SENEQW.BSE_IDX,01/07/2025,10:23:21,80648.05,0,0,0,0,0,0
SENEQW.BSE_IDX,01/07/2025,10:23:29,80652.29,0,0,0,0,0,0
SENEQW.BSE_IDX,01/07/2025,10:23:37,80653.48,0,0,0,0,0,0
SENEQW.BSE_IDX,01/07/2025,10:23:45,80651.69,0,0,0,0,0,0
SENEQW.BSE_IDX,01/07/2025,10:23:53,80652.64,0,0,0,0,0,0
SENEQW.BSE_IDX,01/07/2025,10:24:01,80657.81,0,0,0,0,0,0
SENEQW.BSE_IDX,01/07/2025,10:24:09,80654.41,0,0,0,0,0,0
SENEQW.BSE_IDX,01/07/2025,10:24:17,80652.15,0,0,0,0,0,0
SENEQW.BSE_IDX,01/07/2025,10:24:25,80650.74,0,0,0,0,0,0
SENEQW.BSE_IDX,01/07/2025,10:24:33,80644.86,0,0,0,0,0,0
SENEQW.BSE_IDX,01/07/2025,10:24:41,80644.36,0,0,0,0,0,0
SENEQW.BSE_IDX,01/07/2025,10:24:49,80647.54,0,0,0,0,0,0
SENEQW.BSE_IDX,01/07/2025,10:24:57,80648.16,0,0,0,0,0,0
SENEQW.BSE_IDX,01/07/2025,10:25:05,80644.79,0,0,0,0,0,0
SENEQW.BSE_IDX,01/07/2025,10:25:13,80645.38,0,0,0,0,0,0
SENEQW.BSE_IDX,01/07/2025,10:25:21,80643.85,0,0,0,0,0,0
SENEQW.BSE_IDX,01/07/2025,10:25:29,80643.63,0,0,0,0,0,0
SENEQW.BSE_IDX,01/07/2025,10:25:37,80646.1,0,0,0,0,0,0
SENEQW.BSE_IDX,01/07/2025,10:25:45,80647.05,0,0,0,0,0,0
SENEQW.BSE_IDX,01/07/2025,10:25:53,80648.66,0,0,0,0,0,0
SENEQW.BSE_IDX,01/07/2025,10:26:01,80657.85,0,0,0,0,0,0
SENEQW.BSE_IDX,01/07/2025,10:26:09,80656.33,0,0,0,0,0,0
SENEQW.BSE_IDX,01/07/2025,10:26:17,80658.58,0,0,0,0,0,0
SENEQW.BSE_IDX,01/07/2025,10:26:25,80651.79,0,0,0,0,0,0
SENEQW.BSE_IDX,01/07/2025,10:26:33,80651.27,0,0,0,0,0,0
SENEQW.BSE_IDX,01/07/2025,10:26:41,80655.74,0,0,0,0,0,0
SENEQW.BSE_IDX,01/07/2025,10:26:49,80652.08,0,0,0,0,0,0
SENEQW.BSE_IDX,01/07/2025,10:26:57,80651.27,0,0,0,0,0,0
SENEQW.BSE_IDX,01/07/2025,10:27:05,80658.79,0,0,0,0,0,0
SENEQW.BSE_IDX,01/07/2025,10:27:13,80659.13,0,0,0,0,0,0
SENEQW.BSE_IDX,01/07/2025,10:27:21,80657.74,0,0,0,0,0,0
SENEQW.BSE_IDX,01/07/2025,10:27:29,80662.37,0,0,0,0,0,0
SENEQW.BSE_IDX,01/07/2025,10:27:37,80663.46,0,0,0,0,0,0
SENEQW.BSE_IDX,01/07/2025,10:27:45,80661.81,0,0,0,0,0,0
SENEQW.BSE_IDX,01/07/2025,10:27:53,80669.49,0,0,0,0,0,0
SENEQW.BSE_IDX,01/07/2025,10:28:01,80674.13,0,0,0,0,0,0
SENEQW.BSE_IDX,01/07/2025,10:28:09,80678.73,0,0,0,0,0,0
SENEQW.BSE_IDX,01/07/2025,10:28:17,80672.99,0,0,0,0,0,0
SENEQW.BSE_IDX,01/07/2025,10:28:25,80667.58,0,0,0,0,0,0
SENEQW.BSE_IDX,01/07/2025,10:28:33,80671.21,0,0,0,0,0,0
SENEQW.BSE_IDX,01/07/2025,10:28:41,80675.31,0,0,0,0,0,0
SENEQW.BSE_IDX,01/07/2025,10:28:49,80677.19,0,0,0,0,0,0
SENEQW.BSE_IDX,01/07/2025,10:28:57,80679.89,0,0,0,0,0,0
SENEQW.BSE_IDX,01/07/2025,10:29:05,80687.33,0,0,0,0,0,0
SENEQW.BSE_IDX,01/07/2025,10:29:13,80681.13,0,0,0,0,0,0
SENEQW.BSE_IDX,01/07/2025,10:29:21,80686.99,0,0,0,0,0,0
SENEQW.BSE_IDX,01/07/2025,10:29:29,80684.91,0,0,0,0,0,0
SENEQW.BSE_IDX,01/07/2025,10:29:37,80680.66,0,0,0,0,0,0
SENEQW.BSE_IDX,01/07/2025,10:29:46,80679.46,0,0,0,0,0,0
SENEQW.BSE_IDX,01/07/2025,10:29:54,80681.06,0,0,0,0,0,0
SENEQW.BSE_IDX,01/07/2025,10:30:01,80685.77,0,0,0,0,0,0
SENEQW.BSE_IDX,01/07/2025,10:30:09,80684.04,0,0,0,0,0,0
SENEQW.BSE_IDX,01/07/2025,10:30:17,80690.69,0,0,0,0,0,0
SENEQW.BSE_IDX,01/07/2025,10:30:25,80706.94,0,0,0,0,0,0
SENEQW.BSE_IDX,01/07/2025,10:30:33,80705.78,0,0,0,0,0,0
SENEQW.BSE_IDX,01/07/2025,10:30:41,80705.71,0,0,0,0,0,0
SENEQW.BSE_IDX,01/07/2025,10:30:49,80703.24,0,0,0,0,0,0
SENEQW.BSE_IDX,01/07/2025,10:30:57,80692.1,0,0,0,0,0,0
SENEQW.BSE_IDX,01/07/2025,10:31:05,80698.93,0,0,0,0,0,0
SENEQW.BSE_IDX,01/07/2025,10:31:13,80701.8,0,0,0,0,0,0
SENEQW.BSE_IDX,01/07/2025,10:31:22,80696.22,0,0,0,0,0,0
SENEQW.BSE_IDX,01/07/2025,10:31:29,80698.73,0,0,0,0,0,0
SENEQW.BSE_IDX,01/07/2025,10:31:37,80694.57,0,0,0,0,0,0
SENEQW.BSE_IDX,01/07/2025,10:31:46,80687.69,0,0,0,0,0,0
SENEQW.BSE_IDX,01/07/2025,10:31:53,80687.71,0,0,0,0,0,0
SENEQW.BSE_IDX,01/07/2025,10:32:01,80693.19,0,0,0,0,0,0
SENEQW.BSE_IDX,01/07/2025,10:32:10,80687.25,0,0,0,0,0,0
SENEQW.BSE_IDX,01/07/2025,10:32:17,80688.95,0,0,0,0,0,0
SENEQW.BSE_IDX,01/07/2025,10:32:25,80690.98,0,0,0,0,0,0
SENEQW.BSE_IDX,01/07/2025,10:32:33,80690.57,0,0,0,0,0,0
SENEQW.BSE_IDX,01/07/2025,10:32:41,80693.86,0,0,0,0,0,0
SENEQW.BSE_IDX,01/07/2025,10:32:49,80699.09,0,0,0,0,0,0
SENEQW.BSE_IDX,01/07/2025,10:32:57,80706.34,0,0,0,0,0,0
SENEQW.BSE_IDX,01/07/2025,10:33:06,80711.12,0,0,0,0,0,0
SENEQW.BSE_IDX,01/07/2025,10:33:13,80718.3,0,0,0,0,0,0
SENEQW.BSE_IDX,01/07/2025,10:33:22,80716.7,0,0,0,0,0,0
SENEQW.BSE_IDX,01/07/2025,10:33:29,80716.66,0,0,0,0,0,0
SENEQW.BSE_IDX,01/07/2025,10:33:37,80717.31,0,0,0,0,0,0
SENEQW.BSE_IDX,01/07/2025,10:33:45,80718.36,0,0,0,0,0,0
SENEQW.BSE_IDX,01/07/2025,10:33:53,80719.87,0,0,0,0,0,0
SENEQW.BSE_IDX,01/07/2025,10:34:01,80716.52,0,0,0,0,0,0
SENEQW.BSE_IDX,01/07/2025,10:34:09,80715.79,0,0,0,0,0,0
SENEQW.BSE_IDX,01/07/2025,10:34:17,80713.35,0,0,0,0,0,0
SENEQW.BSE_IDX,01/07/2025,10:34:25,80716.15,0,0,0,0,0,0
SENEQW.BSE_IDX,01/07/2025,10:34:33,80719.18,0,0,0,0,0,0
SENEQW.BSE_IDX,01/07/2025,10:34:41,80717.84,0,0,0,0,0,0
SENEQW.BSE_IDX,01/07/2025,10:34:49,80716.8,0,0,0,0,0,0
SENEQW.BSE_IDX,01/07/2025,10:34:58,80716.12,0,0,0,0,0,0
SENEQW.BSE_IDX,01/07/2025,10:35:06,80719.75,0,0,0,0,0,0
SENEQW.BSE_IDX,01/07/2025,10:35:14,80718.28,0,0,0,0,0,0
SENEQW.BSE_IDX,01/07/2025,10:35:21,80718.22,0,0,0,0,0,0
SENEQW.BSE_IDX,01/07/2025,10:35:29,80709.56,0,0,0,0,0,0
SENEQW.BSE_IDX,01/07/2025,10:35:37,80704.05,0,0,0,0,0,0
SENEQW.BSE_IDX,01/07/2025,10:35:45,80700.39,0,0,0,0,0,0
SENEQW.BSE_IDX,01/07/2025,10:35:54,80701.18,0,0,0,0,0,0
SENEQW.BSE_IDX,01/07/2025,10:36:02,80706.23,0,0,0,0,0,0
SENEQW.BSE_IDX,01/07/2025,10:36:10,80704.98,0,0,0,0,0,0
SENEQW.BSE_IDX,01/07/2025,10:36:18,80706.62,0,0,0,0,0,0
SENEQW.BSE_IDX,01/07/2025,10:36:25,80701.56,0,0,0,0,0,0
SENEQW.BSE_IDX,01/07/2025,10:36:34,80705.25,0,0,0,0,0,0
SENEQW.BSE_IDX,01/07/2025,10:36:42,80709.84,0,0,0,0,0,0
SENEQW.BSE_IDX,01/07/2025,10:36:49,80711.13,0,0,0,0,0,0
SENEQW.BSE_IDX,01/07/2025,10:36:58,80711.36,0,0,0,0,0,0
SENEQW.BSE_IDX,01/07/2025,10:37:06,80712.8,0,0,0,0,0,0
SENEQW.BSE_IDX,01/07/2025,10:37:14,80707.98,0,0,0,0,0,0
SENEQW.BSE_IDX,01/07/2025,10:37:22,80703.78,0,0,0,0,0,0
SENEQW.BSE_IDX,01/07/2025,10:37:30,80699.87,0,0,0,0,0,0
SENEQW.BSE_IDX,01/07/2025,10:37:38,80698.52,0,0,0,0,0,0
SENEQW.BSE_IDX,01/07/2025,10:37:46,80697.64,0,0,0,0,0,0
SENEQW.BSE_IDX,01/07/2025,10:37:54,80695.82,0,0,0,0,0,0
SENEQW.BSE_IDX,01/07/2025,10:38:02,80696.02,0,0,0,0,0,0
SENEQW.BSE_IDX,01/07/2025,10:38:10,80700.36,0,0,0,0,0,0
SENEQW.BSE_IDX,01/07/2025,10:38:18,80702.19,0,0,0,0,0,0
SENEQW.BSE_IDX,01/07/2025,10:38:26,80702.34,0,0,0,0,0,0
SENEQW.BSE_IDX,01/07/2025,10:38:34,80697.31,0,0,0,0,0,0
SENEQW.BSE_IDX,01/07/2025,10:38:42,80702.66,0,0,0,0,0,0
SENEQW.BSE_IDX,01/07/2025,10:38:50,80706.31,0,0,0,0,0,0
SENEQW.BSE_IDX,01/07/2025,10:38:58,80709.58,0,0,0,0,0,0
SENEQW.BSE_IDX,01/07/2025,10:39:06,80718.94,0,0,0,0,0,0
SENEQW.BSE_IDX,01/07/2025,10:39:14,80724.15,0,0,0,0,0,0
SENEQW.BSE_IDX,01/07/2025,10:39:22,80730.64,0,0,0,0,0,0
SENEQW.BSE_IDX,01/07/2025,10:39:30,80732.96,0,0,0,0,0,0
SENEQW.BSE_IDX,01/07/2025,10:39:38,80731.85,0,0,0,0,0,0
SENEQW.BSE_IDX,01/07/2025,10:39:46,80736.1,0,0,0,0,0,0
SENEQW.BSE_IDX,01/07/2025,10:39:54,80739.22,0,0,0,0,0,0
SENEQW.BSE_IDX,01/07/2025,10:40:02,80742.55,0,0,0,0,0,0
SENEQW.BSE_IDX,01/07/2025,10:40:10,80734.74,0,0,0,0,0,0
SENEQW.BSE_IDX,01/07/2025,10:40:18,80739.56,0,0,0,0,0,0
SENEQW.BSE_IDX,01/07/2025,10:40:26,80734.97,0,0,0,0,0,0
SENEQW.BSE_IDX,01/07/2025,10:40:34,80737.82,0,0,0,0,0,0
SENEQW.BSE_IDX,01/07/2025,10:40:42,80734.68,0,0,0,0,0,0
SENEQW.BSE_IDX,01/07/2025,10:40:50,80736.04,0,0,0,0,0,0
SENEQW.BSE_IDX,01/07/2025,10:40:58,80738.96,0,0,0,0,0,0
SENEQW.BSE_IDX,01/07/2025,10:41:06,80740.09,0,0,0,0,0,0
SENEQW.BSE_IDX,01/07/2025,10:41:14,80736.78,0,0,0,0,0,0
SENEQW.BSE_IDX,01/07/2025,10:41:22,80736.38,0,0,0,0,0,0
SENEQW.BSE_IDX,01/07/2025,10:41:30,80733.6,0,0,0,0,0,0
SENEQW.BSE_IDX,01/07/2025,10:41:38,80748.24,0,0,0,0,0,0
SENEQW.BSE_IDX,01/07/2025,10:41:46,80738.86,0,0,0,0,0,0
SENEQW.BSE_IDX,01/07/2025,10:41:54,80739.09,0,0,0,0,0,0
SENEQW.BSE_IDX,01/07/2025,10:42:02,80741.96,0,0,0,0,0,0
SENEQW.BSE_IDX,01/07/2025,10:42:10,80731.36,0,0,0,0,0,0
SENEQW.BSE_IDX,01/07/2025,10:42:18,80735.06,0,0,0,0,0,0
SENEQW.BSE_IDX,01/07/2025,10:42:26,80731.63,0,0,0,0,0,0
SENEQW.BSE_IDX,01/07/2025,10:42:34,80726.7,0,0,0,0,0,0
SENEQW.BSE_IDX,01/07/2025,10:42:42,80722.99,0,0,0,0,0,0
SENEQW.BSE_IDX,01/07/2025,10:42:50,80723.88,0,0,0,0,0,0
SENEQW.BSE_IDX,01/07/2025,10:42:58,80717.79,0,0,0,0,0,0
SENEQW.BSE_IDX,01/07/2025,10:43:06,80722.72,0,0,0,0,0,0
SENEQW.BSE_IDX,01/07/2025,10:43:14,80723.16,0,0,0,0,0,0
SENEQW.BSE_IDX,01/07/2025,10:43:22,80716.33,0,0,0,0,0,0
SENEQW.BSE_IDX,01/07/2025,10:43:30,80718.93,0,0,0,0,0,0
SENEQW.BSE_IDX,01/07/2025,10:43:38,80712.67,0,0,0,0,0,0
SENEQW.BSE_IDX,01/07/2025,10:43:46,80719.82,0,0,0,0,0,0
SENEQW.BSE_IDX,01/07/2025,10:43:54,80714.91,0,0,0,0,0,0
SENEQW.BSE_IDX,01/07/2025,10:44:02,80708.51,0,0,0,0,0,0
SENEQW.BSE_IDX,01/07/2025,10:44:10,80702.94,0,0,0,0,0,0
SENEQW.BSE_IDX,01/07/2025,10:44:18,80703.01,0,0,0,0,0,0
SENEQW.BSE_IDX,01/07/2025,10:44:26,80705.94,0,0,0,0,0,0
SENEQW.BSE_IDX,01/07/2025,10:44:34,80704.63,0,0,0,0,0,0
SENEQW.BSE_IDX,01/07/2025,10:44:42,80708.67,0,0,0,0,0,0
SENEQW.BSE_IDX,01/07/2025,10:44:50,80707.64,0,0,0,0,0,0
SENEQW.BSE_IDX,01/07/2025,10:44:58,80698.91,0,0,0,0,0,0
SENEQW.BSE_IDX,01/07/2025,10:45:07,80697.86,0,0,0,0,0,0
SENEQW.BSE_IDX,01/07/2025,10:45:14,80704.72,0,0,0,0,0,0
SENEQW.BSE_IDX,01/07/2025,10:45:22,80700.23,0,0,0,0,0,0
SENEQW.BSE_IDX,01/07/2025,10:45:30,80702.59,0,0,0,0,0,0
SENEQW.BSE_IDX,01/07/2025,10:45:38,80701.58,0,0,0,0,0,0
SENEQW.BSE_IDX,01/07/2025,10:45:46,80710.54,0,0,0,0,0,0
SENEQW.BSE_IDX,01/07/2025,10:45:54,80699.79,0,0,0,0,0,0
SENEQW.BSE_IDX,01/07/2025,10:46:02,80701.85,0,0,0,0,0,0
SENEQW.BSE_IDX,01/07/2025,10:46:10,80701.12,0,0,0,0,0,0
SENEQW.BSE_IDX,01/07/2025,10:46:18,80699.6,0,0,0,0,0,0
SENEQW.BSE_IDX,01/07/2025,10:46:26,80700.76,0,0,0,0,0,0
SENEQW.BSE_IDX,01/07/2025,10:46:34,80699.23,0,0,0,0,0,0
SENEQW.BSE_IDX,01/07/2025,10:46:42,80701.19,0,0,0,0,0,0
SENEQW.BSE_IDX,01/07/2025,10:46:50,80708.36,0,0,0,0,0,0
SENEQW.BSE_IDX,01/07/2025,10:46:58,80704.33,0,0,0,0,0,0
SENEQW.BSE_IDX,01/07/2025,10:47:06,80703.41,0,0,0,0,0,0
SENEQW.BSE_IDX,01/07/2025,10:47:14,80698.47,0,0,0,0,0,0
SENEQW.BSE_IDX,01/07/2025,10:47:22,80698.39,0,0,0,0,0,0
SENEQW.BSE_IDX,01/07/2025,10:47:30,80700.53,0,0,0,0,0,0
SENEQW.BSE_IDX,01/07/2025,10:47:38,80703.76,0,0,0,0,0,0
SENEQW.BSE_IDX,01/07/2025,10:47:46,80707.51,0,0,0,0,0,0
SENEQW.BSE_IDX,01/07/2025,10:47:54,80711.16,0,0,0,0,0,0
SENEQW.BSE_IDX,01/07/2025,10:48:02,80710.78,0,0,0,0,0,0
SENEQW.BSE_IDX,01/07/2025,10:48:10,80708.37,0,0,0,0,0,0
SENEQW.BSE_IDX,01/07/2025,10:48:18,80713.83,0,0,0,0,0,0
SENEQW.BSE_IDX,01/07/2025,10:48:26,80716.92,0,0,0,0,0,0
SENEQW.BSE_IDX,01/07/2025,10:48:34,80713.89,0,0,0,0,0,0
SENEQW.BSE_IDX,01/07/2025,10:48:42,80715.25,0,0,0,0,0,0
SENEQW.BSE_IDX,01/07/2025,10:48:50,80722.55,0,0,0,0,0,0
SENEQW.BSE_IDX,01/07/2025,10:48:58,80718.76,0,0,0,0,0,0
SENEQW.BSE_IDX,01/07/2025,10:49:06,80721.45,0,0,0,0,0,0
SENEQW.BSE_IDX,01/07/2025,10:49:14,80713.63,0,0,0,0,0,0
SENEQW.BSE_IDX,01/07/2025,10:49:22,80713.05,0,0,0,0,0,0
SENEQW.BSE_IDX,01/07/2025,10:49:30,80703.84,0,0,0,0,0,0
SENEQW.BSE_IDX,01/07/2025,10:49:38,80701.61,0,0,0,0,0,0
SENEQW.BSE_IDX,01/07/2025,10:49:46,80701.79,0,0,0,0,0,0
SENEQW.BSE_IDX,01/07/2025,10:49:54,80695.48,0,0,0,0,0,0
SENEQW.BSE_IDX,01/07/2025,10:50:02,80698.18,0,0,0,0,0,0
SENEQW.BSE_IDX,01/07/2025,10:50:10,80698.02,0,0,0,0,0,0
SENEQW.BSE_IDX,01/07/2025,10:50:18,80696.86,0,0,0,0,0,0
SENEQW.BSE_IDX,01/07/2025,10:50:26,80696.21,0,0,0,0,0,0
SENEQW.BSE_IDX,01/07/2025,10:50:34,80697.98,0,0,0,0,0,0
SENEQW.BSE_IDX,01/07/2025,10:50:42,80695.16,0,0,0,0,0,0
SENEQW.BSE_IDX,01/07/2025,10:50:50,80696.45,0,0,0,0,0,0
SENEQW.BSE_IDX,01/07/2025,10:50:58,80688.34,0,0,0,0,0,0
SENEQW.BSE_IDX,01/07/2025,10:51:06,80686.92,0,0,0,0,0,0
SENEQW.BSE_IDX,01/07/2025,10:51:14,80688.45,0,0,0,0,0,0
SENEQW.BSE_IDX,01/07/2025,10:51:22,80683.79,0,0,0,0,0,0
SENEQW.BSE_IDX,01/07/2025,10:51:30,80686.26,0,0,0,0,0,0
SENEQW.BSE_IDX,01/07/2025,10:51:38,80683.04,0,0,0,0,0,0
SENEQW.BSE_IDX,01/07/2025,10:51:46,80681,0,0,0,0,0,0
SENEQW.BSE_IDX,01/07/2025,10:51:54,80669.3,0,0,0,0,0,0
SENEQW.BSE_IDX,01/07/2025,10:52:02,80667.9,0,0,0,0,0,0
SENEQW.BSE_IDX,01/07/2025,10:52:10,80669.85,0,0,0,0,0,0
SENEQW.BSE_IDX,01/07/2025,10:52:18,80661.69,0,0,0,0,0,0
SENEQW.BSE_IDX,01/07/2025,10:52:26,80649.35,0,0,0,0,0,0
SENEQW.BSE_IDX,01/07/2025,10:52:34,80649.88,0,0,0,0,0,0
SENEQW.BSE_IDX,01/07/2025,10:52:43,80648.66,0,0,0,0,0,0
SENEQW.BSE_IDX,01/07/2025,10:52:50,80644.01,0,0,0,0,0,0
SENEQW.BSE_IDX,01/07/2025,10:52:58,80640.32,0,0,0,0,0,0
SENEQW.BSE_IDX,01/07/2025,10:53:06,80635.04,0,0,0,0,0,0
SENEQW.BSE_IDX,01/07/2025,10:53:14,80633.28,0,0,0,0,0,0
SENEQW.BSE_IDX,01/07/2025,10:53:22,80634.96,0,0,0,0,0,0
SENEQW.BSE_IDX,01/07/2025,10:53:30,80637.27,0,0,0,0,0,0
SENEQW.BSE_IDX,01/07/2025,10:53:38,80642.6,0,0,0,0,0,0
SENEQW.BSE_IDX,01/07/2025,10:53:46,80640.99,0,0,0,0,0,0
SENEQW.BSE_IDX,01/07/2025,10:53:54,80651.98,0,0,0,0,0,0
SENEQW.BSE_IDX,01/07/2025,10:54:02,80658.19,0,0,0,0,0,0
SENEQW.BSE_IDX,01/07/2025,10:54:10,80656.43,0,0,0,0,0,0
SENEQW.BSE_IDX,01/07/2025,10:54:18,80655.48,0,0,0,0,0,0
SENEQW.BSE_IDX,01/07/2025,10:54:26,80652.56,0,0,0,0,0,0
SENEQW.BSE_IDX,01/07/2025,10:54:34,80656.81,0,0,0,0,0,0
SENEQW.BSE_IDX,01/07/2025,10:54:42,80661.8,0,0,0,0,0,0
SENEQW.BSE_IDX,01/07/2025,10:54:51,80665.95,0,0,0,0,0,0
SENEQW.BSE_IDX,01/07/2025,10:54:58,80664.55,0,0,0,0,0,0
SENEQW.BSE_IDX,01/07/2025,10:55:06,80663.91,0,0,0,0,0,0
SENEQW.BSE_IDX,01/07/2025,10:55:14,80661.93,0,0,0,0,0,0
SENEQW.BSE_IDX,01/07/2025,10:55:22,80662.27,0,0,0,0,0,0
SENEQW.BSE_IDX,01/07/2025,10:55:30,80661.07,0,0,0,0,0,0
SENEQW.BSE_IDX,01/07/2025,10:55:38,80659.24,0,0,0,0,0,0
SENEQW.BSE_IDX,01/07/2025,10:55:46,80660.27,0,0,0,0,0,0
SENEQW.BSE_IDX,01/07/2025,10:55:54,80655.64,0,0,0,0,0,0
SENEQW.BSE_IDX,01/07/2025,10:56:02,80654.52,0,0,0,0,0,0
SENEQW.BSE_IDX,01/07/2025,10:56:10,80654.56,0,0,0,0,0,0
SENEQW.BSE_IDX,01/07/2025,10:56:18,80655.48,0,0,0,0,0,0
SENEQW.BSE_IDX,01/07/2025,10:56:26,80649.94,0,0,0,0,0,0
SENEQW.BSE_IDX,01/07/2025,10:56:34,80653.96,0,0,0,0,0,0
SENEQW.BSE_IDX,01/07/2025,10:56:42,80653.46,0,0,0,0,0,0
SENEQW.BSE_IDX,01/07/2025,10:56:50,80653.96,0,0,0,0,0,0
SENEQW.BSE_IDX,01/07/2025,10:56:58,80647.71,0,0,0,0,0,0
SENEQW.BSE_IDX,01/07/2025,10:57:06,80646.9,0,0,0,0,0,0
SENEQW.BSE_IDX,01/07/2025,10:57:14,80640.31,0,0,0,0,0,0
SENEQW.BSE_IDX,01/07/2025,10:57:22,80642.44,0,0,0,0,0,0
SENEQW.BSE_IDX,01/07/2025,10:57:30,80642.58,0,0,0,0,0,0
SENEQW.BSE_IDX,01/07/2025,10:57:39,80643.19,0,0,0,0,0,0
SENEQW.BSE_IDX,01/07/2025,10:57:46,80643.85,0,0,0,0,0,0
SENEQW.BSE_IDX,01/07/2025,10:57:54,80644.91,0,0,0,0,0,0
SENEQW.BSE_IDX,01/07/2025,10:58:02,80640.73,0,0,0,0,0,0
SENEQW.BSE_IDX,01/07/2025,10:58:10,80637.9,0,0,0,0,0,0
SENEQW.BSE_IDX,01/07/2025,10:58:18,80636.01,0,0,0,0,0,0
SENEQW.BSE_IDX,01/07/2025,10:58:26,80635.68,0,0,0,0,0,0
SENEQW.BSE_IDX,01/07/2025,10:58:34,80636.26,0,0,0,0,0,0
SENEQW.BSE_IDX,01/07/2025,10:58:42,80635.88,0,0,0,0,0,0
SENEQW.BSE_IDX,01/07/2025,10:58:50,80642.27,0,0,0,0,0,0
SENEQW.BSE_IDX,01/07/2025,10:58:58,80640.15,0,0,0,0,0,0
SENEQW.BSE_IDX,01/07/2025,10:59:06,80639.89,0,0,0,0,0,0
SENEQW.BSE_IDX,01/07/2025,10:59:14,80635.99,0,0,0,0,0,0
SENEQW.BSE_IDX,01/07/2025,10:59:22,80640.46,0,0,0,0,0,0
SENEQW.BSE_IDX,01/07/2025,10:59:30,80633.17,0,0,0,0,0,0
SENEQW.BSE_IDX,01/07/2025,10:59:38,80630.54,0,0,0,0,0,0
SENEQW.BSE_IDX,01/07/2025,10:59:47,80633.44,0,0,0,0,0,0
SENEQW.BSE_IDX,01/07/2025,10:59:55,80635.47,0,0,0,0,0,0
SENEQW.BSE_IDX,01/07/2025,11:00:03,80633.21,0,0,0,0,0,0
SENEQW.BSE_IDX,01/07/2025,11:00:11,80629.94,0,0,0,0,0,0
SENEQW.BSE_IDX,01/07/2025,11:00:18,80632.07,0,0,0,0,0,0
SENEQW.BSE_IDX,01/07/2025,11:00:26,80634.58,0,0,0,0,0,0
SENEQW.BSE_IDX,01/07/2025,11:00:34,80637.29,0,0,0,0,0,0
SENEQW.BSE_IDX,01/07/2025,11:00:42,80637.75,0,0,0,0,0,0
SENEQW.BSE_IDX,01/07/2025,11:00:50,80642.24,0,0,0,0,0,0
SENEQW.BSE_IDX,01/07/2025,11:00:58,80647.39,0,0,0,0,0,0
SENEQW.BSE_IDX,01/07/2025,11:01:06,80648.08,0,0,0,0,0,0
SENEQW.BSE_IDX,01/07/2025,11:01:15,80653.04,0,0,0,0,0,0
SENEQW.BSE_IDX,01/07/2025,11:01:22,80647.32,0,0,0,0,0,0
SENEQW.BSE_IDX,01/07/2025,11:01:30,80646.93,0,0,0,0,0,0
SENEQW.BSE_IDX,01/07/2025,11:01:38,80641.42,0,0,0,0,0,0
SENEQW.BSE_IDX,01/07/2025,11:01:46,80635.54,0,0,0,0,0,0
SENEQW.BSE_IDX,01/07/2025,11:01:54,80637.23,0,0,0,0,0,0
SENEQW.BSE_IDX,01/07/2025,11:02:02,80640.31,0,0,0,0,0,0
SENEQW.BSE_IDX,01/07/2025,11:02:10,80632.9,0,0,0,0,0,0
SENEQW.BSE_IDX,01/07/2025,11:02:18,80635.17,0,0,0,0,0,0
SENEQW.BSE_IDX,01/07/2025,11:02:27,80633.76,0,0,0,0,0,0
SENEQW.BSE_IDX,01/07/2025,11:02:34,80634.39,0,0,0,0,0,0
SENEQW.BSE_IDX,01/07/2025,11:02:42,80629.68,0,0,0,0,0,0
SENEQW.BSE_IDX,01/07/2025,11:02:51,80631.2,0,0,0,0,0,0
SENEQW.BSE_IDX,01/07/2025,11:02:58,80626.12,0,0,0,0,0,0
SENEQW.BSE_IDX,01/07/2025,11:03:06,80623.07,0,0,0,0,0,0
SENEQW.BSE_IDX,01/07/2025,11:03:14,80622.16,0,0,0,0,0,0
SENEQW.BSE_IDX,01/07/2025,11:03:22,80622.96,0,0,0,0,0,0
SENEQW.BSE_IDX,01/07/2025,11:03:31,80619.26,0,0,0,0,0,0
SENEQW.BSE_IDX,01/07/2025,11:03:38,80619.39,0,0,0,0,0,0
SENEQW.BSE_IDX,01/07/2025,11:03:46,80621.11,0,0,0,0,0,0
SENEQW.BSE_IDX,01/07/2025,11:03:54,80617.05,0,0,0,0,0,0
SENEQW.BSE_IDX,01/07/2025,11:04:02,80621.71,0,0,0,0,0,0
SENEQW.BSE_IDX,01/07/2025,11:04:10,80620.61,0,0,0,0,0,0
SENEQW.BSE_IDX,01/07/2025,11:04:18,80621.25,0,0,0,0,0,0
SENEQW.BSE_IDX,01/07/2025,11:04:27,80630.78,0,0,0,0,0,0
SENEQW.BSE_IDX,01/07/2025,11:04:34,80629.94,0,0,0,0,0,0
SENEQW.BSE_IDX,01/07/2025,11:04:42,80624.57,0,0,0,0,0,0
SENEQW.BSE_IDX,01/07/2025,11:04:51,80628.12,0,0,0,0,0,0
SENEQW.BSE_IDX,01/07/2025,11:04:58,80622.18,0,0,0,0,0,0
SENEQW.BSE_IDX,01/07/2025,11:05:06,80628.25,0,0,0,0,0,0
SENEQW.BSE_IDX,01/07/2025,11:05:14,80631.29,0,0,0,0,0,0
SENEQW.BSE_IDX,01/07/2025,11:05:22,80632.07,0,0,0,0,0,0
SENEQW.BSE_IDX,01/07/2025,11:05:31,80624.67,0,0,0,0,0,0
SENEQW.BSE_IDX,01/07/2025,11:05:39,80626.38,0,0,0,0,0,0
SENEQW.BSE_IDX,01/07/2025,11:05:46,80627.55,0,0,0,0,0,0
SENEQW.BSE_IDX,01/07/2025,11:05:54,80625.04,0,0,0,0,0,0
SENEQW.BSE_IDX,01/07/2025,11:06:03,80625.69,0,0,0,0,0,0
SENEQW.BSE_IDX,01/07/2025,11:06:11,80629.82,0,0,0,0,0,0
SENEQW.BSE_IDX,01/07/2025,11:06:19,80642.4,0,0,0,0,0,0
SENEQW.BSE_IDX,01/07/2025,11:06:27,80639.72,0,0,0,0,0,0
SENEQW.BSE_IDX,01/07/2025,11:06:34,80631.25,0,0,0,0,0,0
SENEQW.BSE_IDX,01/07/2025,11:06:43,80631.81,0,0,0,0,0,0
SENEQW.BSE_IDX,01/07/2025,11:06:51,80630.84,0,0,0,0,0,0
SENEQW.BSE_IDX,01/07/2025,11:06:58,80635.19,0,0,0,0,0,0
SENEQW.BSE_IDX,01/07/2025,11:07:06,80634.05,0,0,0,0,0,0
SENEQW.BSE_IDX,01/07/2025,11:07:15,80634.9,0,0,0,0,0,0
SENEQW.BSE_IDX,01/07/2025,11:07:22,80637.59,0,0,0,0,0,0
SENEQW.BSE_IDX,01/07/2025,11:07:31,80635.23,0,0,0,0,0,0
SENEQW.BSE_IDX,01/07/2025,11:07:39,80637.35,0,0,0,0,0,0
SENEQW.BSE_IDX,01/07/2025,11:07:46,80639.63,0,0,0,0,0,0
SENEQW.BSE_IDX,01/07/2025,11:07:55,80643.41,0,0,0,0,0,0
SENEQW.BSE_IDX,01/07/2025,11:08:02,80644.11,0,0,0,0,0,0
SENEQW.BSE_IDX,01/07/2025,11:08:11,80642.97,0,0,0,0,0,0
SENEQW.BSE_IDX,01/07/2025,11:08:18,80640.15,0,0,0,0,0,0
SENEQW.BSE_IDX,01/07/2025,11:08:27,80641.55,0,0,0,0,0,0
SENEQW.BSE_IDX,01/07/2025,11:08:35,80635.15,0,0,0,0,0,0
SENEQW.BSE_IDX,01/07/2025,11:08:43,80638.8,0,0,0,0,0,0
SENEQW.BSE_IDX,01/07/2025,11:08:51,80645.56,0,0,0,0,0,0
SENEQW.BSE_IDX,01/07/2025,11:08:58,80647.16,0,0,0,0,0,0
SENEQW.BSE_IDX,01/07/2025,11:09:07,80646.73,0,0,0,0,0,0
SENEQW.BSE_IDX,01/07/2025,11:09:15,80638.8,0,0,0,0,0,0
SENEQW.BSE_IDX,01/07/2025,11:09:23,80635.63,0,0,0,0,0,0
SENEQW.BSE_IDX,01/07/2025,11:09:31,80639.71,0,0,0,0,0,0
SENEQW.BSE_IDX,01/07/2025,11:09:39,80641.02,0,0,0,0,0,0
SENEQW.BSE_IDX,01/07/2025,11:09:47,80642.63,0,0,0,0,0,0
SENEQW.BSE_IDX,01/07/2025,11:09:55,80643.26,0,0,0,0,0,0
SENEQW.BSE_IDX,01/07/2025,11:10:03,80648.94,0,0,0,0,0,0
SENEQW.BSE_IDX,01/07/2025,11:10:11,80647.26,0,0,0,0,0,0
SENEQW.BSE_IDX,01/07/2025,11:10:19,80644.99,0,0,0,0,0,0
SENEQW.BSE_IDX,01/07/2025,11:10:27,80645.52,0,0,0,0,0,0
SENEQW.BSE_IDX,01/07/2025,11:10:35,80649.78,0,0,0,0,0,0
SENEQW.BSE_IDX,01/07/2025,11:10:43,80656.33,0,0,0,0,0,0
SENEQW.BSE_IDX,01/07/2025,11:10:51,80656.44,0,0,0,0,0,0
SENEQW.BSE_IDX,01/07/2025,11:10:59,80656.72,0,0,0,0,0,0
SENEQW.BSE_IDX,01/07/2025,11:11:07,80659.63,0,0,0,0,0,0
SENEQW.BSE_IDX,01/07/2025,11:11:15,80657.69,0,0,0,0,0,0
SENEQW.BSE_IDX,01/07/2025,11:11:23,80659.47,0,0,0,0,0,0
SENEQW.BSE_IDX,01/07/2025,11:11:31,80658.51,0,0,0,0,0,0
SENEQW.BSE_IDX,01/07/2025,11:11:39,80654.41,0,0,0,0,0,0
SENEQW.BSE_IDX,01/07/2025,11:11:47,80655.91,0,0,0,0,0,0
SENEQW.BSE_IDX,01/07/2025,11:11:55,80653.4,0,0,0,0,0,0
SENEQW.BSE_IDX,01/07/2025,11:12:03,80654.65,0,0,0,0,0,0
SENEQW.BSE_IDX,01/07/2025,11:12:11,80656.82,0,0,0,0,0,0
SENEQW.BSE_IDX,01/07/2025,11:12:19,80656.52,0,0,0,0,0,0
SENEQW.BSE_IDX,01/07/2025,11:12:27,80657.69,0,0,0,0,0,0
SENEQW.BSE_IDX,01/07/2025,11:12:35,80661.83,0,0,0,0,0,0
SENEQW.BSE_IDX,01/07/2025,11:12:43,80655.63,0,0,0,0,0,0
SENEQW.BSE_IDX,01/07/2025,11:12:51,80654.15,0,0,0,0,0,0
SENEQW.BSE_IDX,01/07/2025,11:12:59,80652.59,0,0,0,0,0,0
SENEQW.BSE_IDX,01/07/2025,11:13:07,80657.3,0,0,0,0,0,0
SENEQW.BSE_IDX,01/07/2025,11:13:16,80653.4,0,0,0,0,0,0
SENEQW.BSE_IDX,01/07/2025,11:13:23,80650.36,0,0,0,0,0,0
SENEQW.BSE_IDX,01/07/2025,11:13:31,80651.62,0,0,0,0,0,0
SENEQW.BSE_IDX,01/07/2025,11:13:39,80650.67,0,0,0,0,0,0
SENEQW.BSE_IDX,01/07/2025,11:13:47,80650.35,0,0,0,0,0,0
SENEQW.BSE_IDX,01/07/2025,11:13:55,80648.98,0,0,0,0,0,0
SENEQW.BSE_IDX,01/07/2025,11:14:03,80651.62,0,0,0,0,0,0
SENEQW.BSE_IDX,01/07/2025,11:14:11,80652.92,0,0,0,0,0,0
SENEQW.BSE_IDX,01/07/2025,11:14:19,80658.03,0,0,0,0,0,0
SENEQW.BSE_IDX,01/07/2025,11:14:27,80660.68,0,0,0,0,0,0
SENEQW.BSE_IDX,01/07/2025,11:14:35,80661.06,0,0,0,0,0,0
SENEQW.BSE_IDX,01/07/2025,11:14:43,80663.04,0,0,0,0,0,0
SENEQW.BSE_IDX,01/07/2025,11:14:51,80665.24,0,0,0,0,0,0
SENEQW.BSE_IDX,01/07/2025,11:14:59,80669.22,0,0,0,0,0,0
SENEQW.BSE_IDX,01/07/2025,11:15:07,80668.08,0,0,0,0,0,0
SENEQW.BSE_IDX,01/07/2025,11:15:15,80669.23,0,0,0,0,0,0
SENEQW.BSE_IDX,01/07/2025,11:15:23,80670.33,0,0,0,0,0,0
SENEQW.BSE_IDX,01/07/2025,11:15:31,80659.37,0,0,0,0,0,0
SENEQW.BSE_IDX,01/07/2025,11:15:39,80664.82,0,0,0,0,0,0
SENEQW.BSE_IDX,01/07/2025,11:15:47,80668.6,0,0,0,0,0,0
SENEQW.BSE_IDX,01/07/2025,11:15:56,80673.83,0,0,0,0,0,0
SENEQW.BSE_IDX,01/07/2025,11:16:03,80663.75,0,0,0,0,0,0
SENEQW.BSE_IDX,01/07/2025,11:16:11,80661.2,0,0,0,0,0,0
SENEQW.BSE_IDX,01/07/2025,11:16:19,80664.78,0,0,0,0,0,0
SENEQW.BSE_IDX,01/07/2025,11:16:27,80651.21,0,0,0,0,0,0
SENEQW.BSE_IDX,01/07/2025,11:16:35,80651.16,0,0,0,0,0,0
SENEQW.BSE_IDX,01/07/2025,11:16:43,80648.52,0,0,0,0,0,0
SENEQW.BSE_IDX,01/07/2025,11:16:51,80647.99,0,0,0,0,0,0
SENEQW.BSE_IDX,01/07/2025,11:16:59,80649.23,0,0,0,0,0,0
SENEQW.BSE_IDX,01/07/2025,11:17:07,80648.75,0,0,0,0,0,0
SENEQW.BSE_IDX,01/07/2025,11:17:15,80655.57,0,0,0,0,0,0
SENEQW.BSE_IDX,01/07/2025,11:17:23,80667.74,0,0,0,0,0,0
SENEQW.BSE_IDX,01/07/2025,11:17:31,80681.07,0,0,0,0,0,0
SENEQW.BSE_IDX,01/07/2025,11:17:39,80684.86,0,0,0,0,0,0
SENEQW.BSE_IDX,01/07/2025,11:17:47,80694.33,0,0,0,0,0,0
SENEQW.BSE_IDX,01/07/2025,11:17:57,80694.03,0,0,0,0,0,0
SENEQW.BSE_IDX,01/07/2025,11:18:03,80688.08,0,0,0,0,0,0
SENEQW.BSE_IDX,01/07/2025,11:18:11,80682.03,0,0,0,0,0,0
SENEQW.BSE_IDX,01/07/2025,11:18:19,80689.01,0,0,0,0,0,0
SENEQW.BSE_IDX,01/07/2025,11:18:27,80691.19,0,0,0,0,0,0
SENEQW.BSE_IDX,01/07/2025,11:18:35,80692.59,0,0,0,0,0,0
SENEQW.BSE_IDX,01/07/2025,11:18:44,80692.6,0,0,0,0,0,0
SENEQW.BSE_IDX,01/07/2025,11:18:51,80693.74,0,0,0,0,0,0
SENEQW.BSE_IDX,01/07/2025,11:18:59,80683.73,0,0,0,0,0,0
SENEQW.BSE_IDX,01/07/2025,11:19:08,80681.74,0,0,0,0,0,0
SENEQW.BSE_IDX,01/07/2025,11:19:15,80680.51,0,0,0,0,0,0
SENEQW.BSE_IDX,01/07/2025,11:19:23,80681.38,0,0,0,0,0,0
SENEQW.BSE_IDX,01/07/2025,11:19:31,80677.08,0,0,0,0,0,0
SENEQW.BSE_IDX,01/07/2025,11:19:39,80674.58,0,0,0,0,0,0
SENEQW.BSE_IDX,01/07/2025,11:19:47,80679.85,0,0,0,0,0,0
SENEQW.BSE_IDX,01/07/2025,11:19:55,80666.24,0,0,0,0,0,0
SENEQW.BSE_IDX,01/07/2025,11:20:03,80666.62,0,0,0,0,0,0
SENEQW.BSE_IDX,01/07/2025,11:20:11,80666.49,0,0,0,0,0,0
SENEQW.BSE_IDX,01/07/2025,11:20:19,80667.72,0,0,0,0,0,0
SENEQW.BSE_IDX,01/07/2025,11:20:27,80669.65,0,0,0,0,0,0
SENEQW.BSE_IDX,01/07/2025,11:20:35,80674.15,0,0,0,0,0,0
SENEQW.BSE_IDX,01/07/2025,11:20:43,80673.15,0,0,0,0,0,0
SENEQW.BSE_IDX,01/07/2025,11:20:51,80674.12,0,0,0,0,0,0
SENEQW.BSE_IDX,01/07/2025,11:20:59,80674.71,0,0,0,0,0,0
SENEQW.BSE_IDX,01/07/2025,11:21:07,80671.09,0,0,0,0,0,0
SENEQW.BSE_IDX,01/07/2025,11:21:15,80670.93,0,0,0,0,0,0
SENEQW.BSE_IDX,01/07/2025,11:21:24,80674.65,0,0,0,0,0,0
SENEQW.BSE_IDX,01/07/2025,11:21:31,80677.24,0,0,0,0,0,0
SENEQW.BSE_IDX,01/07/2025,11:21:39,80672,0,0,0,0,0,0
SENEQW.BSE_IDX,01/07/2025,11:21:47,80667.46,0,0,0,0,0,0
SENEQW.BSE_IDX,01/07/2025,11:21:56,80665.77,0,0,0,0,0,0
SENEQW.BSE_IDX,01/07/2025,11:22:03,80667.25,0,0,0,0,0,0
SENEQW.BSE_IDX,01/07/2025,11:22:11,80662.86,0,0,0,0,0,0
SENEQW.BSE_IDX,01/07/2025,11:22:19,80664.86,0,0,0,0,0,0
SENEQW.BSE_IDX,01/07/2025,11:22:28,80662.5,0,0,0,0,0,0
SENEQW.BSE_IDX,01/07/2025,11:22:35,80662.54,0,0,0,0,0,0
SENEQW.BSE_IDX,01/07/2025,11:22:43,80663.35,0,0,0,0,0,0
SENEQW.BSE_IDX,01/07/2025,11:22:51,80663.7,0,0,0,0,0,0
SENEQW.BSE_IDX,01/07/2025,11:22:59,80663.35,0,0,0,0,0,0
SENEQW.BSE_IDX,01/07/2025,11:23:07,80662.09,0,0,0,0,0,0
SENEQW.BSE_IDX,01/07/2025,11:23:15,80666.93,0,0,0,0,0,0
SENEQW.BSE_IDX,01/07/2025,11:23:23,80664.86,0,0,0,0,0,0
SENEQW.BSE_IDX,01/07/2025,11:23:31,80661.86,0,0,0,0,0,0
SENEQW.BSE_IDX,01/07/2025,11:23:39,80658.04,0,0,0,0,0,0
SENEQW.BSE_IDX,01/07/2025,11:23:47,80660.01,0,0,0,0,0,0
SENEQW.BSE_IDX,01/07/2025,11:23:55,80655.49,0,0,0,0,0,0
SENEQW.BSE_IDX,01/07/2025,11:24:04,80650.14,0,0,0,0,0,0
SENEQW.BSE_IDX,01/07/2025,11:24:11,80652.69,0,0,0,0,0,0
SENEQW.BSE_IDX,01/07/2025,11:24:19,80650.33,0,0,0,0,0,0
SENEQW.BSE_IDX,01/07/2025,11:24:27,80650.5,0,0,0,0,0,0
SENEQW.BSE_IDX,01/07/2025,11:24:35,80644.64,0,0,0,0,0,0
SENEQW.BSE_IDX,01/07/2025,11:24:43,80642.55,0,0,0,0,0,0
SENEQW.BSE_IDX,01/07/2025,11:24:52,80644.52,0,0,0,0,0,0
SENEQW.BSE_IDX,01/07/2025,11:25:00,80648.3,0,0,0,0,0,0
SENEQW.BSE_IDX,01/07/2025,11:25:07,80647.53,0,0,0,0,0,0
SENEQW.BSE_IDX,01/07/2025,11:25:15,80639.81,0,0,0,0,0,0
SENEQW.BSE_IDX,01/07/2025,11:25:23,80639.45,0,0,0,0,0,0
SENEQW.BSE_IDX,01/07/2025,11:25:31,80639.85,0,0,0,0,0,0
SENEQW.BSE_IDX,01/07/2025,11:25:41,80637.73,0,0,0,0,0,0
SENEQW.BSE_IDX,01/07/2025,11:25:47,80632.73,0,0,0,0,0,0
SENEQW.BSE_IDX,01/07/2025,11:25:55,80633.84,0,0,0,0,0,0
SENEQW.BSE_IDX,01/07/2025,11:26:03,80637.11,0,0,0,0,0,0
SENEQW.BSE_IDX,01/07/2025,11:26:11,80632.42,0,0,0,0,0,0
SENEQW.BSE_IDX,01/07/2025,11:26:19,80635.73,0,0,0,0,0,0
SENEQW.BSE_IDX,01/07/2025,11:26:27,80635.36,0,0,0,0,0,0
SENEQW.BSE_IDX,01/07/2025,11:26:35,80635,0,0,0,0,0,0
SENEQW.BSE_IDX,01/07/2025,11:26:43,80633.11,0,0,0,0,0,0
SENEQW.BSE_IDX,01/07/2025,11:26:51,80633.27,0,0,0,0,0,0
SENEQW.BSE_IDX,01/07/2025,11:26:59,80635.16,0,0,0,0,0,0
SENEQW.BSE_IDX,01/07/2025,11:27:07,80637.08,0,0,0,0,0,0
SENEQW.BSE_IDX,01/07/2025,11:27:15,80640.12,0,0,0,0,0,0
SENEQW.BSE_IDX,01/07/2025,11:27:23,80637.16,0,0,0,0,0,0
SENEQW.BSE_IDX,01/07/2025,11:27:31,80644.31,0,0,0,0,0,0
SENEQW.BSE_IDX,01/07/2025,11:27:39,80646.27,0,0,0,0,0,0
SENEQW.BSE_IDX,01/07/2025,11:27:47,80644.96,0,0,0,0,0,0
SENEQW.BSE_IDX,01/07/2025,11:27:55,80646.51,0,0,0,0,0,0
SENEQW.BSE_IDX,01/07/2025,11:28:03,80646.37,0,0,0,0,0,0
SENEQW.BSE_IDX,01/07/2025,11:28:11,80642.7,0,0,0,0,0,0
SENEQW.BSE_IDX,01/07/2025,11:28:19,80631.27,0,0,0,0,0,0
SENEQW.BSE_IDX,01/07/2025,11:28:27,80635.89,0,0,0,0,0,0
SENEQW.BSE_IDX,01/07/2025,11:28:36,80642.43,0,0,0,0,0,0
SENEQW.BSE_IDX,01/07/2025,11:28:43,80641.24,0,0,0,0,0,0
SENEQW.BSE_IDX,01/07/2025,11:28:51,80641.92,0,0,0,0,0,0
SENEQW.BSE_IDX,01/07/2025,11:28:59,80641.41,0,0,0,0,0,0
SENEQW.BSE_IDX,01/07/2025,11:29:07,80646.56,0,0,0,0,0,0
SENEQW.BSE_IDX,01/07/2025,11:29:16,80643.9,0,0,0,0,0,0
SENEQW.BSE_IDX,01/07/2025,11:29:24,80640.76,0,0,0,0,0,0
SENEQW.BSE_IDX,01/07/2025,11:29:31,80642.5,0,0,0,0,0,0
SENEQW.BSE_IDX,01/07/2025,11:29:39,80641.33,0,0,0,0,0,0
SENEQW.BSE_IDX,01/07/2025,11:29:47,80648.19,0,0,0,0,0,0
SENEQW.BSE_IDX,01/07/2025,11:29:55,80647.82,0,0,0,0,0,0
SENEQW.BSE_IDX,01/07/2025,11:30:03,80652.63,0,0,0,0,0,0
SENEQW.BSE_IDX,01/07/2025,11:30:11,80646.8,0,0,0,0,0,0
SENEQW.BSE_IDX,01/07/2025,11:30:19,80648.57,0,0,0,0,0,0
SENEQW.BSE_IDX,01/07/2025,11:30:27,80648.72,0,0,0,0,0,0
SENEQW.BSE_IDX,01/07/2025,11:30:35,80644.78,0,0,0,0,0,0
SENEQW.BSE_IDX,01/07/2025,11:30:43,80650.16,0,0,0,0,0,0
SENEQW.BSE_IDX,01/07/2025,11:30:52,80652.65,0,0,0,0,0,0
SENEQW.BSE_IDX,01/07/2025,11:30:59,80652.36,0,0,0,0,0,0
SENEQW.BSE_IDX,01/07/2025,11:31:07,80645.05,0,0,0,0,0,0
SENEQW.BSE_IDX,01/07/2025,11:31:16,80636.48,0,0,0,0,0,0
SENEQW.BSE_IDX,01/07/2025,11:31:23,80635.52,0,0,0,0,0,0
SENEQW.BSE_IDX,01/07/2025,11:31:31,80637.85,0,0,0,0,0,0
SENEQW.BSE_IDX,01/07/2025,11:31:39,80639.58,0,0,0,0,0,0
SENEQW.BSE_IDX,01/07/2025,11:31:47,80641.97,0,0,0,0,0,0
SENEQW.BSE_IDX,01/07/2025,11:31:55,80641.27,0,0,0,0,0,0
SENEQW.BSE_IDX,01/07/2025,11:32:04,80639.72,0,0,0,0,0,0
SENEQW.BSE_IDX,01/07/2025,11:32:11,80635.74,0,0,0,0,0,0
SENEQW.BSE_IDX,01/07/2025,11:32:19,80637.49,0,0,0,0,0,0
SENEQW.BSE_IDX,01/07/2025,11:32:27,80639.5,0,0,0,0,0,0
SENEQW.BSE_IDX,01/07/2025,11:32:35,80639.07,0,0,0,0,0,0
SENEQW.BSE_IDX,01/07/2025,11:32:43,80638.47,0,0,0,0,0,0
SENEQW.BSE_IDX,01/07/2025,11:32:51,80637.48,0,0,0,0,0,0
SENEQW.BSE_IDX,01/07/2025,11:32:59,80635.48,0,0,0,0,0,0
SENEQW.BSE_IDX,01/07/2025,11:33:07,80631.78,0,0,0,0,0,0
SENEQW.BSE_IDX,01/07/2025,11:33:15,80625.44,0,0,0,0,0,0
SENEQW.BSE_IDX,01/07/2025,11:33:23,80628.38,0,0,0,0,0,0
SENEQW.BSE_IDX,01/07/2025,11:33:31,80622.1,0,0,0,0,0,0
SENEQW.BSE_IDX,01/07/2025,11:33:39,80628.79,0,0,0,0,0,0
SENEQW.BSE_IDX,01/07/2025,11:33:47,80622.88,0,0,0,0,0,0
SENEQW.BSE_IDX,01/07/2025,11:33:55,80620.82,0,0,0,0,0,0
SENEQW.BSE_IDX,01/07/2025,11:34:03,80625.28,0,0,0,0,0,0
SENEQW.BSE_IDX,01/07/2025,11:34:12,80625.28,0,0,0,0,0,0
SENEQW.BSE_IDX,01/07/2025,11:34:19,80624.33,0,0,0,0,0,0
SENEQW.BSE_IDX,01/07/2025,11:34:27,80625.02,0,0,0,0,0,0
SENEQW.BSE_IDX,01/07/2025,11:34:35,80623.76,0,0,0,0,0,0
SENEQW.BSE_IDX,01/07/2025,11:34:43,80631.31,0,0,0,0,0,0
SENEQW.BSE_IDX,01/07/2025,11:34:52,80633.69,0,0,0,0,0,0
SENEQW.BSE_IDX,01/07/2025,11:35:00,80628.66,0,0,0,0,0,0
SENEQW.BSE_IDX,01/07/2025,11:35:07,80629.43,0,0,0,0,0,0
SENEQW.BSE_IDX,01/07/2025,11:35:16,80628.36,0,0,0,0,0,0
SENEQW.BSE_IDX,01/07/2025,11:35:23,80632.27,0,0,0,0,0,0
SENEQW.BSE_IDX,01/07/2025,11:35:32,80627.76,0,0,0,0,0,0
SENEQW.BSE_IDX,01/07/2025,11:35:40,80630.51,0,0,0,0,0,0
SENEQW.BSE_IDX,01/07/2025,11:35:47,80637.63,0,0,0,0,0,0
SENEQW.BSE_IDX,01/07/2025,11:35:55,80633.91,0,0,0,0,0,0
SENEQW.BSE_IDX,01/07/2025,11:36:04,80635.15,0,0,0,0,0,0
SENEQW.BSE_IDX,01/07/2025,11:36:11,80634.76,0,0,0,0,0,0
SENEQW.BSE_IDX,01/07/2025,11:36:20,80632.66,0,0,0,0,0,0
SENEQW.BSE_IDX,01/07/2025,11:36:28,80639.39,0,0,0,0,0,0
SENEQW.BSE_IDX,01/07/2025,11:36:35,80632.4,0,0,0,0,0,0
SENEQW.BSE_IDX,01/07/2025,11:36:44,80633.47,0,0,0,0,0,0
SENEQW.BSE_IDX,01/07/2025,11:36:54,80633.36,0,0,0,0,0,0
SENEQW.BSE_IDX,01/07/2025,11:36:59,80630.48,0,0,0,0,0,0
SENEQW.BSE_IDX,01/07/2025,11:37:08,80629.77,0,0,0,0,0,0
SENEQW.BSE_IDX,01/07/2025,11:37:15,80635.51,0,0,0,0,0,0
SENEQW.BSE_IDX,01/07/2025,11:37:23,80634.4,0,0,0,0,0,0
SENEQW.BSE_IDX,01/07/2025,11:37:32,80635.74,0,0,0,0,0,0
SENEQW.BSE_IDX,01/07/2025,11:37:41,80632.28,0,0,0,0,0,0
SENEQW.BSE_IDX,01/07/2025,11:37:47,80632.64,0,0,0,0,0,0
SENEQW.BSE_IDX,01/07/2025,11:37:55,80635.6,0,0,0,0,0,0
SENEQW.BSE_IDX,01/07/2025,11:38:03,80639.39,0,0,0,0,0,0
SENEQW.BSE_IDX,01/07/2025,11:38:11,80633.83,0,0,0,0,0,0
SENEQW.BSE_IDX,01/07/2025,11:38:20,80629.19,0,0,0,0,0,0
SENEQW.BSE_IDX,01/07/2025,11:38:27,80629.7,0,0,0,0,0,0
SENEQW.BSE_IDX,01/07/2025,11:38:35,80635.92,0,0,0,0,0,0
SENEQW.BSE_IDX,01/07/2025,11:38:43,80633.07,0,0,0,0,0,0
SENEQW.BSE_IDX,01/07/2025,11:38:51,80635.94,0,0,0,0,0,0
SENEQW.BSE_IDX,01/07/2025,11:38:59,80635.58,0,0,0,0,0,0
SENEQW.BSE_IDX,01/07/2025,11:39:07,80637.35,0,0,0,0,0,0
SENEQW.BSE_IDX,01/07/2025,11:39:16,80633.83,0,0,0,0,0,0
SENEQW.BSE_IDX,01/07/2025,11:39:24,80639.11,0,0,0,0,0,0
SENEQW.BSE_IDX,01/07/2025,11:39:31,80641.46,0,0,0,0,0,0
SENEQW.BSE_IDX,01/07/2025,11:39:39,80639.37,0,0,0,0,0,0
SENEQW.BSE_IDX,01/07/2025,11:39:48,80636.49,0,0,0,0,0,0
SENEQW.BSE_IDX,01/07/2025,11:39:55,80637.83,0,0,0,0,0,0
SENEQW.BSE_IDX,01/07/2025,11:40:03,80645.43,0,0,0,0,0,0
SENEQW.BSE_IDX,01/07/2025,11:40:12,80647.47,0,0,0,0,0,0
SENEQW.BSE_IDX,01/07/2025,11:40:20,80641.09,0,0,0,0,0,0
SENEQW.BSE_IDX,01/07/2025,11:40:28,80640.57,0,0,0,0,0,0
SENEQW.BSE_IDX,01/07/2025,11:40:36,80638.97,0,0,0,0,0,0
SENEQW.BSE_IDX,01/07/2025,11:40:44,80640.18,0,0,0,0,0,0
SENEQW.BSE_IDX,01/07/2025,11:40:52,80641.32,0,0,0,0,0,0
SENEQW.BSE_IDX,01/07/2025,11:41:00,80647.73,0,0,0,0,0,0
SENEQW.BSE_IDX,01/07/2025,11:41:07,80647.34,0,0,0,0,0,0
SENEQW.BSE_IDX,01/07/2025,11:41:16,80643.5,0,0,0,0,0,0
SENEQW.BSE_IDX,01/07/2025,11:41:24,80641.75,0,0,0,0,0,0
SENEQW.BSE_IDX,01/07/2025,11:41:32,80642.13,0,0,0,0,0,0
SENEQW.BSE_IDX,01/07/2025,11:41:40,80645.23,0,0,0,0,0,0
SENEQW.BSE_IDX,01/07/2025,11:41:48,80643.28,0,0,0,0,0,0
SENEQW.BSE_IDX,01/07/2025,11:41:56,80640.42,0,0,0,0,0,0
SENEQW.BSE_IDX,01/07/2025,11:42:04,80643.68,0,0,0,0,0,0
SENEQW.BSE_IDX,01/07/2025,11:42:12,80644.49,0,0,0,0,0,0
SENEQW.BSE_IDX,01/07/2025,11:42:20,80642.95,0,0,0,0,0,0
SENEQW.BSE_IDX,01/07/2025,11:42:28,80644.31,0,0,0,0,0,0
SENEQW.BSE_IDX,01/07/2025,11:42:36,80647.92,0,0,0,0,0,0
SENEQW.BSE_IDX,01/07/2025,11:42:44,80650.19,0,0,0,0,0,0
SENEQW.BSE_IDX,01/07/2025,11:42:52,80654.97,0,0,0,0,0,0
SENEQW.BSE_IDX,01/07/2025,11:43:00,80650.49,0,0,0,0,0,0
SENEQW.BSE_IDX,01/07/2025,11:43:08,80646.46,0,0,0,0,0,0
SENEQW.BSE_IDX,01/07/2025,11:43:16,80648.35,0,0,0,0,0,0
SENEQW.BSE_IDX,01/07/2025,11:43:24,80644.74,0,0,0,0,0,0
SENEQW.BSE_IDX,01/07/2025,11:43:32,80644.46,0,0,0,0,0,0
SENEQW.BSE_IDX,01/07/2025,11:43:40,80639.34,0,0,0,0,0,0
SENEQW.BSE_IDX,01/07/2025,11:43:48,80635.42,0,0,0,0,0,0
SENEQW.BSE_IDX,01/07/2025,11:43:56,80635.16,0,0,0,0,0,0
SENEQW.BSE_IDX,01/07/2025,11:44:04,80644.59,0,0,0,0,0,0
SENEQW.BSE_IDX,01/07/2025,11:44:12,80641.26,0,0,0,0,0,0
SENEQW.BSE_IDX,01/07/2025,11:44:20,80638.48,0,0,0,0,0,0
SENEQW.BSE_IDX,01/07/2025,11:44:28,80633.89,0,0,0,0,0,0
SENEQW.BSE_IDX,01/07/2025,11:44:36,80616.71,0,0,0,0,0,0
SENEQW.BSE_IDX,01/07/2025,11:44:44,80607.46,0,0,0,0,0,0
SENEQW.BSE_IDX,01/07/2025,11:44:52,80604.31,0,0,0,0,0,0
SENEQW.BSE_IDX,01/07/2025,11:45:00,80594.36,0,0,0,0,0,0
SENEQW.BSE_IDX,01/07/2025,11:45:08,80608.3,0,0,0,0,0,0
SENEQW.BSE_IDX,01/07/2025,11:45:16,80616.16,0,0,0,0,0,0
SENEQW.BSE_IDX,01/07/2025,11:45:24,80627.99,0,0,0,0,0,0
SENEQW.BSE_IDX,01/07/2025,11:45:32,80623.23,0,0,0,0,0,0
SENEQW.BSE_IDX,01/07/2025,11:45:40,80636.69,0,0,0,0,0,0
SENEQW.BSE_IDX,01/07/2025,11:45:48,80636.13,0,0,0,0,0,0
SENEQW.BSE_IDX,01/07/2025,11:45:56,80644.61,0,0,0,0,0,0
SENEQW.BSE_IDX,01/07/2025,11:46:04,80665.35,0,0,0,0,0,0
SENEQW.BSE_IDX,01/07/2025,11:46:12,80672.3,0,0,0,0,0,0
SENEQW.BSE_IDX,01/07/2025,11:46:20,80666.45,0,0,0,0,0,0
SENEQW.BSE_IDX,01/07/2025,11:46:28,80664.34,0,0,0,0,0,0
SENEQW.BSE_IDX,01/07/2025,11:46:36,80659.07,0,0,0,0,0,0
SENEQW.BSE_IDX,01/07/2025,11:46:44,80654.68,0,0,0,0,0,0
SENEQW.BSE_IDX,01/07/2025,11:46:52,80650.54,0,0,0,0,0,0
SENEQW.BSE_IDX,01/07/2025,11:47:00,80650.92,0,0,0,0,0,0
SENEQW.BSE_IDX,01/07/2025,11:47:08,80649.25,0,0,0,0,0,0
SENEQW.BSE_IDX,01/07/2025,11:47:16,80643.55,0,0,0,0,0,0
SENEQW.BSE_IDX,01/07/2025,11:47:24,80637.98,0,0,0,0,0,0
SENEQW.BSE_IDX,01/07/2025,11:47:32,80639.11,0,0,0,0,0,0
SENEQW.BSE_IDX,01/07/2025,11:47:40,80637.81,0,0,0,0,0,0
SENEQW.BSE_IDX,01/07/2025,11:47:48,80633.45,0,0,0,0,0,0
SENEQW.BSE_IDX,01/07/2025,11:47:56,80628.42,0,0,0,0,0,0
SENEQW.BSE_IDX,01/07/2025,11:48:04,80629.51,0,0,0,0,0,0
SENEQW.BSE_IDX,01/07/2025,11:48:12,80632.06,0,0,0,0,0,0
SENEQW.BSE_IDX,01/07/2025,11:48:20,80636.8,0,0,0,0,0,0
SENEQW.BSE_IDX,01/07/2025,11:48:28,80636.6,0,0,0,0,0,0
SENEQW.BSE_IDX,01/07/2025,11:48:36,80634.69,0,0,0,0,0,0
SENEQW.BSE_IDX,01/07/2025,11:48:44,80637.58,0,0,0,0,0,0
SENEQW.BSE_IDX,01/07/2025,11:48:52,80637.35,0,0,0,0,0,0
SENEQW.BSE_IDX,01/07/2025,11:49:01,80636.46,0,0,0,0,0,0
SENEQW.BSE_IDX,01/07/2025,11:49:09,80636.94,0,0,0,0,0,0
SENEQW.BSE_IDX,01/07/2025,11:49:16,80636.33,0,0,0,0,0,0
SENEQW.BSE_IDX,01/07/2025,11:49:24,80633.97,0,0,0,0,0,0
SENEQW.BSE_IDX,01/07/2025,11:49:32,80629.39,0,0,0,0,0,0
SENEQW.BSE_IDX,01/07/2025,11:49:40,80628.74,0,0,0,0,0,0
SENEQW.BSE_IDX,01/07/2025,11:49:49,80628.45,0,0,0,0,0,0
SENEQW.BSE_IDX,01/07/2025,11:49:56,80628.6,0,0,0,0,0,0
SENEQW.BSE_IDX,01/07/2025,11:50:04,80630.35,0,0,0,0,0,0
SENEQW.BSE_IDX,01/07/2025,11:50:12,80626.24,0,0,0,0,0,0
SENEQW.BSE_IDX,01/07/2025,11:50:20,80625.63,0,0,0,0,0,0
SENEQW.BSE_IDX,01/07/2025,11:50:28,80626.02,0,0,0,0,0,0
SENEQW.BSE_IDX,01/07/2025,11:50:36,80626.01,0,0,0,0,0,0
SENEQW.BSE_IDX,01/07/2025,11:50:44,80621.38,0,0,0,0,0,0
SENEQW.BSE_IDX,01/07/2025,11:50:52,80624.7,0,0,0,0,0,0
SENEQW.BSE_IDX,01/07/2025,11:51:00,80626.49,0,0,0,0,0,0
SENEQW.BSE_IDX,01/07/2025,11:51:08,80626.08,0,0,0,0,0,0
SENEQW.BSE_IDX,01/07/2025,11:51:16,80628.33,0,0,0,0,0,0
SENEQW.BSE_IDX,01/07/2025,11:51:24,80624.45,0,0,0,0,0,0
SENEQW.BSE_IDX,01/07/2025,11:51:32,80625.37,0,0,0,0,0,0
SENEQW.BSE_IDX,01/07/2025,11:51:40,80624.37,0,0,0,0,0,0
SENEQW.BSE_IDX,01/07/2025,11:51:48,80630.85,0,0,0,0,0,0
SENEQW.BSE_IDX,01/07/2025,11:51:56,80630.28,0,0,0,0,0,0
SENEQW.BSE_IDX,01/07/2025,11:52:04,80631.82,0,0,0,0,0,0
SENEQW.BSE_IDX,01/07/2025,11:52:12,80630.04,0,0,0,0,0,0
SENEQW.BSE_IDX,01/07/2025,11:52:20,80629.06,0,0,0,0,0,0
SENEQW.BSE_IDX,01/07/2025,11:52:28,80630.49,0,0,0,0,0,0
SENEQW.BSE_IDX,01/07/2025,11:52:36,80625.3,0,0,0,0,0,0
SENEQW.BSE_IDX,01/07/2025,11:52:44,80626.02,0,0,0,0,0,0
SENEQW.BSE_IDX,01/07/2025,11:52:52,80624.24,0,0,0,0,0,0
SENEQW.BSE_IDX,01/07/2025,11:53:00,80616.47,0,0,0,0,0,0
SENEQW.BSE_IDX,01/07/2025,11:53:08,80616.2,0,0,0,0,0,0
SENEQW.BSE_IDX,01/07/2025,11:53:16,80609.24,0,0,0,0,0,0
SENEQW.BSE_IDX,01/07/2025,11:53:24,80607.42,0,0,0,0,0,0
SENEQW.BSE_IDX,01/07/2025,11:53:32,80607.34,0,0,0,0,0,0
SENEQW.BSE_IDX,01/07/2025,11:53:40,80609.76,0,0,0,0,0,0
SENEQW.BSE_IDX,01/07/2025,11:53:48,80603.41,0,0,0,0,0,0
SENEQW.BSE_IDX,01/07/2025,11:53:56,80602.62,0,0,0,0,0,0
SENEQW.BSE_IDX,01/07/2025,11:54:04,80593.13,0,0,0,0,0,0
SENEQW.BSE_IDX,01/07/2025,11:54:12,80586.1,0,0,0,0,0,0
SENEQW.BSE_IDX,01/07/2025,11:54:20,80586.68,0,0,0,0,0,0
SENEQW.BSE_IDX,01/07/2025,11:54:28,80584.9,0,0,0,0,0,0
SENEQW.BSE_IDX,01/07/2025,11:54:36,80582.83,0,0,0,0,0,0
SENEQW.BSE_IDX,01/07/2025,11:54:44,80584.69,0,0,0,0,0,0
SENEQW.BSE_IDX,01/07/2025,11:54:52,80585.61,0,0,0,0,0,0
SENEQW.BSE_IDX,01/07/2025,11:55:00,80586.23,0,0,0,0,0,0
SENEQW.BSE_IDX,01/07/2025,11:55:08,80587.57,0,0,0,0,0,0
SENEQW.BSE_IDX,01/07/2025,11:55:17,80588.94,0,0,0,0,0,0
SENEQW.BSE_IDX,01/07/2025,11:55:24,80586.61,0,0,0,0,0,0
SENEQW.BSE_IDX,01/07/2025,11:55:32,80584.89,0,0,0,0,0,0
SENEQW.BSE_IDX,01/07/2025,11:55:40,80585.42,0,0,0,0,0,0
SENEQW.BSE_IDX,01/07/2025,11:55:48,80582.89,0,0,0,0,0,0
SENEQW.BSE_IDX,01/07/2025,11:55:56,80583,0,0,0,0,0,0
SENEQW.BSE_IDX,01/07/2025,11:56:05,80583.01,0,0,0,0,0,0
SENEQW.BSE_IDX,01/07/2025,11:56:12,80577.84,0,0,0,0,0,0
SENEQW.BSE_IDX,01/07/2025,11:56:20,80566.19,0,0,0,0,0,0
SENEQW.BSE_IDX,01/07/2025,11:56:28,80559.31,0,0,0,0,0,0
SENEQW.BSE_IDX,01/07/2025,11:56:36,80555.09,0,0,0,0,0,0
SENEQW.BSE_IDX,01/07/2025,11:56:44,80567.98,0,0,0,0,0,0
SENEQW.BSE_IDX,01/07/2025,11:56:52,80562.99,0,0,0,0,0,0
SENEQW.BSE_IDX,01/07/2025,11:57:00,80562.13,0,0,0,0,0,0
SENEQW.BSE_IDX,01/07/2025,11:57:08,80559.27,0,0,0,0,0,0
SENEQW.BSE_IDX,01/07/2025,11:57:16,80561.78,0,0,0,0,0,0
SENEQW.BSE_IDX,01/07/2025,11:57:24,80564.1,0,0,0,0,0,0
SENEQW.BSE_IDX,01/07/2025,11:57:32,80566.65,0,0,0,0,0,0
SENEQW.BSE_IDX,01/07/2025,11:57:40,80564,0,0,0,0,0,0
SENEQW.BSE_IDX,01/07/2025,11:57:48,80562.87,0,0,0,0,0,0
SENEQW.BSE_IDX,01/07/2025,11:57:56,80562.26,0,0,0,0,0,0
SENEQW.BSE_IDX,01/07/2025,11:58:04,80562.97,0,0,0,0,0,0
SENEQW.BSE_IDX,01/07/2025,11:58:12,80564.23,0,0,0,0,0,0
SENEQW.BSE_IDX,01/07/2025,11:58:20,80558.74,0,0,0,0,0,0
SENEQW.BSE_IDX,01/07/2025,11:58:28,80558.09,0,0,0,0,0,0
SENEQW.BSE_IDX,01/07/2025,11:58:36,80564.2,0,0,0,0,0,0
SENEQW.BSE_IDX,01/07/2025,11:58:44,80568.32,0,0,0,0,0,0
SENEQW.BSE_IDX,01/07/2025,11:58:52,80570.21,0,0,0,0,0,0
SENEQW.BSE_IDX,01/07/2025,11:59:00,80567.39,0,0,0,0,0,0
SENEQW.BSE_IDX,01/07/2025,11:59:08,80579.67,0,0,0,0,0,0
SENEQW.BSE_IDX,01/07/2025,11:59:16,80579.51,0,0,0,0,0,0
SENEQW.BSE_IDX,01/07/2025,11:59:24,80582.03,0,0,0,0,0,0
SENEQW.BSE_IDX,01/07/2025,11:59:32,80586.2,0,0,0,0,0,0
SENEQW.BSE_IDX,01/07/2025,11:59:40,80589.01,0,0,0,0,0,0
SENEQW.BSE_IDX,01/07/2025,11:59:48,80590.81,0,0,0,0,0,0
SENEQW.BSE_IDX,01/07/2025,11:59:56,80593.35,0,0,0,0,0,0
SENEQW.BSE_IDX,01/07/2025,12:00:05,80596.51,0,0,0,0,0,0
SENEQW.BSE_IDX,01/07/2025,12:00:12,80597.15,0,0,0,0,0,0
SENEQW.BSE_IDX,01/07/2025,12:00:20,80587.83,0,0,0,0,0,0
SENEQW.BSE_IDX,01/07/2025,12:00:28,80583.53,0,0,0,0,0,0
SENEQW.BSE_IDX,01/07/2025,12:00:37,80581.79,0,0,0,0,0,0
SENEQW.BSE_IDX,01/07/2025,12:00:44,80580.11,0,0,0,0,0,0
SENEQW.BSE_IDX,01/07/2025,12:00:52,80576.14,0,0,0,0,0,0
SENEQW.BSE_IDX,01/07/2025,12:01:00,80577.24,0,0,0,0,0,0
SENEQW.BSE_IDX,01/07/2025,12:01:08,80579.9,0,0,0,0,0,0
SENEQW.BSE_IDX,01/07/2025,12:01:16,80584.21,0,0,0,0,0,0
SENEQW.BSE_IDX,01/07/2025,12:01:24,80584.4,0,0,0,0,0,0
SENEQW.BSE_IDX,01/07/2025,12:01:32,80580.26,0,0,0,0,0,0
SENEQW.BSE_IDX,01/07/2025,12:01:40,80579.01,0,0,0,0,0,0
SENEQW.BSE_IDX,01/07/2025,12:01:48,80576,0,0,0,0,0,0
SENEQW.BSE_IDX,01/07/2025,12:01:57,80576.66,0,0,0,0,0,0
SENEQW.BSE_IDX,01/07/2025,12:02:04,80579.02,0,0,0,0,0,0
SENEQW.BSE_IDX,01/07/2025,12:02:12,80577.84,0,0,0,0,0,0
SENEQW.BSE_IDX,01/07/2025,12:02:20,80575,0,0,0,0,0,0
SENEQW.BSE_IDX,01/07/2025,12:02:28,80567.47,0,0,0,0,0,0
SENEQW.BSE_IDX,01/07/2025,12:02:36,80571.25,0,0,0,0,0,0
SENEQW.BSE_IDX,01/07/2025,12:02:44,80571.43,0,0,0,0,0,0
SENEQW.BSE_IDX,01/07/2025,12:02:52,80573.64,0,0,0,0,0,0
SENEQW.BSE_IDX,01/07/2025,12:03:00,80569.31,0,0,0,0,0,0
SENEQW.BSE_IDX,01/07/2025,12:03:08,80564.23,0,0,0,0,0,0
SENEQW.BSE_IDX,01/07/2025,12:03:17,80563.74,0,0,0,0,0,0
SENEQW.BSE_IDX,01/07/2025,12:03:24,80567.62,0,0,0,0,0,0
SENEQW.BSE_IDX,01/07/2025,12:03:32,80567.85,0,0,0,0,0,0
SENEQW.BSE_IDX,01/07/2025,12:03:40,80572.34,0,0,0,0,0,0
SENEQW.BSE_IDX,01/07/2025,12:03:48,80568.27,0,0,0,0,0,0
SENEQW.BSE_IDX,01/07/2025,12:03:56,80565.17,0,0,0,0,0,0
SENEQW.BSE_IDX,01/07/2025,12:04:04,80570.31,0,0,0,0,0,0
SENEQW.BSE_IDX,01/07/2025,12:04:12,80569.91,0,0,0,0,0,0
SENEQW.BSE_IDX,01/07/2025,12:04:20,80568.6,0,0,0,0,0,0
SENEQW.BSE_IDX,01/07/2025,12:04:28,80570.57,0,0,0,0,0,0
SENEQW.BSE_IDX,01/07/2025,12:04:36,80576.31,0,0,0,0,0,0
SENEQW.BSE_IDX,01/07/2025,12:04:44,80573,0,0,0,0,0,0
SENEQW.BSE_IDX,01/07/2025,12:04:52,80572.54,0,0,0,0,0,0
SENEQW.BSE_IDX,01/07/2025,12:05:01,80572.18,0,0,0,0,0,0
SENEQW.BSE_IDX,01/07/2025,12:05:08,80570.27,0,0,0,0,0,0
SENEQW.BSE_IDX,01/07/2025,12:05:16,80572.77,0,0,0,0,0,0
SENEQW.BSE_IDX,01/07/2025,12:05:24,80572.03,0,0,0,0,0,0
SENEQW.BSE_IDX,01/07/2025,12:05:32,80563.97,0,0,0,0,0,0
SENEQW.BSE_IDX,01/07/2025,12:05:40,80569.32,0,0,0,0,0,0
SENEQW.BSE_IDX,01/07/2025,12:05:48,80564.52,0,0,0,0,0,0
SENEQW.BSE_IDX,01/07/2025,12:05:56,80566.89,0,0,0,0,0,0
SENEQW.BSE_IDX,01/07/2025,12:06:04,80570.04,0,0,0,0,0,0
SENEQW.BSE_IDX,01/07/2025,12:06:12,80565.21,0,0,0,0,0,0
SENEQW.BSE_IDX,01/07/2025,12:06:20,80563.86,0,0,0,0,0,0
SENEQW.BSE_IDX,01/07/2025,12:06:28,80560.77,0,0,0,0,0,0
SENEQW.BSE_IDX,01/07/2025,12:06:36,80558.13,0,0,0,0,0,0
SENEQW.BSE_IDX,01/07/2025,12:06:44,80558.82,0,0,0,0,0,0
SENEQW.BSE_IDX,01/07/2025,12:06:53,80558.1,0,0,0,0,0,0
SENEQW.BSE_IDX,01/07/2025,12:07:00,80553.86,0,0,0,0,0,0
SENEQW.BSE_IDX,01/07/2025,12:07:08,80553.23,0,0,0,0,0,0
SENEQW.BSE_IDX,01/07/2025,12:07:17,80558.87,0,0,0,0,0,0
SENEQW.BSE_IDX,01/07/2025,12:07:24,80553.55,0,0,0,0,0,0
SENEQW.BSE_IDX,01/07/2025,12:07:33,80550.14,0,0,0,0,0,0
SENEQW.BSE_IDX,01/07/2025,12:07:40,80548.5,0,0,0,0,0,0
SENEQW.BSE_IDX,01/07/2025,12:07:49,80552.77,0,0,0,0,0,0
SENEQW.BSE_IDX,01/07/2025,12:07:57,80548.14,0,0,0,0,0,0
SENEQW.BSE_IDX,01/07/2025,12:08:05,80546.65,0,0,0,0,0,0
SENEQW.BSE_IDX,01/07/2025,12:08:13,80548.59,0,0,0,0,0,0
SENEQW.BSE_IDX,01/07/2025,12:08:21,80545.99,0,0,0,0,0,0
SENEQW.BSE_IDX,01/07/2025,12:08:28,80540.87,0,0,0,0,0,0
SENEQW.BSE_IDX,01/07/2025,12:08:36,80541.68,0,0,0,0,0,0
SENEQW.BSE_IDX,01/07/2025,12:08:45,80542.7,0,0,0,0,0,0
SENEQW.BSE_IDX,01/07/2025,12:08:52,80550,0,0,0,0,0,0
SENEQW.BSE_IDX,01/07/2025,12:09:00,80549.87,0,0,0,0,0,0
SENEQW.BSE_IDX,01/07/2025,12:09:08,80550.66,0,0,0,0,0,0
SENEQW.BSE_IDX,01/07/2025,12:09:16,80552.21,0,0,0,0,0,0
SENEQW.BSE_IDX,01/07/2025,12:09:25,80550.46,0,0,0,0,0,0
SENEQW.BSE_IDX,01/07/2025,12:09:32,80552.11,0,0,0,0,0,0
SENEQW.BSE_IDX,01/07/2025,12:09:40,80557.34,0,0,0,0,0,0
SENEQW.BSE_IDX,01/07/2025,12:09:48,80555.57,0,0,0,0,0,0
SENEQW.BSE_IDX,01/07/2025,12:09:57,80561.47,0,0,0,0,0,0
SENEQW.BSE_IDX,01/07/2025,12:10:05,80555.98,0,0,0,0,0,0
SENEQW.BSE_IDX,01/07/2025,12:10:13,80552.59,0,0,0,0,0,0
SENEQW.BSE_IDX,01/07/2025,12:10:22,80556.48,0,0,0,0,0,0
SENEQW.BSE_IDX,01/07/2025,12:10:28,80557.61,0,0,0,0,0,0
SENEQW.BSE_IDX,01/07/2025,12:10:36,80555.55,0,0,0,0,0,0
SENEQW.BSE_IDX,01/07/2025,12:10:45,80556.3,0,0,0,0,0,0
SENEQW.BSE_IDX,01/07/2025,12:10:52,80561.36,0,0,0,0,0,0
SENEQW.BSE_IDX,01/07/2025,12:11:00,80563.73,0,0,0,0,0,0
SENEQW.BSE_IDX,01/07/2025,12:11:08,80563.43,0,0,0,0,0,0
SENEQW.BSE_IDX,01/07/2025,12:11:17,80563.48,0,0,0,0,0,0
SENEQW.BSE_IDX,01/07/2025,12:11:24,80567.35,0,0,0,0,0,0
SENEQW.BSE_IDX,01/07/2025,12:11:32,80561.53,0,0,0,0,0,0
SENEQW.BSE_IDX,01/07/2025,12:11:41,80564.12,0,0,0,0,0,0
SENEQW.BSE_IDX,01/07/2025,12:11:49,80571.92,0,0,0,0,0,0
SENEQW.BSE_IDX,01/07/2025,12:11:57,80575.99,0,0,0,0,0,0
SENEQW.BSE_IDX,01/07/2025,12:12:05,80575.46,0,0,0,0,0,0
SENEQW.BSE_IDX,01/07/2025,12:12:13,80578.76,0,0,0,0,0,0
SENEQW.BSE_IDX,01/07/2025,12:12:21,80582.14,0,0,0,0,0,0
SENEQW.BSE_IDX,01/07/2025,12:12:29,80581.18,0,0,0,0,0,0
SENEQW.BSE_IDX,01/07/2025,12:12:37,80582.54,0,0,0,0,0,0
SENEQW.BSE_IDX,01/07/2025,12:12:45,80580.57,0,0,0,0,0,0
SENEQW.BSE_IDX,01/07/2025,12:12:53,80571.64,0,0,0,0,0,0
SENEQW.BSE_IDX,01/07/2025,12:13:01,80572.49,0,0,0,0,0,0
SENEQW.BSE_IDX,01/07/2025,12:13:09,80572.1,0,0,0,0,0,0
SENEQW.BSE_IDX,01/07/2025,12:13:17,80574.16,0,0,0,0,0,0
SENEQW.BSE_IDX,01/07/2025,12:13:25,80574.9,0,0,0,0,0,0
SENEQW.BSE_IDX,01/07/2025,12:13:33,80577.46,0,0,0,0,0,0
SENEQW.BSE_IDX,01/07/2025,12:13:41,80585.45,0,0,0,0,0,0
SENEQW.BSE_IDX,01/07/2025,12:13:49,80580.54,0,0,0,0,0,0
SENEQW.BSE_IDX,01/07/2025,12:13:57,80580.53,0,0,0,0,0,0
SENEQW.BSE_IDX,01/07/2025,12:14:05,80580.25,0,0,0,0,0,0
SENEQW.BSE_IDX,01/07/2025,12:14:13,80582.66,0,0,0,0,0,0
SENEQW.BSE_IDX,01/07/2025,12:14:21,80588.97,0,0,0,0,0,0
SENEQW.BSE_IDX,01/07/2025,12:14:29,80588.94,0,0,0,0,0,0
SENEQW.BSE_IDX,01/07/2025,12:14:37,80591.67,0,0,0,0,0,0
SENEQW.BSE_IDX,01/07/2025,12:14:46,80592.04,0,0,0,0,0,0
SENEQW.BSE_IDX,01/07/2025,12:14:54,80590.82,0,0,0,0,0,0
SENEQW.BSE_IDX,01/07/2025,12:15:01,80591.23,0,0,0,0,0,0
SENEQW.BSE_IDX,01/07/2025,12:15:09,80592.73,0,0,0,0,0,0
SENEQW.BSE_IDX,01/07/2025,12:15:17,80595.53,0,0,0,0,0,0
SENEQW.BSE_IDX,01/07/2025,12:15:25,80594.88,0,0,0,0,0,0
SENEQW.BSE_IDX,01/07/2025,12:15:33,80593.13,0,0,0,0,0,0
SENEQW.BSE_IDX,01/07/2025,12:15:41,80593.84,0,0,0,0,0,0
SENEQW.BSE_IDX,01/07/2025,12:15:49,80590.58,0,0,0,0,0,0
SENEQW.BSE_IDX,01/07/2025,12:15:57,80594.67,0,0,0,0,0,0
SENEQW.BSE_IDX,01/07/2025,12:16:05,80590.79,0,0,0,0,0,0
SENEQW.BSE_IDX,01/07/2025,12:16:13,80591.1,0,0,0,0,0,0
SENEQW.BSE_IDX,01/07/2025,12:16:21,80599.94,0,0,0,0,0,0
SENEQW.BSE_IDX,01/07/2025,12:16:29,80603.38,0,0,0,0,0,0
SENEQW.BSE_IDX,01/07/2025,12:16:37,80604.48,0,0,0,0,0,0
SENEQW.BSE_IDX,01/07/2025,12:16:45,80593.58,0,0,0,0,0,0
SENEQW.BSE_IDX,01/07/2025,12:16:53,80591.8,0,0,0,0,0,0
SENEQW.BSE_IDX,01/07/2025,12:17:01,80590.29,0,0,0,0,0,0
SENEQW.BSE_IDX,01/07/2025,12:17:09,80593.94,0,0,0,0,0,0
SENEQW.BSE_IDX,01/07/2025,12:17:17,80602.08,0,0,0,0,0,0
SENEQW.BSE_IDX,01/07/2025,12:17:25,80597.63,0,0,0,0,0,0
SENEQW.BSE_IDX,01/07/2025,12:17:33,80600.88,0,0,0,0,0,0
SENEQW.BSE_IDX,01/07/2025,12:17:41,80602.11,0,0,0,0,0,0
SENEQW.BSE_IDX,01/07/2025,12:17:49,80598.8,0,0,0,0,0,0
SENEQW.BSE_IDX,01/07/2025,12:17:57,80600.02,0,0,0,0,0,0
SENEQW.BSE_IDX,01/07/2025,12:18:05,80601.83,0,0,0,0,0,0
SENEQW.BSE_IDX,01/07/2025,12:18:13,80604.77,0,0,0,0,0,0
SENEQW.BSE_IDX,01/07/2025,12:18:21,80603.87,0,0,0,0,0,0
SENEQW.BSE_IDX,01/07/2025,12:18:29,80607.39,0,0,0,0,0,0
SENEQW.BSE_IDX,01/07/2025,12:18:37,80611.12,0,0,0,0,0,0
SENEQW.BSE_IDX,01/07/2025,12:18:45,80609.03,0,0,0,0,0,0
SENEQW.BSE_IDX,01/07/2025,12:18:53,80603.84,0,0,0,0,0,0
SENEQW.BSE_IDX,01/07/2025,12:19:01,80606.88,0,0,0,0,0,0
SENEQW.BSE_IDX,01/07/2025,12:19:09,80611.97,0,0,0,0,0,0
SENEQW.BSE_IDX,01/07/2025,12:19:17,80606.13,0,0,0,0,0,0
SENEQW.BSE_IDX,01/07/2025,12:19:25,80610.39,0,0,0,0,0,0
SENEQW.BSE_IDX,01/07/2025,12:19:33,80617.17,0,0,0,0,0,0
SENEQW.BSE_IDX,01/07/2025,12:19:41,80622.41,0,0,0,0,0,0
SENEQW.BSE_IDX,01/07/2025,12:19:49,80625.95,0,0,0,0,0,0
SENEQW.BSE_IDX,01/07/2025,12:19:57,80624.28,0,0,0,0,0,0
SENEQW.BSE_IDX,01/07/2025,12:20:05,80627.98,0,0,0,0,0,0
SENEQW.BSE_IDX,01/07/2025,12:20:13,80625.88,0,0,0,0,0,0
SENEQW.BSE_IDX,01/07/2025,12:20:21,80636.68,0,0,0,0,0,0
SENEQW.BSE_IDX,01/07/2025,12:20:29,80645.41,0,0,0,0,0,0
SENEQW.BSE_IDX,01/07/2025,12:20:37,80649.92,0,0,0,0,0,0
SENEQW.BSE_IDX,01/07/2025,12:20:45,80646.11,0,0,0,0,0,0
SENEQW.BSE_IDX,01/07/2025,12:20:53,80647.71,0,0,0,0,0,0
SENEQW.BSE_IDX,01/07/2025,12:21:01,80650.67,0,0,0,0,0,0
SENEQW.BSE_IDX,01/07/2025,12:21:09,80648.74,0,0,0,0,0,0
SENEQW.BSE_IDX,01/07/2025,12:21:17,80641.42,0,0,0,0,0,0
SENEQW.BSE_IDX,01/07/2025,12:21:25,80642.89,0,0,0,0,0,0
SENEQW.BSE_IDX,01/07/2025,12:21:33,80645.59,0,0,0,0,0,0
SENEQW.BSE_IDX,01/07/2025,12:21:41,80653.89,0,0,0,0,0,0
SENEQW.BSE_IDX,01/07/2025,12:21:49,80655.92,0,0,0,0,0,0
SENEQW.BSE_IDX,01/07/2025,12:21:57,80650.85,0,0,0,0,0,0
SENEQW.BSE_IDX,01/07/2025,12:22:05,80652.9,0,0,0,0,0,0
SENEQW.BSE_IDX,01/07/2025,12:22:13,80652.4,0,0,0,0,0,0
SENEQW.BSE_IDX,01/07/2025,12:22:21,80654.77,0,0,0,0,0,0
SENEQW.BSE_IDX,01/07/2025,12:22:29,80654.8,0,0,0,0,0,0
SENEQW.BSE_IDX,01/07/2025,12:22:37,80646.37,0,0,0,0,0,0
SENEQW.BSE_IDX,01/07/2025,12:22:45,80638.62,0,0,0,0,0,0
SENEQW.BSE_IDX,01/07/2025,12:22:53,80637.08,0,0,0,0,0,0
SENEQW.BSE_IDX,01/07/2025,12:23:02,80640.35,0,0,0,0,0,0
SENEQW.BSE_IDX,01/07/2025,12:23:09,80637.54,0,0,0,0,0,0
SENEQW.BSE_IDX,01/07/2025,12:23:17,80637.14,0,0,0,0,0,0
SENEQW.BSE_IDX,01/07/2025,12:23:25,80638.82,0,0,0,0,0,0
SENEQW.BSE_IDX,01/07/2025,12:23:33,80637.15,0,0,0,0,0,0
SENEQW.BSE_IDX,01/07/2025,12:23:41,80638.6,0,0,0,0,0,0
SENEQW.BSE_IDX,01/07/2025,12:23:49,80638.49,0,0,0,0,0,0
SENEQW.BSE_IDX,01/07/2025,12:23:57,80639.09,0,0,0,0,0,0
SENEQW.BSE_IDX,01/07/2025,12:24:05,80640.97,0,0,0,0,0,0
SENEQW.BSE_IDX,01/07/2025,12:24:13,80645.94,0,0,0,0,0,0
SENEQW.BSE_IDX,01/07/2025,12:24:21,80646.57,0,0,0,0,0,0
SENEQW.BSE_IDX,01/07/2025,12:24:29,80644.82,0,0,0,0,0,0
SENEQW.BSE_IDX,01/07/2025,12:24:37,80644.35,0,0,0,0,0,0
SENEQW.BSE_IDX,01/07/2025,12:24:45,80647.01,0,0,0,0,0,0
SENEQW.BSE_IDX,01/07/2025,12:24:53,80645.33,0,0,0,0,0,0
SENEQW.BSE_IDX,01/07/2025,12:25:01,80646.61,0,0,0,0,0,0
SENEQW.BSE_IDX,01/07/2025,12:25:09,80648.29,0,0,0,0,0,0
SENEQW.BSE_IDX,01/07/2025,12:25:17,80650.71,0,0,0,0,0,0
SENEQW.BSE_IDX,01/07/2025,12:25:25,80652.65,0,0,0,0,0,0
SENEQW.BSE_IDX,01/07/2025,12:25:33,80654.85,0,0,0,0,0,0
SENEQW.BSE_IDX,01/07/2025,12:25:41,80654.97,0,0,0,0,0,0
SENEQW.BSE_IDX,01/07/2025,12:25:49,80654.8,0,0,0,0,0,0
SENEQW.BSE_IDX,01/07/2025,12:25:57,80655.97,0,0,0,0,0,0
SENEQW.BSE_IDX,01/07/2025,12:26:05,80656.7,0,0,0,0,0,0
SENEQW.BSE_IDX,01/07/2025,12:26:13,80655.43,0,0,0,0,0,0
SENEQW.BSE_IDX,01/07/2025,12:26:21,80655.12,0,0,0,0,0,0
SENEQW.BSE_IDX,01/07/2025,12:26:31,80657.95,0,0,0,0,0,0
SENEQW.BSE_IDX,01/07/2025,12:26:37,80659.1,0,0,0,0,0,0
SENEQW.BSE_IDX,01/07/2025,12:26:45,80660.02,0,0,0,0,0,0
SENEQW.BSE_IDX,01/07/2025,12:26:53,80660.31,0,0,0,0,0,0
SENEQW.BSE_IDX,01/07/2025,12:27:01,80655.12,0,0,0,0,0,0
SENEQW.BSE_IDX,01/07/2025,12:27:09,80645.49,0,0,0,0,0,0
SENEQW.BSE_IDX,01/07/2025,12:27:17,80650.9,0,0,0,0,0,0
SENEQW.BSE_IDX,01/07/2025,12:27:25,80650.83,0,0,0,0,0,0
SENEQW.BSE_IDX,01/07/2025,12:27:33,80648.99,0,0,0,0,0,0
SENEQW.BSE_IDX,01/07/2025,12:27:41,80653.02,0,0,0,0,0,0
SENEQW.BSE_IDX,01/07/2025,12:27:49,80651.76,0,0,0,0,0,0
SENEQW.BSE_IDX,01/07/2025,12:27:57,80652.15,0,0,0,0,0,0
SENEQW.BSE_IDX,01/07/2025,12:28:05,80648.82,0,0,0,0,0,0
SENEQW.BSE_IDX,01/07/2025,12:28:13,80653.64,0,0,0,0,0,0
SENEQW.BSE_IDX,01/07/2025,12:28:21,80647.68,0,0,0,0,0,0
SENEQW.BSE_IDX,01/07/2025,12:28:29,80644.62,0,0,0,0,0,0
SENEQW.BSE_IDX,01/07/2025,12:28:37,80641.09,0,0,0,0,0,0
SENEQW.BSE_IDX,01/07/2025,12:28:45,80639.59,0,0,0,0,0,0
SENEQW.BSE_IDX,01/07/2025,12:28:53,80633.59,0,0,0,0,0,0
SENEQW.BSE_IDX,01/07/2025,12:29:01,80629.48,0,0,0,0,0,0
SENEQW.BSE_IDX,01/07/2025,12:29:10,80623.12,0,0,0,0,0,0
SENEQW.BSE_IDX,01/07/2025,12:29:18,80624.68,0,0,0,0,0,0
SENEQW.BSE_IDX,01/07/2025,12:29:25,80628.65,0,0,0,0,0,0
SENEQW.BSE_IDX,01/07/2025,12:29:33,80626.68,0,0,0,0,0,0
SENEQW.BSE_IDX,01/07/2025,12:29:41,80619.42,0,0,0,0,0,0
SENEQW.BSE_IDX,01/07/2025,12:29:49,80620.42,0,0,0,0,0,0
SENEQW.BSE_IDX,01/07/2025,12:29:57,80624.11,0,0,0,0,0,0
SENEQW.BSE_IDX,01/07/2025,12:30:05,80636.66,0,0,0,0,0,0
SENEQW.BSE_IDX,01/07/2025,12:30:13,80635.57,0,0,0,0,0,0
SENEQW.BSE_IDX,01/07/2025,12:30:22,80633.91,0,0,0,0,0,0
SENEQW.BSE_IDX,01/07/2025,12:30:29,80630.85,0,0,0,0,0,0
SENEQW.BSE_IDX,01/07/2025,12:30:37,80622.75,0,0,0,0,0,0
SENEQW.BSE_IDX,01/07/2025,12:30:45,80630.12,0,0,0,0,0,0
SENEQW.BSE_IDX,01/07/2025,12:30:53,80633.34,0,0,0,0,0,0
SENEQW.BSE_IDX,01/07/2025,12:31:01,80640.82,0,0,0,0,0,0
SENEQW.BSE_IDX,01/07/2025,12:31:09,80630.51,0,0,0,0,0,0
SENEQW.BSE_IDX,01/07/2025,12:31:17,80616.57,0,0,0,0,0,0
SENEQW.BSE_IDX,01/07/2025,12:31:25,80611.51,0,0,0,0,0,0
SENEQW.BSE_IDX,01/07/2025,12:31:34,80608.19,0,0,0,0,0,0
SENEQW.BSE_IDX,01/07/2025,12:31:41,80603.4,0,0,0,0,0,0
SENEQW.BSE_IDX,01/07/2025,12:31:49,80603.53,0,0,0,0,0,0
SENEQW.BSE_IDX,01/07/2025,12:31:57,80605.45,0,0,0,0,0,0
SENEQW.BSE_IDX,01/07/2025,12:32:05,80609.04,0,0,0,0,0,0
SENEQW.BSE_IDX,01/07/2025,12:32:13,80614.83,0,0,0,0,0,0
SENEQW.BSE_IDX,01/07/2025,12:32:21,80616.66,0,0,0,0,0,0
SENEQW.BSE_IDX,01/07/2025,12:32:29,80617.55,0,0,0,0,0,0
SENEQW.BSE_IDX,01/07/2025,12:32:37,80617.28,0,0,0,0,0,0
SENEQW.BSE_IDX,01/07/2025,12:32:45,80612.5,0,0,0,0,0,0
SENEQW.BSE_IDX,01/07/2025,12:32:53,80609.68,0,0,0,0,0,0
SENEQW.BSE_IDX,01/07/2025,12:33:01,80611.76,0,0,0,0,0,0
SENEQW.BSE_IDX,01/07/2025,12:33:09,80611.28,0,0,0,0,0,0
SENEQW.BSE_IDX,01/07/2025,12:33:17,80611.51,0,0,0,0,0,0
SENEQW.BSE_IDX,01/07/2025,12:33:26,80614.81,0,0,0,0,0,0
SENEQW.BSE_IDX,01/07/2025,12:33:33,80618.87,0,0,0,0,0,0
SENEQW.BSE_IDX,01/07/2025,12:33:41,80619.13,0,0,0,0,0,0
SENEQW.BSE_IDX,01/07/2025,12:33:49,80617.65,0,0,0,0,0,0
SENEQW.BSE_IDX,01/07/2025,12:33:57,80620.56,0,0,0,0,0,0
SENEQW.BSE_IDX,01/07/2025,12:34:05,80622.46,0,0,0,0,0,0
SENEQW.BSE_IDX,01/07/2025,12:34:13,80626.18,0,0,0,0,0,0
SENEQW.BSE_IDX,01/07/2025,12:34:21,80625.56,0,0,0,0,0,0
SENEQW.BSE_IDX,01/07/2025,12:34:29,80633.97,0,0,0,0,0,0
SENEQW.BSE_IDX,01/07/2025,12:34:37,80634.65,0,0,0,0,0,0
SENEQW.BSE_IDX,01/07/2025,12:34:45,80637.21,0,0,0,0,0,0
SENEQW.BSE_IDX,01/07/2025,12:34:53,80636.94,0,0,0,0,0,0
SENEQW.BSE_IDX,01/07/2025,12:35:01,80642.93,0,0,0,0,0,0
SENEQW.BSE_IDX,01/07/2025,12:35:09,80646.61,0,0,0,0,0,0
SENEQW.BSE_IDX,01/07/2025,12:35:17,80648.2,0,0,0,0,0,0
SENEQW.BSE_IDX,01/07/2025,12:35:25,80650.18,0,0,0,0,0,0
SENEQW.BSE_IDX,01/07/2025,12:35:33,80652.48,0,0,0,0,0,0
SENEQW.BSE_IDX,01/07/2025,12:35:41,80651.58,0,0,0,0,0,0
SENEQW.BSE_IDX,01/07/2025,12:35:49,80654.16,0,0,0,0,0,0
SENEQW.BSE_IDX,01/07/2025,12:35:57,80645.36,0,0,0,0,0,0
SENEQW.BSE_IDX,01/07/2025,12:36:05,80654.12,0,0,0,0,0,0
SENEQW.BSE_IDX,01/07/2025,12:36:13,80654.31,0,0,0,0,0,0
SENEQW.BSE_IDX,01/07/2025,12:36:21,80645.35,0,0,0,0,0,0
SENEQW.BSE_IDX,01/07/2025,12:36:29,80646.31,0,0,0,0,0,0
SENEQW.BSE_IDX,01/07/2025,12:36:37,80647.01,0,0,0,0,0,0
SENEQW.BSE_IDX,01/07/2025,12:36:45,80653.16,0,0,0,0,0,0
SENEQW.BSE_IDX,01/07/2025,12:36:53,80650.83,0,0,0,0,0,0
SENEQW.BSE_IDX,01/07/2025,12:37:01,80655.03,0,0,0,0,0,0
SENEQW.BSE_IDX,01/07/2025,12:37:09,80655.46,0,0,0,0,0,0
SENEQW.BSE_IDX,01/07/2025,12:37:17,80653.05,0,0,0,0,0,0
SENEQW.BSE_IDX,01/07/2025,12:37:25,80650.07,0,0,0,0,0,0
SENEQW.BSE_IDX,01/07/2025,12:37:33,80649.87,0,0,0,0,0,0
SENEQW.BSE_IDX,01/07/2025,12:37:41,80646.27,0,0,0,0,0,0
SENEQW.BSE_IDX,01/07/2025,12:37:49,80643.36,0,0,0,0,0,0
SENEQW.BSE_IDX,01/07/2025,12:37:57,80637.47,0,0,0,0,0,0
SENEQW.BSE_IDX,01/07/2025,12:38:05,80639.45,0,0,0,0,0,0
SENEQW.BSE_IDX,01/07/2025,12:38:13,80642.02,0,0,0,0,0,0
SENEQW.BSE_IDX,01/07/2025,12:38:22,80642.4,0,0,0,0,0,0
SENEQW.BSE_IDX,01/07/2025,12:38:29,80642.22,0,0,0,0,0,0
SENEQW.BSE_IDX,01/07/2025,12:38:39,80638.4,0,0,0,0,0,0
SENEQW.BSE_IDX,01/07/2025,12:38:45,80641.87,0,0,0,0,0,0
SENEQW.BSE_IDX,01/07/2025,12:38:53,80644.99,0,0,0,0,0,0
SENEQW.BSE_IDX,01/07/2025,12:39:01,80649.32,0,0,0,0,0,0
SENEQW.BSE_IDX,01/07/2025,12:39:10,80643.87,0,0,0,0,0,0
SENEQW.BSE_IDX,01/07/2025,12:39:18,80646.7,0,0,0,0,0,0
SENEQW.BSE_IDX,01/07/2025,12:39:25,80642.94,0,0,0,0,0,0
SENEQW.BSE_IDX,01/07/2025,12:39:34,80643.34,0,0,0,0,0,0
SENEQW.BSE_IDX,01/07/2025,12:39:42,80646.47,0,0,0,0,0,0
SENEQW.BSE_IDX,01/07/2025,12:39:49,80644.85,0,0,0,0,0,0
SENEQW.BSE_IDX,01/07/2025,12:39:57,80646.76,0,0,0,0,0,0
SENEQW.BSE_IDX,01/07/2025,12:40:05,80649.75,0,0,0,0,0,0
SENEQW.BSE_IDX,01/07/2025,12:40:14,80645.27,0,0,0,0,0,0
SENEQW.BSE_IDX,01/07/2025,12:40:21,80644.63,0,0,0,0,0,0
SENEQW.BSE_IDX,01/07/2025,12:40:29,80641.22,0,0,0,0,0,0
SENEQW.BSE_IDX,01/07/2025,12:40:37,80643.09,0,0,0,0,0,0
SENEQW.BSE_IDX,01/07/2025,12:40:45,80643,0,0,0,0,0,0
SENEQW.BSE_IDX,01/07/2025,12:40:54,80645.05,0,0,0,0,0,0
SENEQW.BSE_IDX,01/07/2025,12:41:01,80647.13,0,0,0,0,0,0
SENEQW.BSE_IDX,01/07/2025,12:41:09,80643.21,0,0,0,0,0,0
SENEQW.BSE_IDX,01/07/2025,12:41:17,80644.84,0,0,0,0,0,0
SENEQW.BSE_IDX,01/07/2025,12:41:25,80638.22,0,0,0,0,0,0
SENEQW.BSE_IDX,01/07/2025,12:41:33,80643.86,0,0,0,0,0,0
SENEQW.BSE_IDX,01/07/2025,12:41:50,80647.95,0,0,0,0,0,0
SENEQW.BSE_IDX,01/07/2025,12:41:58,80644.52,0,0,0,0,0,0
SENEQW.BSE_IDX,01/07/2025,12:42:05,80644.97,0,0,0,0,0,0
SENEQW.BSE_IDX,01/07/2025,12:42:13,80650.37,0,0,0,0,0,0
SENEQW.BSE_IDX,01/07/2025,12:42:21,80649.58,0,0,0,0,0,0
SENEQW.BSE_IDX,01/07/2025,12:42:29,80651.95,0,0,0,0,0,0
SENEQW.BSE_IDX,01/07/2025,12:42:37,80648.69,0,0,0,0,0,0
SENEQW.BSE_IDX,01/07/2025,12:42:46,80649.99,0,0,0,0,0,0
SENEQW.BSE_IDX,01/07/2025,12:42:53,80647.55,0,0,0,0,0,0
SENEQW.BSE_IDX,01/07/2025,12:43:01,80650.46,0,0,0,0,0,0
SENEQW.BSE_IDX,01/07/2025,12:43:10,80651.43,0,0,0,0,0,0
SENEQW.BSE_IDX,01/07/2025,12:43:17,80649.21,0,0,0,0,0,0
SENEQW.BSE_IDX,01/07/2025,12:43:26,80650.39,0,0,0,0,0,0
SENEQW.BSE_IDX,01/07/2025,12:43:34,80653,0,0,0,0,0,0
SENEQW.BSE_IDX,01/07/2025,12:43:42,80649.57,0,0,0,0,0,0
SENEQW.BSE_IDX,01/07/2025,12:43:49,80648.64,0,0,0,0,0,0
SENEQW.BSE_IDX,01/07/2025,12:43:58,80645.16,0,0,0,0,0,0
SENEQW.BSE_IDX,01/07/2025,12:44:05,80648.12,0,0,0,0,0,0
SENEQW.BSE_IDX,01/07/2025,12:44:14,80645.53,0,0,0,0,0,0
SENEQW.BSE_IDX,01/07/2025,12:44:22,80643.24,0,0,0,0,0,0
SENEQW.BSE_IDX,01/07/2025,12:44:29,80641.42,0,0,0,0,0,0
SENEQW.BSE_IDX,01/07/2025,12:44:38,80640.49,0,0,0,0,0,0
SENEQW.BSE_IDX,01/07/2025,12:44:46,80640.79,0,0,0,0,0,0
SENEQW.BSE_IDX,01/07/2025,12:44:53,80633.36,0,0,0,0,0,0
SENEQW.BSE_IDX,01/07/2025,12:45:01,80637.77,0,0,0,0,0,0
SENEQW.BSE_IDX,01/07/2025,12:45:11,80638.74,0,0,0,0,0,0
SENEQW.BSE_IDX,01/07/2025,12:45:18,80633.32,0,0,0,0,0,0
SENEQW.BSE_IDX,01/07/2025,12:45:26,80631.55,0,0,0,0,0,0
SENEQW.BSE_IDX,01/07/2025,12:45:34,80635.5,0,0,0,0,0,0
SENEQW.BSE_IDX,01/07/2025,12:45:42,80630.24,0,0,0,0,0,0
SENEQW.BSE_IDX,01/07/2025,12:45:50,80630.97,0,0,0,0,0,0
SENEQW.BSE_IDX,01/07/2025,12:45:58,80629.78,0,0,0,0,0,0
SENEQW.BSE_IDX,01/07/2025,12:46:06,80630.25,0,0,0,0,0,0
SENEQW.BSE_IDX,01/07/2025,12:46:14,80627.28,0,0,0,0,0,0
SENEQW.BSE_IDX,01/07/2025,12:46:22,80627.74,0,0,0,0,0,0
SENEQW.BSE_IDX,01/07/2025,12:46:30,80624.28,0,0,0,0,0,0
SENEQW.BSE_IDX,01/07/2025,12:46:38,80623.8,0,0,0,0,0,0
SENEQW.BSE_IDX,01/07/2025,12:46:46,80624.13,0,0,0,0,0,0
SENEQW.BSE_IDX,01/07/2025,12:46:54,80618.86,0,0,0,0,0,0
SENEQW.BSE_IDX,01/07/2025,12:47:02,80621.8,0,0,0,0,0,0
SENEQW.BSE_IDX,01/07/2025,12:47:10,80620.33,0,0,0,0,0,0
SENEQW.BSE_IDX,01/07/2025,12:47:18,80620.01,0,0,0,0,0,0
SENEQW.BSE_IDX,01/07/2025,12:47:26,80617.56,0,0,0,0,0,0
SENEQW.BSE_IDX,01/07/2025,12:47:34,80619,0,0,0,0,0,0
SENEQW.BSE_IDX,01/07/2025,12:47:42,80617.54,0,0,0,0,0,0
SENEQW.BSE_IDX,01/07/2025,12:47:50,80619.64,0,0,0,0,0,0
SENEQW.BSE_IDX,01/07/2025,12:47:58,80620.56,0,0,0,0,0,0
SENEQW.BSE_IDX,01/07/2025,12:48:06,80622.74,0,0,0,0,0,0
SENEQW.BSE_IDX,01/07/2025,12:48:14,80623.58,0,0,0,0,0,0
SENEQW.BSE_IDX,01/07/2025,12:48:22,80624.03,0,0,0,0,0,0
SENEQW.BSE_IDX,01/07/2025,12:48:30,80627.37,0,0,0,0,0,0
SENEQW.BSE_IDX,01/07/2025,12:48:38,80625.86,0,0,0,0,0,0
SENEQW.BSE_IDX,01/07/2025,12:48:46,80625.19,0,0,0,0,0,0
SENEQW.BSE_IDX,01/07/2025,12:48:54,80625.92,0,0,0,0,0,0
SENEQW.BSE_IDX,01/07/2025,12:49:02,80625.84,0,0,0,0,0,0
SENEQW.BSE_IDX,01/07/2025,12:49:10,80625.22,0,0,0,0,0,0
SENEQW.BSE_IDX,01/07/2025,12:49:18,80623.66,0,0,0,0,0,0
SENEQW.BSE_IDX,01/07/2025,12:49:26,80622.05,0,0,0,0,0,0
SENEQW.BSE_IDX,01/07/2025,12:49:34,80625.7,0,0,0,0,0,0
SENEQW.BSE_IDX,01/07/2025,12:49:42,80626.98,0,0,0,0,0,0
SENEQW.BSE_IDX,01/07/2025,12:49:50,80625.12,0,0,0,0,0,0
SENEQW.BSE_IDX,01/07/2025,12:49:58,80625.18,0,0,0,0,0,0
SENEQW.BSE_IDX,01/07/2025,12:50:06,80625.58,0,0,0,0,0,0
SENEQW.BSE_IDX,01/07/2025,12:50:14,80626.34,0,0,0,0,0,0
SENEQW.BSE_IDX,01/07/2025,12:50:22,80629.75,0,0,0,0,0,0
SENEQW.BSE_IDX,01/07/2025,12:50:30,80633.01,0,0,0,0,0,0
SENEQW.BSE_IDX,01/07/2025,12:50:38,80637.45,0,0,0,0,0,0
SENEQW.BSE_IDX,01/07/2025,12:50:47,80638.16,0,0,0,0,0,0
SENEQW.BSE_IDX,01/07/2025,12:50:54,80640.51,0,0,0,0,0,0
SENEQW.BSE_IDX,01/07/2025,12:51:02,80639.19,0,0,0,0,0,0
SENEQW.BSE_IDX,01/07/2025,12:51:10,80638.33,0,0,0,0,0,0
SENEQW.BSE_IDX,01/07/2025,12:51:19,80638.75,0,0,0,0,0,0
SENEQW.BSE_IDX,01/07/2025,12:51:26,80635.95,0,0,0,0,0,0
SENEQW.BSE_IDX,01/07/2025,12:51:34,80636.03,0,0,0,0,0,0
SENEQW.BSE_IDX,01/07/2025,12:51:42,80635.93,0,0,0,0,0,0
SENEQW.BSE_IDX,01/07/2025,12:51:50,80631.44,0,0,0,0,0,0
SENEQW.BSE_IDX,01/07/2025,12:51:58,80633.39,0,0,0,0,0,0
SENEQW.BSE_IDX,01/07/2025,12:52:06,80629.45,0,0,0,0,0,0
SENEQW.BSE_IDX,01/07/2025,12:52:14,80627.42,0,0,0,0,0,0
SENEQW.BSE_IDX,01/07/2025,12:52:22,80629.6,0,0,0,0,0,0
SENEQW.BSE_IDX,01/07/2025,12:52:30,80627.13,0,0,0,0,0,0
SENEQW.BSE_IDX,01/07/2025,12:52:38,80628.27,0,0,0,0,0,0
SENEQW.BSE_IDX,01/07/2025,12:52:46,80624.78,0,0,0,0,0,0
SENEQW.BSE_IDX,01/07/2025,12:52:54,80627.56,0,0,0,0,0,0
SENEQW.BSE_IDX,01/07/2025,12:53:02,80631.54,0,0,0,0,0,0
SENEQW.BSE_IDX,01/07/2025,12:53:10,80629.47,0,0,0,0,0,0
SENEQW.BSE_IDX,01/07/2025,12:53:18,80629.76,0,0,0,0,0,0
SENEQW.BSE_IDX,01/07/2025,12:53:26,80624.22,0,0,0,0,0,0
SENEQW.BSE_IDX,01/07/2025,12:53:34,80621.46,0,0,0,0,0,0
SENEQW.BSE_IDX,01/07/2025,12:53:42,80617.11,0,0,0,0,0,0
SENEQW.BSE_IDX,01/07/2025,12:53:50,80616.99,0,0,0,0,0,0
SENEQW.BSE_IDX,01/07/2025,12:53:58,80619.27,0,0,0,0,0,0
SENEQW.BSE_IDX,01/07/2025,12:54:06,80621.21,0,0,0,0,0,0
SENEQW.BSE_IDX,01/07/2025,12:54:14,80616.15,0,0,0,0,0,0
