Ticker,Date,Time,LTP,BuyPrice,BuyQty,SellPrice,SellQty,LTQ,OpenInterest
SENSEX.BSE_IDX,01/07/2025,09:00:00,83606.46,0,0,0,0,0,0
SENSEX.BSE_IDX,01/07/2025,09:00:01,84115.25,0,0,0,0,0,0
SENSEX.BSE_IDX,01/07/2025,09:00:02,84343.46,0,0,0,0,0,0
SENSEX.BSE_IDX,01/07/2025,09:00:03,84694.18,0,0,0,0,0,0
SENSEX.BSE_IDX,01/07/2025,09:00:04,84279.88,0,0,0,0,0,0
SENSEX.BSE_IDX,01/07/2025,09:00:05,84232.96,0,0,0,0,0,0
SENSEX.BSE_IDX,01/07/2025,09:00:06,84213.96,0,0,0,0,0,0
SENSEX.BSE_IDX,01/07/2025,09:00:07,84092.61,0,0,0,0,0,0
SENSEX.BSE_IDX,01/07/2025,09:00:08,84213.57,0,0,0,0,0,0
SENSEX.BSE_IDX,01/07/2025,09:00:09,84164.46,0,0,0,0,0,0
SENSEX.BSE_IDX,01/07/2025,09:00:10,84155.1,0,0,0,0,0,0
SENSEX.BSE_IDX,01/07/2025,09:00:11,84140.41,0,0,0,0,0,0
SENSEX.BSE_IDX,01/07/2025,09:00:12,84216.59,0,0,0,0,0,0
SENSEX.BSE_IDX,01/07/2025,09:00:13,84119.03,0,0,0,0,0,0
SENSEX.BSE_IDX,01/07/2025,09:00:14,84111.67,0,0,0,0,0,0
SENSEX.BSE_IDX,01/07/2025,09:00:15,84125.91,0,0,0,0,0,0
SENSEX.BSE_IDX,01/07/2025,09:00:16,84109.35,0,0,0,0,0,0
SENSEX.BSE_IDX,01/07/2025,09:00:17,84086.32,0,0,0,0,0,0
SENSEX.BSE_IDX,01/07/2025,09:00:18,84094.99,0,0,0,0,0,0
SENSEX.BSE_IDX,01/07/2025,09:00:19,84000.7,0,0,0,0,0,0
SENSEX.BSE_IDX,01/07/2025,09:00:20,83991.79,0,0,0,0,0,0
SENSEX.BSE_IDX,01/07/2025,09:00:21,83974.3,0,0,0,0,0,0
SENSEX.BSE_IDX,01/07/2025,09:00:22,83974.3,0,0,0,0,0,0
SENSEX.BSE_IDX,01/07/2025,09:00:23,83987.46,0,0,0,0,0,0
SENSEX.BSE_IDX,01/07/2025,09:00:24,83987.46,0,0,0,0,0,0
SENSEX.BSE_IDX,01/07/2025,09:00:25,83983.82,0,0,0,0,0,0
SENSEX.BSE_IDX,01/07/2025,09:00:26,83983.82,0,0,0,0,0,0
SENSEX.BSE_IDX,01/07/2025,09:00:27,83983.82,0,0,0,0,0,0
SENSEX.BSE_IDX,01/07/2025,09:00:28,83983.82,0,0,0,0,0,0
SENSEX.BSE_IDX,01/07/2025,09:00:29,83996.72,0,0,0,0,0,0
SENSEX.BSE_IDX,01/07/2025,09:00:30,83999.77,0,0,0,0,0,0
SENSEX.BSE_IDX,01/07/2025,09:00:31,84003.71,0,0,0,0,0,0
SENSEX.BSE_IDX,01/07/2025,09:00:32,84003.71,0,0,0,0,0,0
SENSEX.BSE_IDX,01/07/2025,09:00:33,84010.85,0,0,0,0,0,0
SENSEX.BSE_IDX,01/07/2025,09:00:34,84010.85,0,0,0,0,0,0
SENSEX.BSE_IDX,01/07/2025,09:00:35,83976.86,0,0,0,0,0,0
SENSEX.BSE_IDX,01/07/2025,09:00:36,83976.86,0,0,0,0,0,0
SENSEX.BSE_IDX,01/07/2025,09:00:37,83976.86,0,0,0,0,0,0
SENSEX.BSE_IDX,01/07/2025,09:00:38,83976.86,0,0,0,0,0,0
SENSEX.BSE_IDX,01/07/2025,09:00:39,83981.58,0,0,0,0,0,0
SENSEX.BSE_IDX,01/07/2025,09:00:40,83908.75,0,0,0,0,0,0
SENSEX.BSE_IDX,01/07/2025,09:00:41,83908.75,0,0,0,0,0,0
SENSEX.BSE_IDX,01/07/2025,09:00:42,83908.61,0,0,0,0,0,0
SENSEX.BSE_IDX,01/07/2025,09:00:43,83908.61,0,0,0,0,0,0
SENSEX.BSE_IDX,01/07/2025,09:00:44,83904.67,0,0,0,0,0,0
SENSEX.BSE_IDX,01/07/2025,09:00:45,83904.67,0,0,0,0,0,0
SENSEX.BSE_IDX,01/07/2025,09:00:46,83904.67,0,0,0,0,0,0
SENSEX.BSE_IDX,01/07/2025,09:00:47,83907.19,0,0,0,0,0,0
SENSEX.BSE_IDX,01/07/2025,09:00:48,83914.98,0,0,0,0,0,0
SENSEX.BSE_IDX,01/07/2025,09:00:49,83908.99,0,0,0,0,0,0
SENSEX.BSE_IDX,01/07/2025,09:00:50,83911.13,0,0,0,0,0,0
SENSEX.BSE_IDX,01/07/2025,09:00:51,83911.13,0,0,0,0,0,0
SENSEX.BSE_IDX,01/07/2025,09:00:52,83911.13,0,0,0,0,0,0
SENSEX.BSE_IDX,01/07/2025,09:00:53,83911.13,0,0,0,0,0,0
SENSEX.BSE_IDX,01/07/2025,09:00:54,83911.13,0,0,0,0,0,0
SENSEX.BSE_IDX,01/07/2025,09:00:55,83911.13,0,0,0,0,0,0
SENSEX.BSE_IDX,01/07/2025,09:00:56,83912.91,0,0,0,0,0,0
SENSEX.BSE_IDX,01/07/2025,09:00:57,83917.12,0,0,0,0,0,0
SENSEX.BSE_IDX,01/07/2025,09:00:58,83917.12,0,0,0,0,0,0
SENSEX.BSE_IDX,01/07/2025,09:00:59,83915.28,0,0,0,0,0,0
SENSEX.BSE_IDX,01/07/2025,09:01:00,83915.28,0,0,0,0,0,0
SENSEX.BSE_IDX,01/07/2025,09:01:01,83915.44,0,0,0,0,0,0
SENSEX.BSE_IDX,01/07/2025,09:01:02,83920.86,0,0,0,0,0,0
SENSEX.BSE_IDX,01/07/2025,09:01:03,83922.65,0,0,0,0,0,0
SENSEX.BSE_IDX,01/07/2025,09:01:04,83922.65,0,0,0,0,0,0
SENSEX.BSE_IDX,01/07/2025,09:01:05,83922.65,0,0,0,0,0,0
SENSEX.BSE_IDX,01/07/2025,09:01:06,83922.65,0,0,0,0,0,0
SENSEX.BSE_IDX,01/07/2025,09:01:07,83912.38,0,0,0,0,0,0
SENSEX.BSE_IDX,01/07/2025,09:01:08,83912.38,0,0,0,0,0,0
SENSEX.BSE_IDX,01/07/2025,09:01:09,83911.11,0,0,0,0,0,0
SENSEX.BSE_IDX,01/07/2025,09:01:10,83911.11,0,0,0,0,0,0
SENSEX.BSE_IDX,01/07/2025,09:01:11,83911.11,0,0,0,0,0,0
SENSEX.BSE_IDX,01/07/2025,09:01:12,83911.11,0,0,0,0,0,0
SENSEX.BSE_IDX,01/07/2025,09:01:13,83911.11,0,0,0,0,0,0
SENSEX.BSE_IDX,01/07/2025,09:01:14,83911.11,0,0,0,0,0,0
SENSEX.BSE_IDX,01/07/2025,09:01:15,83911.11,0,0,0,0,0,0
SENSEX.BSE_IDX,01/07/2025,09:01:16,83911.11,0,0,0,0,0,0
SENSEX.BSE_IDX,01/07/2025,09:01:17,83911.11,0,0,0,0,0,0
SENSEX.BSE_IDX,01/07/2025,09:01:18,83911.11,0,0,0,0,0,0
SENSEX.BSE_IDX,01/07/2025,09:01:19,83909.77,0,0,0,0,0,0
SENSEX.BSE_IDX,01/07/2025,09:01:21,83909.77,0,0,0,0,0,0
SENSEX.BSE_IDX,01/07/2025,09:01:21,83909.77,0,0,0,0,0,0
SENSEX.BSE_IDX,01/07/2025,09:01:22,83909.77,0,0,0,0,0,0
SENSEX.BSE_IDX,01/07/2025,09:01:23,83883.96,0,0,0,0,0,0
SENSEX.BSE_IDX,01/07/2025,09:01:24,83857.23,0,0,0,0,0,0
SENSEX.BSE_IDX,01/07/2025,09:01:25,83857.23,0,0,0,0,0,0
SENSEX.BSE_IDX,01/07/2025,09:01:26,83852.21,0,0,0,0,0,0
SENSEX.BSE_IDX,01/07/2025,09:01:27,83852.21,0,0,0,0,0,0
SENSEX.BSE_IDX,01/07/2025,09:01:28,83852.21,0,0,0,0,0,0
SENSEX.BSE_IDX,01/07/2025,09:01:29,83844.04,0,0,0,0,0,0
SENSEX.BSE_IDX,01/07/2025,09:01:30,83838.05,0,0,0,0,0,0
SENSEX.BSE_IDX,01/07/2025,09:01:31,83841.81,0,0,0,0,0,0
SENSEX.BSE_IDX,01/07/2025,09:01:32,83834.23,0,0,0,0,0,0
SENSEX.BSE_IDX,01/07/2025,09:01:33,83834.23,0,0,0,0,0,0
SENSEX.BSE_IDX,01/07/2025,09:01:34,83834.23,0,0,0,0,0,0
SENSEX.BSE_IDX,01/07/2025,09:01:35,83828.2,0,0,0,0,0,0
SENSEX.BSE_IDX,01/07/2025,09:01:36,83828.2,0,0,0,0,0,0
SENSEX.BSE_IDX,01/07/2025,09:01:37,83828.2,0,0,0,0,0,0
SENSEX.BSE_IDX,01/07/2025,09:01:38,83828.2,0,0,0,0,0,0
SENSEX.BSE_IDX,01/07/2025,09:01:39,83841.03,0,0,0,0,0,0
SENSEX.BSE_IDX,01/07/2025,09:01:40,83841.03,0,0,0,0,0,0
SENSEX.BSE_IDX,01/07/2025,09:01:41,83775.4,0,0,0,0,0,0
SENSEX.BSE_IDX,01/07/2025,09:01:42,83775.4,0,0,0,0,0,0
SENSEX.BSE_IDX,01/07/2025,09:01:43,83775.4,0,0,0,0,0,0
SENSEX.BSE_IDX,01/07/2025,09:01:44,83775.4,0,0,0,0,0,0
SENSEX.BSE_IDX,01/07/2025,09:01:45,83768.39,0,0,0,0,0,0
SENSEX.BSE_IDX,01/07/2025,09:01:46,83768.39,0,0,0,0,0,0
SENSEX.BSE_IDX,01/07/2025,09:01:47,83768.39,0,0,0,0,0,0
SENSEX.BSE_IDX,01/07/2025,09:01:48,83768.39,0,0,0,0,0,0
SENSEX.BSE_IDX,01/07/2025,09:01:49,83768.39,0,0,0,0,0,0
SENSEX.BSE_IDX,01/07/2025,09:01:50,83768.39,0,0,0,0,0,0
SENSEX.BSE_IDX,01/07/2025,09:01:51,83768.39,0,0,0,0,0,0
SENSEX.BSE_IDX,01/07/2025,09:01:52,83826.46,0,0,0,0,0,0
SENSEX.BSE_IDX,01/07/2025,09:01:53,83826.46,0,0,0,0,0,0
SENSEX.BSE_IDX,01/07/2025,09:01:54,83826.46,0,0,0,0,0,0
SENSEX.BSE_IDX,01/07/2025,09:01:55,83826.46,0,0,0,0,0,0
SENSEX.BSE_IDX,01/07/2025,09:01:56,83835.87,0,0,0,0,0,0
SENSEX.BSE_IDX,01/07/2025,09:01:57,83842.32,0,0,0,0,0,0
SENSEX.BSE_IDX,01/07/2025,09:01:58,83824.29,0,0,0,0,0,0
SENSEX.BSE_IDX,01/07/2025,09:01:59,83824.29,0,0,0,0,0,0
SENSEX.BSE_IDX,01/07/2025,09:02:00,83824.29,0,0,0,0,0,0
SENSEX.BSE_IDX,01/07/2025,09:02:01,83824.29,0,0,0,0,0,0
SENSEX.BSE_IDX,01/07/2025,09:02:02,83824.29,0,0,0,0,0,0
SENSEX.BSE_IDX,01/07/2025,09:02:03,83824.29,0,0,0,0,0,0
SENSEX.BSE_IDX,01/07/2025,09:02:04,83840.67,0,0,0,0,0,0
SENSEX.BSE_IDX,01/07/2025,09:02:05,83840.67,0,0,0,0,0,0
SENSEX.BSE_IDX,01/07/2025,09:02:06,83840.67,0,0,0,0,0,0
SENSEX.BSE_IDX,01/07/2025,09:02:07,83840.67,0,0,0,0,0,0
SENSEX.BSE_IDX,01/07/2025,09:02:08,83838.88,0,0,0,0,0,0
SENSEX.BSE_IDX,01/07/2025,09:02:09,83838.88,0,0,0,0,0,0
SENSEX.BSE_IDX,01/07/2025,09:02:10,83838.88,0,0,0,0,0,0
SENSEX.BSE_IDX,01/07/2025,09:02:11,83838.68,0,0,0,0,0,0
SENSEX.BSE_IDX,01/07/2025,09:02:12,83838.68,0,0,0,0,0,0
SENSEX.BSE_IDX,01/07/2025,09:02:13,83838.68,0,0,0,0,0,0
SENSEX.BSE_IDX,01/07/2025,09:02:14,83856.79,0,0,0,0,0,0
SENSEX.BSE_IDX,01/07/2025,09:02:15,83856.79,0,0,0,0,0,0
SENSEX.BSE_IDX,01/07/2025,09:02:16,83856.79,0,0,0,0,0,0
SENSEX.BSE_IDX,01/07/2025,09:02:17,83856.79,0,0,0,0,0,0
SENSEX.BSE_IDX,01/07/2025,09:02:18,83856.79,0,0,0,0,0,0
SENSEX.BSE_IDX,01/07/2025,09:02:19,83856.79,0,0,0,0,0,0
SENSEX.BSE_IDX,01/07/2025,09:02:20,83856.79,0,0,0,0,0,0
SENSEX.BSE_IDX,01/07/2025,09:02:21,83856.79,0,0,0,0,0,0
SENSEX.BSE_IDX,01/07/2025,09:02:22,83856.79,0,0,0,0,0,0
SENSEX.BSE_IDX,01/07/2025,09:02:23,83856.79,0,0,0,0,0,0
SENSEX.BSE_IDX,01/07/2025,09:02:24,83856.79,0,0,0,0,0,0
SENSEX.BSE_IDX,01/07/2025,09:02:25,83848.91,0,0,0,0,0,0
SENSEX.BSE_IDX,01/07/2025,09:02:26,83872.02,0,0,0,0,0,0
SENSEX.BSE_IDX,01/07/2025,09:02:27,83872.02,0,0,0,0,0,0
SENSEX.BSE_IDX,01/07/2025,09:02:28,83879.9,0,0,0,0,0,0
SENSEX.BSE_IDX,01/07/2025,09:02:29,83879.9,0,0,0,0,0,0
SENSEX.BSE_IDX,01/07/2025,09:02:30,83879.9,0,0,0,0,0,0
SENSEX.BSE_IDX,01/07/2025,09:02:31,83879.9,0,0,0,0,0,0
SENSEX.BSE_IDX,01/07/2025,09:02:32,83879.9,0,0,0,0,0,0
SENSEX.BSE_IDX,01/07/2025,09:02:33,83879.9,0,0,0,0,0,0
SENSEX.BSE_IDX,01/07/2025,09:02:34,83879.9,0,0,0,0,0,0
SENSEX.BSE_IDX,01/07/2025,09:02:35,83879.9,0,0,0,0,0,0
SENSEX.BSE_IDX,01/07/2025,09:02:36,83879.9,0,0,0,0,0,0
SENSEX.BSE_IDX,01/07/2025,09:02:37,83879.9,0,0,0,0,0,0
SENSEX.BSE_IDX,01/07/2025,09:02:38,83879.9,0,0,0,0,0,0
SENSEX.BSE_IDX,01/07/2025,09:02:39,83879.9,0,0,0,0,0,0
SENSEX.BSE_IDX,01/07/2025,09:02:40,83891.54,0,0,0,0,0,0
SENSEX.BSE_IDX,01/07/2025,09:02:41,83887.75,0,0,0,0,0,0
SENSEX.BSE_IDX,01/07/2025,09:02:42,83887.75,0,0,0,0,0,0
SENSEX.BSE_IDX,01/07/2025,09:02:43,83880.63,0,0,0,0,0,0
SENSEX.BSE_IDX,01/07/2025,09:02:44,83880.63,0,0,0,0,0,0
SENSEX.BSE_IDX,01/07/2025,09:02:45,83880.63,0,0,0,0,0,0
SENSEX.BSE_IDX,01/07/2025,09:02:46,83876.12,0,0,0,0,0,0
SENSEX.BSE_IDX,01/07/2025,09:02:47,83876.12,0,0,0,0,0,0
SENSEX.BSE_IDX,01/07/2025,09:02:48,83876.12,0,0,0,0,0,0
SENSEX.BSE_IDX,01/07/2025,09:02:49,83876.12,0,0,0,0,0,0
SENSEX.BSE_IDX,01/07/2025,09:02:50,83876.12,0,0,0,0,0,0
SENSEX.BSE_IDX,01/07/2025,09:02:51,83875.96,0,0,0,0,0,0
SENSEX.BSE_IDX,01/07/2025,09:02:52,83875.96,0,0,0,0,0,0
SENSEX.BSE_IDX,01/07/2025,09:02:53,83868.08,0,0,0,0,0,0
SENSEX.BSE_IDX,01/07/2025,09:02:54,83868.08,0,0,0,0,0,0
SENSEX.BSE_IDX,01/07/2025,09:02:55,83868.08,0,0,0,0,0,0
SENSEX.BSE_IDX,01/07/2025,09:02:56,83875.96,0,0,0,0,0,0
SENSEX.BSE_IDX,01/07/2025,09:02:57,83875.96,0,0,0,0,0,0
SENSEX.BSE_IDX,01/07/2025,09:02:58,83875.96,0,0,0,0,0,0
SENSEX.BSE_IDX,01/07/2025,09:02:59,83875.96,0,0,0,0,0,0
SENSEX.BSE_IDX,01/07/2025,09:03:00,83875.96,0,0,0,0,0,0
SENSEX.BSE_IDX,01/07/2025,09:03:01,83881.38,0,0,0,0,0,0
SENSEX.BSE_IDX,01/07/2025,09:03:02,83890,0,0,0,0,0,0
SENSEX.BSE_IDX,01/07/2025,09:03:03,83890,0,0,0,0,0,0
SENSEX.BSE_IDX,01/07/2025,09:03:04,83890,0,0,0,0,0,0
SENSEX.BSE_IDX,01/07/2025,09:03:05,83888.79,0,0,0,0,0,0
SENSEX.BSE_IDX,01/07/2025,09:03:06,83888.79,0,0,0,0,0,0
SENSEX.BSE_IDX,01/07/2025,09:03:07,83894,0,0,0,0,0,0
SENSEX.BSE_IDX,01/07/2025,09:03:08,83894,0,0,0,0,0,0
SENSEX.BSE_IDX,01/07/2025,09:03:09,83894,0,0,0,0,0,0
SENSEX.BSE_IDX,01/07/2025,09:03:10,83891.43,0,0,0,0,0,0
SENSEX.BSE_IDX,01/07/2025,09:03:11,83877.59,0,0,0,0,0,0
SENSEX.BSE_IDX,01/07/2025,09:03:12,83845.05,0,0,0,0,0,0
SENSEX.BSE_IDX,01/07/2025,09:03:13,83853.01,0,0,0,0,0,0
SENSEX.BSE_IDX,01/07/2025,09:03:14,83862.35,0,0,0,0,0,0
SENSEX.BSE_IDX,01/07/2025,09:03:15,83869.31,0,0,0,0,0,0
SENSEX.BSE_IDX,01/07/2025,09:03:16,83901.92,0,0,0,0,0,0
SENSEX.BSE_IDX,01/07/2025,09:03:17,83901.92,0,0,0,0,0,0
SENSEX.BSE_IDX,01/07/2025,09:03:18,83844.34,0,0,0,0,0,0
SENSEX.BSE_IDX,01/07/2025,09:03:19,83841.46,0,0,0,0,0,0
SENSEX.BSE_IDX,01/07/2025,09:03:20,83826.49,0,0,0,0,0,0
SENSEX.BSE_IDX,01/07/2025,09:03:21,83820.5,0,0,0,0,0,0
SENSEX.BSE_IDX,01/07/2025,09:03:22,83820.5,0,0,0,0,0,0
SENSEX.BSE_IDX,01/07/2025,09:03:23,83820.5,0,0,0,0,0,0
SENSEX.BSE_IDX,01/07/2025,09:03:24,83820.04,0,0,0,0,0,0
SENSEX.BSE_IDX,01/07/2025,09:03:25,83820.04,0,0,0,0,0,0
SENSEX.BSE_IDX,01/07/2025,09:03:26,83823.19,0,0,0,0,0,0
SENSEX.BSE_IDX,01/07/2025,09:03:27,83823.19,0,0,0,0,0,0
SENSEX.BSE_IDX,01/07/2025,09:03:28,83823.19,0,0,0,0,0,0
SENSEX.BSE_IDX,01/07/2025,09:03:29,83823.19,0,0,0,0,0,0
SENSEX.BSE_IDX,01/07/2025,09:03:30,83825.48,0,0,0,0,0,0
SENSEX.BSE_IDX,01/07/2025,09:03:31,83831.93,0,0,0,0,0,0
SENSEX.BSE_IDX,01/07/2025,09:03:32,83831.93,0,0,0,0,0,0
SENSEX.BSE_IDX,01/07/2025,09:03:33,83834.8,0,0,0,0,0,0
SENSEX.BSE_IDX,01/07/2025,09:03:34,83834.8,0,0,0,0,0,0
SENSEX.BSE_IDX,01/07/2025,09:03:35,83831.65,0,0,0,0,0,0
SENSEX.BSE_IDX,01/07/2025,09:03:36,83792.94,0,0,0,0,0,0
SENSEX.BSE_IDX,01/07/2025,09:03:37,83793.4,0,0,0,0,0,0
SENSEX.BSE_IDX,01/07/2025,09:03:38,83793.4,0,0,0,0,0,0
SENSEX.BSE_IDX,01/07/2025,09:03:39,83793.4,0,0,0,0,0,0
SENSEX.BSE_IDX,01/07/2025,09:03:40,83790.65,0,0,0,0,0,0
SENSEX.BSE_IDX,01/07/2025,09:03:41,83790.65,0,0,0,0,0,0
SENSEX.BSE_IDX,01/07/2025,09:03:42,83790.65,0,0,0,0,0,0
SENSEX.BSE_IDX,01/07/2025,09:03:43,83790.65,0,0,0,0,0,0
SENSEX.BSE_IDX,01/07/2025,09:03:44,83786.16,0,0,0,0,0,0
SENSEX.BSE_IDX,01/07/2025,09:03:45,83786.16,0,0,0,0,0,0
SENSEX.BSE_IDX,01/07/2025,09:03:46,83786.16,0,0,0,0,0,0
SENSEX.BSE_IDX,01/07/2025,09:03:47,83783.39,0,0,0,0,0,0
SENSEX.BSE_IDX,01/07/2025,09:03:48,83783.39,0,0,0,0,0,0
SENSEX.BSE_IDX,01/07/2025,09:03:49,83796.91,0,0,0,0,0,0
SENSEX.BSE_IDX,01/07/2025,09:03:50,83770.26,0,0,0,0,0,0
SENSEX.BSE_IDX,01/07/2025,09:03:51,83770.26,0,0,0,0,0,0
SENSEX.BSE_IDX,01/07/2025,09:03:52,83770.26,0,0,0,0,0,0
SENSEX.BSE_IDX,01/07/2025,09:03:53,83680.44,0,0,0,0,0,0
SENSEX.BSE_IDX,01/07/2025,09:03:54,83680.44,0,0,0,0,0,0
SENSEX.BSE_IDX,01/07/2025,09:03:55,83680.44,0,0,0,0,0,0
SENSEX.BSE_IDX,01/07/2025,09:03:56,83680.44,0,0,0,0,0,0
SENSEX.BSE_IDX,01/07/2025,09:03:57,83683.21,0,0,0,0,0,0
SENSEX.BSE_IDX,01/07/2025,09:03:58,83683.21,0,0,0,0,0,0
SENSEX.BSE_IDX,01/07/2025,09:03:59,83683.21,0,0,0,0,0,0
SENSEX.BSE_IDX,01/07/2025,09:04:00,83683.21,0,0,0,0,0,0
SENSEX.BSE_IDX,01/07/2025,09:04:01,83683.21,0,0,0,0,0,0
SENSEX.BSE_IDX,01/07/2025,09:04:02,83683.21,0,0,0,0,0,0
SENSEX.BSE_IDX,01/07/2025,09:04:03,83683.21,0,0,0,0,0,0
SENSEX.BSE_IDX,01/07/2025,09:04:04,83683.21,0,0,0,0,0,0
SENSEX.BSE_IDX,01/07/2025,09:04:05,83675.02,0,0,0,0,0,0
SENSEX.BSE_IDX,01/07/2025,09:04:06,83659.6,0,0,0,0,0,0
SENSEX.BSE_IDX,01/07/2025,09:04:07,83677.46,0,0,0,0,0,0
SENSEX.BSE_IDX,01/07/2025,09:04:08,83677.46,0,0,0,0,0,0
SENSEX.BSE_IDX,01/07/2025,09:04:09,83676.73,0,0,0,0,0,0
SENSEX.BSE_IDX,01/07/2025,09:04:10,83674.29,0,0,0,0,0,0
SENSEX.BSE_IDX,01/07/2025,09:04:11,83673.72,0,0,0,0,0,0
SENSEX.BSE_IDX,01/07/2025,09:04:12,83673.33,0,0,0,0,0,0
SENSEX.BSE_IDX,01/07/2025,09:04:13,83673.33,0,0,0,0,0,0
SENSEX.BSE_IDX,01/07/2025,09:04:14,83659.97,0,0,0,0,0,0
SENSEX.BSE_IDX,01/07/2025,09:04:15,83659.08,0,0,0,0,0,0
SENSEX.BSE_IDX,01/07/2025,09:04:16,83658.45,0,0,0,0,0,0
SENSEX.BSE_IDX,01/07/2025,09:04:17,83658.45,0,0,0,0,0,0
SENSEX.BSE_IDX,01/07/2025,09:04:18,83645.87,0,0,0,0,0,0
SENSEX.BSE_IDX,01/07/2025,09:04:19,83643,0,0,0,0,0,0
SENSEX.BSE_IDX,01/07/2025,09:04:20,83655.58,0,0,0,0,0,0
SENSEX.BSE_IDX,01/07/2025,09:04:21,83664.11,0,0,0,0,0,0
SENSEX.BSE_IDX,01/07/2025,09:04:22,83664.11,0,0,0,0,0,0
SENSEX.BSE_IDX,01/07/2025,09:04:23,83664.51,0,0,0,0,0,0
SENSEX.BSE_IDX,01/07/2025,09:04:24,83664.51,0,0,0,0,0,0
SENSEX.BSE_IDX,01/07/2025,09:04:25,83666.07,0,0,0,0,0,0
SENSEX.BSE_IDX,01/07/2025,09:04:26,83662.43,0,0,0,0,0,0
SENSEX.BSE_IDX,01/07/2025,09:04:27,83662.43,0,0,0,0,0,0
SENSEX.BSE_IDX,01/07/2025,09:04:28,83662.43,0,0,0,0,0,0
SENSEX.BSE_IDX,01/07/2025,09:04:29,83649.85,0,0,0,0,0,0
SENSEX.BSE_IDX,01/07/2025,09:04:30,83649.85,0,0,0,0,0,0
SENSEX.BSE_IDX,01/07/2025,09:04:31,83649.85,0,0,0,0,0,0
SENSEX.BSE_IDX,01/07/2025,09:04:32,83649.85,0,0,0,0,0,0
SENSEX.BSE_IDX,01/07/2025,09:04:33,83649.85,0,0,0,0,0,0
SENSEX.BSE_IDX,01/07/2025,09:04:34,83649.85,0,0,0,0,0,0
SENSEX.BSE_IDX,01/07/2025,09:04:35,83647.62,0,0,0,0,0,0
SENSEX.BSE_IDX,01/07/2025,09:04:36,83647.62,0,0,0,0,0,0
SENSEX.BSE_IDX,01/07/2025,09:04:37,83647.62,0,0,0,0,0,0
SENSEX.BSE_IDX,01/07/2025,09:04:38,83647.93,0,0,0,0,0,0
SENSEX.BSE_IDX,01/07/2025,09:04:39,83647.11,0,0,0,0,0,0
SENSEX.BSE_IDX,01/07/2025,09:04:40,83647.11,0,0,0,0,0,0
SENSEX.BSE_IDX,01/07/2025,09:04:41,83647.11,0,0,0,0,0,0
SENSEX.BSE_IDX,01/07/2025,09:04:42,83647.11,0,0,0,0,0,0
SENSEX.BSE_IDX,01/07/2025,09:04:43,83642.65,0,0,0,0,0,0
SENSEX.BSE_IDX,01/07/2025,09:04:44,83642.49,0,0,0,0,0,0
SENSEX.BSE_IDX,01/07/2025,09:04:45,83638.89,0,0,0,0,0,0
SENSEX.BSE_IDX,01/07/2025,09:04:46,83614.62,0,0,0,0,0,0
SENSEX.BSE_IDX,01/07/2025,09:04:47,83611.98,0,0,0,0,0,0
SENSEX.BSE_IDX,01/07/2025,09:04:48,83611.98,0,0,0,0,0,0
SENSEX.BSE_IDX,01/07/2025,09:04:49,83611.94,0,0,0,0,0,0
SENSEX.BSE_IDX,01/07/2025,09:04:50,83593.25,0,0,0,0,0,0
SENSEX.BSE_IDX,01/07/2025,09:04:51,83586.99,0,0,0,0,0,0
SENSEX.BSE_IDX,01/07/2025,09:04:52,83586.99,0,0,0,0,0,0
SENSEX.BSE_IDX,01/07/2025,09:04:53,83593.25,0,0,0,0,0,0
SENSEX.BSE_IDX,01/07/2025,09:04:54,83579.73,0,0,0,0,0,0
SENSEX.BSE_IDX,01/07/2025,09:04:55,83579.73,0,0,0,0,0,0
SENSEX.BSE_IDX,01/07/2025,09:04:56,83579.73,0,0,0,0,0,0
SENSEX.BSE_IDX,01/07/2025,09:04:57,83579.73,0,0,0,0,0,0
SENSEX.BSE_IDX,01/07/2025,09:04:58,83572.34,0,0,0,0,0,0
SENSEX.BSE_IDX,01/07/2025,09:04:59,83572.57,0,0,0,0,0,0
SENSEX.BSE_IDX,01/07/2025,09:05:00,83579.73,0,0,0,0,0,0
SENSEX.BSE_IDX,01/07/2025,09:05:01,83579.73,0,0,0,0,0,0
SENSEX.BSE_IDX,01/07/2025,09:05:02,83578.96,0,0,0,0,0,0
SENSEX.BSE_IDX,01/07/2025,09:05:03,83578.96,0,0,0,0,0,0
SENSEX.BSE_IDX,01/07/2025,09:05:05,83578.96,0,0,0,0,0,0
SENSEX.BSE_IDX,01/07/2025,09:05:05,83578.96,0,0,0,0,0,0
SENSEX.BSE_IDX,01/07/2025,09:05:06,83575.01,0,0,0,0,0,0
SENSEX.BSE_IDX,01/07/2025,09:05:07,83575.01,0,0,0,0,0,0
SENSEX.BSE_IDX,01/07/2025,09:05:08,83575.01,0,0,0,0,0,0
SENSEX.BSE_IDX,01/07/2025,09:05:09,83554.92,0,0,0,0,0,0
SENSEX.BSE_IDX,01/07/2025,09:05:10,83554.92,0,0,0,0,0,0
SENSEX.BSE_IDX,01/07/2025,09:05:11,83555.42,0,0,0,0,0,0
SENSEX.BSE_IDX,01/07/2025,09:05:12,83575.51,0,0,0,0,0,0
SENSEX.BSE_IDX,01/07/2025,09:05:13,83602.88,0,0,0,0,0,0
SENSEX.BSE_IDX,01/07/2025,09:05:14,83609.33,0,0,0,0,0,0
SENSEX.BSE_IDX,01/07/2025,09:05:15,83609.33,0,0,0,0,0,0
SENSEX.BSE_IDX,01/07/2025,09:05:16,83635.25,0,0,0,0,0,0
SENSEX.BSE_IDX,01/07/2025,09:05:17,83635.25,0,0,0,0,0,0
SENSEX.BSE_IDX,01/07/2025,09:05:18,83609.33,0,0,0,0,0,0
SENSEX.BSE_IDX,01/07/2025,09:05:19,83607.96,0,0,0,0,0,0
SENSEX.BSE_IDX,01/07/2025,09:05:20,83617.19,0,0,0,0,0,0
SENSEX.BSE_IDX,01/07/2025,09:05:21,83617.19,0,0,0,0,0,0
SENSEX.BSE_IDX,01/07/2025,09:05:22,83617.19,0,0,0,0,0,0
SENSEX.BSE_IDX,01/07/2025,09:05:23,83616.79,0,0,0,0,0,0
SENSEX.BSE_IDX,01/07/2025,09:05:24,83616.79,0,0,0,0,0,0
SENSEX.BSE_IDX,01/07/2025,09:05:25,83623.13,0,0,0,0,0,0
SENSEX.BSE_IDX,01/07/2025,09:05:26,83622.52,0,0,0,0,0,0
SENSEX.BSE_IDX,01/07/2025,09:05:27,83621.6,0,0,0,0,0,0
SENSEX.BSE_IDX,01/07/2025,09:05:28,83616.42,0,0,0,0,0,0
SENSEX.BSE_IDX,01/07/2025,09:05:29,83616.21,0,0,0,0,0,0
SENSEX.BSE_IDX,01/07/2025,09:05:30,83613.98,0,0,0,0,0,0
SENSEX.BSE_IDX,01/07/2025,09:05:31,83616.5,0,0,0,0,0,0
SENSEX.BSE_IDX,01/07/2025,09:05:32,83627.62,0,0,0,0,0,0
SENSEX.BSE_IDX,01/07/2025,09:05:33,83632.08,0,0,0,0,0,0
SENSEX.BSE_IDX,01/07/2025,09:05:34,83632.08,0,0,0,0,0,0
SENSEX.BSE_IDX,01/07/2025,09:05:35,83632.08,0,0,0,0,0,0
SENSEX.BSE_IDX,01/07/2025,09:05:36,83628.77,0,0,0,0,0,0
SENSEX.BSE_IDX,01/07/2025,09:05:37,83617.39,0,0,0,0,0,0
SENSEX.BSE_IDX,01/07/2025,09:05:38,83617.69,0,0,0,0,0,0
SENSEX.BSE_IDX,01/07/2025,09:05:39,83617.69,0,0,0,0,0,0
SENSEX.BSE_IDX,01/07/2025,09:05:40,83618.15,0,0,0,0,0,0
SENSEX.BSE_IDX,01/07/2025,09:05:41,83615.86,0,0,0,0,0,0
SENSEX.BSE_IDX,01/07/2025,09:05:42,83626.43,0,0,0,0,0,0
SENSEX.BSE_IDX,01/07/2025,09:05:43,83623.48,0,0,0,0,0,0
SENSEX.BSE_IDX,01/07/2025,09:05:44,83611.92,0,0,0,0,0,0
SENSEX.BSE_IDX,01/07/2025,09:05:45,83611.92,0,0,0,0,0,0
SENSEX.BSE_IDX,01/07/2025,09:05:46,83612.69,0,0,0,0,0,0
SENSEX.BSE_IDX,01/07/2025,09:05:47,83613.28,0,0,0,0,0,0
SENSEX.BSE_IDX,01/07/2025,09:05:48,83614.43,0,0,0,0,0,0
SENSEX.BSE_IDX,01/07/2025,09:05:49,83614.43,0,0,0,0,0,0
SENSEX.BSE_IDX,01/07/2025,09:05:50,83615.96,0,0,0,0,0,0
SENSEX.BSE_IDX,01/07/2025,09:05:51,83635.94,0,0,0,0,0,0
SENSEX.BSE_IDX,01/07/2025,09:05:52,83638.25,0,0,0,0,0,0
SENSEX.BSE_IDX,01/07/2025,09:05:54,83658.41,0,0,0,0,0,0
SENSEX.BSE_IDX,01/07/2025,09:05:54,83658.94,0,0,0,0,0,0
SENSEX.BSE_IDX,01/07/2025,09:05:55,83658.94,0,0,0,0,0,0
SENSEX.BSE_IDX,01/07/2025,09:05:56,83666.18,0,0,0,0,0,0
SENSEX.BSE_IDX,01/07/2025,09:05:57,83666.18,0,0,0,0,0,0
SENSEX.BSE_IDX,01/07/2025,09:05:58,83668.1,0,0,0,0,0,0
SENSEX.BSE_IDX,01/07/2025,09:05:59,83667.29,0,0,0,0,0,0
SENSEX.BSE_IDX,01/07/2025,09:06:00,83667.29,0,0,0,0,0,0
SENSEX.BSE_IDX,01/07/2025,09:06:01,83673.98,0,0,0,0,0,0
SENSEX.BSE_IDX,01/07/2025,09:06:02,83673.98,0,0,0,0,0,0
SENSEX.BSE_IDX,01/07/2025,09:06:03,83673.98,0,0,0,0,0,0
SENSEX.BSE_IDX,01/07/2025,09:06:05,83677.51,0,0,0,0,0,0
SENSEX.BSE_IDX,01/07/2025,09:06:05,83677.51,0,0,0,0,0,0
SENSEX.BSE_IDX,01/07/2025,09:06:06,83675.28,0,0,0,0,0,0
SENSEX.BSE_IDX,01/07/2025,09:06:07,83666.04,0,0,0,0,0,0
SENSEX.BSE_IDX,01/07/2025,09:06:08,83666.04,0,0,0,0,0,0
SENSEX.BSE_IDX,01/07/2025,09:06:09,83666.04,0,0,0,0,0,0
SENSEX.BSE_IDX,01/07/2025,09:06:10,83667.92,0,0,0,0,0,0
SENSEX.BSE_IDX,01/07/2025,09:06:11,83668.57,0,0,0,0,0,0
SENSEX.BSE_IDX,01/07/2025,09:06:12,83668.57,0,0,0,0,0,0
SENSEX.BSE_IDX,01/07/2025,09:06:13,83678.36,0,0,0,0,0,0
SENSEX.BSE_IDX,01/07/2025,09:06:14,83680.08,0,0,0,0,0,0
SENSEX.BSE_IDX,01/07/2025,09:06:15,83680.08,0,0,0,0,0,0
SENSEX.BSE_IDX,01/07/2025,09:06:16,83680.08,0,0,0,0,0,0
SENSEX.BSE_IDX,01/07/2025,09:06:17,83685.84,0,0,0,0,0,0
SENSEX.BSE_IDX,01/07/2025,09:06:18,83702.67,0,0,0,0,0,0
SENSEX.BSE_IDX,01/07/2025,09:06:19,83702.67,0,0,0,0,0,0
SENSEX.BSE_IDX,01/07/2025,09:06:20,83702.67,0,0,0,0,0,0
SENSEX.BSE_IDX,01/07/2025,09:06:22,83702.67,0,0,0,0,0,0
SENSEX.BSE_IDX,01/07/2025,09:06:22,83702.67,0,0,0,0,0,0
SENSEX.BSE_IDX,01/07/2025,09:06:23,83702.67,0,0,0,0,0,0
SENSEX.BSE_IDX,01/07/2025,09:06:24,83704.08,0,0,0,0,0,0
SENSEX.BSE_IDX,01/07/2025,09:06:25,83713.43,0,0,0,0,0,0
SENSEX.BSE_IDX,01/07/2025,09:06:26,83723.51,0,0,0,0,0,0
SENSEX.BSE_IDX,01/07/2025,09:06:27,83711.25,0,0,0,0,0,0
SENSEX.BSE_IDX,01/07/2025,09:06:28,83723.51,0,0,0,0,0,0
SENSEX.BSE_IDX,01/07/2025,09:06:29,83723.51,0,0,0,0,0,0
SENSEX.BSE_IDX,01/07/2025,09:06:30,83723.51,0,0,0,0,0,0
SENSEX.BSE_IDX,01/07/2025,09:06:31,83723.96,0,0,0,0,0,0
SENSEX.BSE_IDX,01/07/2025,09:06:32,83731.33,0,0,0,0,0,0
SENSEX.BSE_IDX,01/07/2025,09:06:33,83734.08,0,0,0,0,0,0
SENSEX.BSE_IDX,01/07/2025,09:06:34,83721.13,0,0,0,0,0,0
SENSEX.BSE_IDX,01/07/2025,09:06:35,83704.75,0,0,0,0,0,0
SENSEX.BSE_IDX,01/07/2025,09:06:36,83704.75,0,0,0,0,0,0
SENSEX.BSE_IDX,01/07/2025,09:06:37,83701.35,0,0,0,0,0,0
SENSEX.BSE_IDX,01/07/2025,09:06:38,83705.3,0,0,0,0,0,0
SENSEX.BSE_IDX,01/07/2025,09:06:40,83705.3,0,0,0,0,0,0
SENSEX.BSE_IDX,01/07/2025,09:06:40,83705.3,0,0,0,0,0,0
SENSEX.BSE_IDX,01/07/2025,09:06:41,83690.21,0,0,0,0,0,0
SENSEX.BSE_IDX,01/07/2025,09:06:42,83687.07,0,0,0,0,0,0
SENSEX.BSE_IDX,01/07/2025,09:06:43,83687.07,0,0,0,0,0,0
SENSEX.BSE_IDX,01/07/2025,09:06:44,83689.31,0,0,0,0,0,0
SENSEX.BSE_IDX,01/07/2025,09:06:45,83687.48,0,0,0,0,0,0
SENSEX.BSE_IDX,01/07/2025,09:06:46,83686.26,0,0,0,0,0,0
SENSEX.BSE_IDX,01/07/2025,09:06:47,83686.26,0,0,0,0,0,0
SENSEX.BSE_IDX,01/07/2025,09:06:48,83686.26,0,0,0,0,0,0
SENSEX.BSE_IDX,01/07/2025,09:06:49,83686.26,0,0,0,0,0,0
SENSEX.BSE_IDX,01/07/2025,09:06:50,83689.49,0,0,0,0,0,0
SENSEX.BSE_IDX,01/07/2025,09:06:51,83687.78,0,0,0,0,0,0
SENSEX.BSE_IDX,01/07/2025,09:06:52,83687.78,0,0,0,0,0,0
SENSEX.BSE_IDX,01/07/2025,09:06:53,83687.78,0,0,0,0,0,0
SENSEX.BSE_IDX,01/07/2025,09:06:54,83690.32,0,0,0,0,0,0
SENSEX.BSE_IDX,01/07/2025,09:06:55,83690.32,0,0,0,0,0,0
SENSEX.BSE_IDX,01/07/2025,09:06:56,83690.32,0,0,0,0,0,0
SENSEX.BSE_IDX,01/07/2025,09:06:57,83690.93,0,0,0,0,0,0
SENSEX.BSE_IDX,01/07/2025,09:06:58,83687.28,0,0,0,0,0,0
SENSEX.BSE_IDX,01/07/2025,09:06:59,83683.96,0,0,0,0,0,0
SENSEX.BSE_IDX,01/07/2025,09:07:00,83685.99,0,0,0,0,0,0
SENSEX.BSE_IDX,01/07/2025,09:07:01,83686.03,0,0,0,0,0,0
SENSEX.BSE_IDX,01/07/2025,09:07:03,83686.03,0,0,0,0,0,0
SENSEX.BSE_IDX,01/07/2025,09:07:04,83686.03,0,0,0,0,0,0
SENSEX.BSE_IDX,01/07/2025,09:07:04,83686.03,0,0,0,0,0,0
SENSEX.BSE_IDX,01/07/2025,09:07:05,83686.03,0,0,0,0,0,0
SENSEX.BSE_IDX,01/07/2025,09:07:06,83686.03,0,0,0,0,0,0
SENSEX.BSE_IDX,01/07/2025,09:07:07,83686.03,0,0,0,0,0,0
SENSEX.BSE_IDX,01/07/2025,09:07:08,83686.03,0,0,0,0,0,0
SENSEX.BSE_IDX,01/07/2025,09:07:09,83686.03,0,0,0,0,0,0
SENSEX.BSE_IDX,01/07/2025,09:07:10,83686.03,0,0,0,0,0,0
SENSEX.BSE_IDX,01/07/2025,09:07:11,83686.03,0,0,0,0,0,0
SENSEX.BSE_IDX,01/07/2025,09:07:12,83686.03,0,0,0,0,0,0
SENSEX.BSE_IDX,01/07/2025,09:07:13,83686.03,0,0,0,0,0,0
SENSEX.BSE_IDX,01/07/2025,09:07:14,83686.03,0,0,0,0,0,0
SENSEX.BSE_IDX,01/07/2025,09:07:15,83686.03,0,0,0,0,0,0
SENSEX.BSE_IDX,01/07/2025,09:07:16,83686.03,0,0,0,0,0,0
SENSEX.BSE_IDX,01/07/2025,09:07:17,83686.03,0,0,0,0,0,0
SENSEX.BSE_IDX,01/07/2025,09:07:18,83686.03,0,0,0,0,0,0
SENSEX.BSE_IDX,01/07/2025,09:07:19,83686.03,0,0,0,0,0,0
SENSEX.BSE_IDX,01/07/2025,09:07:20,83686.03,0,0,0,0,0,0
SENSEX.BSE_IDX,01/07/2025,09:07:21,83686.03,0,0,0,0,0,0
SENSEX.BSE_IDX,01/07/2025,09:07:23,83686.03,0,0,0,0,0,0
SENSEX.BSE_IDX,01/07/2025,09:07:23,83686.03,0,0,0,0,0,0
SENSEX.BSE_IDX,01/07/2025,09:07:24,83686.03,0,0,0,0,0,0
SENSEX.BSE_IDX,01/07/2025,09:07:25,83686.03,0,0,0,0,0,0
SENSEX.BSE_IDX,01/07/2025,09:07:26,83686.03,0,0,0,0,0,0
SENSEX.BSE_IDX,01/07/2025,09:07:27,83686.03,0,0,0,0,0,0
SENSEX.BSE_IDX,01/07/2025,09:07:28,83686.03,0,0,0,0,0,0
SENSEX.BSE_IDX,01/07/2025,09:07:29,83686.03,0,0,0,0,0,0
SENSEX.BSE_IDX,01/07/2025,09:07:30,83686.03,0,0,0,0,0,0
SENSEX.BSE_IDX,01/07/2025,09:07:31,83686.03,0,0,0,0,0,0
SENSEX.BSE_IDX,01/07/2025,09:07:32,83686.03,0,0,0,0,0,0
SENSEX.BSE_IDX,01/07/2025,09:07:33,83686.03,0,0,0,0,0,0
SENSEX.BSE_IDX,01/07/2025,09:07:34,83686.03,0,0,0,0,0,0
SENSEX.BSE_IDX,01/07/2025,09:07:35,83686.03,0,0,0,0,0,0
SENSEX.BSE_IDX,01/07/2025,09:07:36,83686.03,0,0,0,0,0,0
SENSEX.BSE_IDX,01/07/2025,09:07:37,83686.03,0,0,0,0,0,0
SENSEX.BSE_IDX,01/07/2025,09:07:38,83686.03,0,0,0,0,0,0
SENSEX.BSE_IDX,01/07/2025,09:07:39,83686.03,0,0,0,0,0,0
SENSEX.BSE_IDX,01/07/2025,09:07:41,83686.03,0,0,0,0,0,0
SENSEX.BSE_IDX,01/07/2025,09:07:41,83686.03,0,0,0,0,0,0
SENSEX.BSE_IDX,01/07/2025,09:07:42,83686.03,0,0,0,0,0,0
SENSEX.BSE_IDX,01/07/2025,09:07:43,83686.03,0,0,0,0,0,0
SENSEX.BSE_IDX,01/07/2025,09:07:44,83686.03,0,0,0,0,0,0
SENSEX.BSE_IDX,01/07/2025,09:07:45,83686.03,0,0,0,0,0,0
SENSEX.BSE_IDX,01/07/2025,09:07:46,83686.03,0,0,0,0,0,0
SENSEX.BSE_IDX,01/07/2025,09:07:47,83686.03,0,0,0,0,0,0
SENSEX.BSE_IDX,01/07/2025,09:07:48,83686.03,0,0,0,0,0,0
SENSEX.BSE_IDX,01/07/2025,09:07:49,83686.03,0,0,0,0,0,0
SENSEX.BSE_IDX,01/07/2025,09:07:50,83686.03,0,0,0,0,0,0
SENSEX.BSE_IDX,01/07/2025,09:07:51,83686.03,0,0,0,0,0,0
SENSEX.BSE_IDX,01/07/2025,09:07:52,83686.03,0,0,0,0,0,0
SENSEX.BSE_IDX,01/07/2025,09:07:53,83686.03,0,0,0,0,0,0
SENSEX.BSE_IDX,01/07/2025,09:07:54,83686.03,0,0,0,0,0,0
SENSEX.BSE_IDX,01/07/2025,09:07:56,83686.03,0,0,0,0,0,0
SENSEX.BSE_IDX,01/07/2025,09:07:56,83686.03,0,0,0,0,0,0
SENSEX.BSE_IDX,01/07/2025,09:07:57,83686.03,0,0,0,0,0,0
SENSEX.BSE_IDX,01/07/2025,09:07:58,83686.03,0,0,0,0,0,0
SENSEX.BSE_IDX,01/07/2025,09:07:59,83686.03,0,0,0,0,0,0
SENSEX.BSE_IDX,01/07/2025,09:08:00,83686.03,0,0,0,0,0,0
SENSEX.BSE_IDX,01/07/2025,09:08:01,83686.03,0,0,0,0,0,0
SENSEX.BSE_IDX,01/07/2025,09:08:02,83686.03,0,0,0,0,0,0
SENSEX.BSE_IDX,01/07/2025,09:08:03,83686.03,0,0,0,0,0,0
SENSEX.BSE_IDX,01/07/2025,09:08:04,83686.03,0,0,0,0,0,0
SENSEX.BSE_IDX,01/07/2025,09:08:05,83686.03,0,0,0,0,0,0
SENSEX.BSE_IDX,01/07/2025,09:08:06,83686.03,0,0,0,0,0,0
SENSEX.BSE_IDX,01/07/2025,09:08:07,83686.03,0,0,0,0,0,0
SENSEX.BSE_IDX,01/07/2025,09:08:08,83686.03,0,0,0,0,0,0
SENSEX.BSE_IDX,01/07/2025,09:08:09,83686.03,0,0,0,0,0,0
SENSEX.BSE_IDX,01/07/2025,09:08:10,83686.03,0,0,0,0,0,0
SENSEX.BSE_IDX,01/07/2025,09:08:11,83686.03,0,0,0,0,0,0
SENSEX.BSE_IDX,01/07/2025,09:08:12,83686.03,0,0,0,0,0,0
SENSEX.BSE_IDX,01/07/2025,09:08:14,83686.03,0,0,0,0,0,0
SENSEX.BSE_IDX,01/07/2025,09:08:14,83686.03,0,0,0,0,0,0
SENSEX.BSE_IDX,01/07/2025,09:08:15,83686.03,0,0,0,0,0,0
SENSEX.BSE_IDX,01/07/2025,09:08:16,83686.03,0,0,0,0,0,0
SENSEX.BSE_IDX,01/07/2025,09:08:17,83686.03,0,0,0,0,0,0
SENSEX.BSE_IDX,01/07/2025,09:08:18,83686.03,0,0,0,0,0,0
SENSEX.BSE_IDX,01/07/2025,09:08:19,83686.03,0,0,0,0,0,0
SENSEX.BSE_IDX,01/07/2025,09:08:20,83686.03,0,0,0,0,0,0
SENSEX.BSE_IDX,01/07/2025,09:08:22,83686.03,0,0,0,0,0,0
SENSEX.BSE_IDX,01/07/2025,09:08:23,83686.03,0,0,0,0,0,0
SENSEX.BSE_IDX,01/07/2025,09:08:23,83686.03,0,0,0,0,0,0
SENSEX.BSE_IDX,01/07/2025,09:08:24,83686.03,0,0,0,0,0,0
SENSEX.BSE_IDX,01/07/2025,09:08:25,83686.03,0,0,0,0,0,0
SENSEX.BSE_IDX,01/07/2025,09:08:27,83686.03,0,0,0,0,0,0
SENSEX.BSE_IDX,01/07/2025,09:08:27,83686.03,0,0,0,0,0,0
SENSEX.BSE_IDX,01/07/2025,09:08:28,83686.03,0,0,0,0,0,0
SENSEX.BSE_IDX,01/07/2025,09:08:29,83686.03,0,0,0,0,0,0
SENSEX.BSE_IDX,01/07/2025,09:08:30,83686.03,0,0,0,0,0,0
SENSEX.BSE_IDX,01/07/2025,09:08:31,83686.03,0,0,0,0,0,0
SENSEX.BSE_IDX,01/07/2025,09:08:32,83686.03,0,0,0,0,0,0
SENSEX.BSE_IDX,01/07/2025,09:08:33,83686.03,0,0,0,0,0,0
SENSEX.BSE_IDX,01/07/2025,09:08:34,83686.03,0,0,0,0,0,0
SENSEX.BSE_IDX,01/07/2025,09:08:35,83686.03,0,0,0,0,0,0
SENSEX.BSE_IDX,01/07/2025,09:08:37,83686.03,0,0,0,0,0,0
SENSEX.BSE_IDX,01/07/2025,09:08:37,83686.03,0,0,0,0,0,0
SENSEX.BSE_IDX,01/07/2025,09:08:39,83686.03,0,0,0,0,0,0
SENSEX.BSE_IDX,01/07/2025,09:08:40,83686.03,0,0,0,0,0,0
SENSEX.BSE_IDX,01/07/2025,09:08:40,83686.03,0,0,0,0,0,0
SENSEX.BSE_IDX,01/07/2025,09:08:41,83686.03,0,0,0,0,0,0
SENSEX.BSE_IDX,01/07/2025,09:08:43,83686.03,0,0,0,0,0,0
SENSEX.BSE_IDX,01/07/2025,09:08:44,83686.03,0,0,0,0,0,0
SENSEX.BSE_IDX,01/07/2025,09:08:45,83686.03,0,0,0,0,0,0
SENSEX.BSE_IDX,01/07/2025,09:08:46,83686.03,0,0,0,0,0,0
SENSEX.BSE_IDX,01/07/2025,09:08:47,83686.03,0,0,0,0,0,0
SENSEX.BSE_IDX,01/07/2025,09:08:48,83686.03,0,0,0,0,0,0
SENSEX.BSE_IDX,01/07/2025,09:08:49,83686.03,0,0,0,0,0,0
SENSEX.BSE_IDX,01/07/2025,09:08:50,83686.03,0,0,0,0,0,0
SENSEX.BSE_IDX,01/07/2025,09:08:51,83686.03,0,0,0,0,0,0
SENSEX.BSE_IDX,01/07/2025,09:08:52,83686.03,0,0,0,0,0,0
SENSEX.BSE_IDX,01/07/2025,09:08:53,83686.03,0,0,0,0,0,0
SENSEX.BSE_IDX,01/07/2025,09:08:54,83686.03,0,0,0,0,0,0
SENSEX.BSE_IDX,01/07/2025,09:08:55,83686.03,0,0,0,0,0,0
SENSEX.BSE_IDX,01/07/2025,09:08:56,83686.03,0,0,0,0,0,0
SENSEX.BSE_IDX,01/07/2025,09:08:57,83686.03,0,0,0,0,0,0
SENSEX.BSE_IDX,01/07/2025,09:08:58,83686.03,0,0,0,0,0,0
SENSEX.BSE_IDX,01/07/2025,09:08:59,83686.03,0,0,0,0,0,0
SENSEX.BSE_IDX,01/07/2025,09:09:00,83686.03,0,0,0,0,0,0
SENSEX.BSE_IDX,01/07/2025,09:09:01,83685.66,0,0,0,0,0,0
SENSEX.BSE_IDX,01/07/2025,09:09:02,83685.66,0,0,0,0,0,0
SENSEX.BSE_IDX,01/07/2025,09:09:03,83685.66,0,0,0,0,0,0
SENSEX.BSE_IDX,01/07/2025,09:09:04,83685.66,0,0,0,0,0,0
SENSEX.BSE_IDX,01/07/2025,09:09:05,83685.66,0,0,0,0,0,0
SENSEX.BSE_IDX,01/07/2025,09:09:06,83685.66,0,0,0,0,0,0
SENSEX.BSE_IDX,01/07/2025,09:09:07,83685.66,0,0,0,0,0,0
SENSEX.BSE_IDX,01/07/2025,09:09:08,83685.66,0,0,0,0,0,0
SENSEX.BSE_IDX,01/07/2025,09:09:09,83685.66,0,0,0,0,0,0
SENSEX.BSE_IDX,01/07/2025,09:09:10,83685.66,0,0,0,0,0,0
SENSEX.BSE_IDX,01/07/2025,09:09:11,83685.66,0,0,0,0,0,0
SENSEX.BSE_IDX,01/07/2025,09:09:12,83685.66,0,0,0,0,0,0
SENSEX.BSE_IDX,01/07/2025,09:09:13,83685.66,0,0,0,0,0,0
SENSEX.BSE_IDX,01/07/2025,09:09:14,83685.66,0,0,0,0,0,0
SENSEX.BSE_IDX,01/07/2025,09:09:15,83685.66,0,0,0,0,0,0
SENSEX.BSE_IDX,01/07/2025,09:09:16,83685.66,0,0,0,0,0,0
SENSEX.BSE_IDX,01/07/2025,09:09:17,83685.66,0,0,0,0,0,0
SENSEX.BSE_IDX,01/07/2025,09:09:18,83685.66,0,0,0,0,0,0
SENSEX.BSE_IDX,01/07/2025,09:09:19,83685.66,0,0,0,0,0,0
SENSEX.BSE_IDX,01/07/2025,09:09:20,83685.66,0,0,0,0,0,0
SENSEX.BSE_IDX,01/07/2025,09:09:21,83685.66,0,0,0,0,0,0
SENSEX.BSE_IDX,01/07/2025,09:09:22,83685.66,0,0,0,0,0,0
SENSEX.BSE_IDX,01/07/2025,09:09:23,83685.66,0,0,0,0,0,0
SENSEX.BSE_IDX,01/07/2025,09:09:24,83685.66,0,0,0,0,0,0
SENSEX.BSE_IDX,01/07/2025,09:09:25,83685.66,0,0,0,0,0,0
SENSEX.BSE_IDX,01/07/2025,09:09:26,83685.66,0,0,0,0,0,0
SENSEX.BSE_IDX,01/07/2025,09:09:27,83685.66,0,0,0,0,0,0
SENSEX.BSE_IDX,01/07/2025,09:09:28,83685.66,0,0,0,0,0,0
SENSEX.BSE_IDX,01/07/2025,09:09:29,83685.66,0,0,0,0,0,0
SENSEX.BSE_IDX,01/07/2025,09:09:30,83685.66,0,0,0,0,0,0
SENSEX.BSE_IDX,01/07/2025,09:09:31,83685.66,0,0,0,0,0,0
SENSEX.BSE_IDX,01/07/2025,09:09:32,83685.66,0,0,0,0,0,0
SENSEX.BSE_IDX,01/07/2025,09:09:33,83685.66,0,0,0,0,0,0
SENSEX.BSE_IDX,01/07/2025,09:09:34,83685.66,0,0,0,0,0,0
SENSEX.BSE_IDX,01/07/2025,09:09:35,83685.66,0,0,0,0,0,0
SENSEX.BSE_IDX,01/07/2025,09:09:36,83685.66,0,0,0,0,0,0
SENSEX.BSE_IDX,01/07/2025,09:09:37,83685.66,0,0,0,0,0,0
SENSEX.BSE_IDX,01/07/2025,09:09:38,83685.66,0,0,0,0,0,0
SENSEX.BSE_IDX,01/07/2025,09:09:39,83685.66,0,0,0,0,0,0
SENSEX.BSE_IDX,01/07/2025,09:09:40,83685.66,0,0,0,0,0,0
SENSEX.BSE_IDX,01/07/2025,09:09:41,83685.66,0,0,0,0,0,0
SENSEX.BSE_IDX,01/07/2025,09:09:42,83685.66,0,0,0,0,0,0
SENSEX.BSE_IDX,01/07/2025,09:09:43,83685.66,0,0,0,0,0,0
SENSEX.BSE_IDX,01/07/2025,09:09:44,83685.66,0,0,0,0,0,0
SENSEX.BSE_IDX,01/07/2025,09:09:45,83685.66,0,0,0,0,0,0
SENSEX.BSE_IDX,01/07/2025,09:09:46,83685.66,0,0,0,0,0,0
SENSEX.BSE_IDX,01/07/2025,09:09:47,83685.66,0,0,0,0,0,0
SENSEX.BSE_IDX,01/07/2025,09:09:48,83685.66,0,0,0,0,0,0
SENSEX.BSE_IDX,01/07/2025,09:09:49,83685.66,0,0,0,0,0,0
SENSEX.BSE_IDX,01/07/2025,09:09:50,83685.66,0,0,0,0,0,0
SENSEX.BSE_IDX,01/07/2025,09:09:51,83685.66,0,0,0,0,0,0
SENSEX.BSE_IDX,01/07/2025,09:09:52,83685.66,0,0,0,0,0,0
SENSEX.BSE_IDX,01/07/2025,09:09:53,83685.66,0,0,0,0,0,0
SENSEX.BSE_IDX,01/07/2025,09:09:54,83685.66,0,0,0,0,0,0
SENSEX.BSE_IDX,01/07/2025,09:09:55,83685.66,0,0,0,0,0,0
SENSEX.BSE_IDX,01/07/2025,09:09:56,83685.66,0,0,0,0,0,0
SENSEX.BSE_IDX,01/07/2025,09:09:57,83685.66,0,0,0,0,0,0
SENSEX.BSE_IDX,01/07/2025,09:09:58,83685.66,0,0,0,0,0,0
SENSEX.BSE_IDX,01/07/2025,09:09:59,83685.66,0,0,0,0,0,0
SENSEX.BSE_IDX,01/07/2025,09:10:00,83685.66,0,0,0,0,0,0
SENSEX.BSE_IDX,01/07/2025,09:10:01,83685.66,0,0,0,0,0,0
SENSEX.BSE_IDX,01/07/2025,09:10:02,83685.66,0,0,0,0,0,0
SENSEX.BSE_IDX,01/07/2025,09:10:03,83685.66,0,0,0,0,0,0
SENSEX.BSE_IDX,01/07/2025,09:10:04,83685.66,0,0,0,0,0,0
SENSEX.BSE_IDX,01/07/2025,09:10:05,83685.66,0,0,0,0,0,0
SENSEX.BSE_IDX,01/07/2025,09:10:06,83685.66,0,0,0,0,0,0
SENSEX.BSE_IDX,01/07/2025,09:10:07,83685.66,0,0,0,0,0,0
SENSEX.BSE_IDX,01/07/2025,09:10:08,83685.66,0,0,0,0,0,0
SENSEX.BSE_IDX,01/07/2025,09:10:09,83685.66,0,0,0,0,0,0
SENSEX.BSE_IDX,01/07/2025,09:10:10,83685.66,0,0,0,0,0,0
SENSEX.BSE_IDX,01/07/2025,09:10:11,83685.66,0,0,0,0,0,0
SENSEX.BSE_IDX,01/07/2025,09:10:12,83685.66,0,0,0,0,0,0
SENSEX.BSE_IDX,01/07/2025,09:10:13,83685.66,0,0,0,0,0,0
SENSEX.BSE_IDX,01/07/2025,09:10:14,83685.66,0,0,0,0,0,0
SENSEX.BSE_IDX,01/07/2025,09:10:15,83685.66,0,0,0,0,0,0
SENSEX.BSE_IDX,01/07/2025,09:10:16,83685.66,0,0,0,0,0,0
SENSEX.BSE_IDX,01/07/2025,09:10:17,83685.66,0,0,0,0,0,0
SENSEX.BSE_IDX,01/07/2025,09:10:18,83685.66,0,0,0,0,0,0
SENSEX.BSE_IDX,01/07/2025,09:10:19,83685.66,0,0,0,0,0,0
SENSEX.BSE_IDX,01/07/2025,09:10:20,83685.66,0,0,0,0,0,0
SENSEX.BSE_IDX,01/07/2025,09:10:21,83685.66,0,0,0,0,0,0
SENSEX.BSE_IDX,01/07/2025,09:10:22,83685.66,0,0,0,0,0,0
SENSEX.BSE_IDX,01/07/2025,09:10:23,83685.66,0,0,0,0,0,0
SENSEX.BSE_IDX,01/07/2025,09:10:24,83685.66,0,0,0,0,0,0
SENSEX.BSE_IDX,01/07/2025,09:10:25,83685.66,0,0,0,0,0,0
SENSEX.BSE_IDX,01/07/2025,09:10:26,83685.66,0,0,0,0,0,0
SENSEX.BSE_IDX,01/07/2025,09:10:27,83685.66,0,0,0,0,0,0
SENSEX.BSE_IDX,01/07/2025,09:10:28,83685.66,0,0,0,0,0,0
SENSEX.BSE_IDX,01/07/2025,09:10:29,83685.66,0,0,0,0,0,0
SENSEX.BSE_IDX,01/07/2025,09:10:30,83685.66,0,0,0,0,0,0
SENSEX.BSE_IDX,01/07/2025,09:10:31,83685.66,0,0,0,0,0,0
SENSEX.BSE_IDX,01/07/2025,09:10:32,83685.66,0,0,0,0,0,0
SENSEX.BSE_IDX,01/07/2025,09:10:33,83685.66,0,0,0,0,0,0
SENSEX.BSE_IDX,01/07/2025,09:10:34,83685.66,0,0,0,0,0,0
SENSEX.BSE_IDX,01/07/2025,09:10:35,83685.66,0,0,0,0,0,0
SENSEX.BSE_IDX,01/07/2025,09:10:36,83685.66,0,0,0,0,0,0
SENSEX.BSE_IDX,01/07/2025,09:10:37,83685.66,0,0,0,0,0,0
SENSEX.BSE_IDX,01/07/2025,09:10:38,83685.66,0,0,0,0,0,0
SENSEX.BSE_IDX,01/07/2025,09:10:39,83685.66,0,0,0,0,0,0
SENSEX.BSE_IDX,01/07/2025,09:10:40,83685.66,0,0,0,0,0,0
SENSEX.BSE_IDX,01/07/2025,09:10:41,83685.66,0,0,0,0,0,0
SENSEX.BSE_IDX,01/07/2025,09:10:42,83685.66,0,0,0,0,0,0
SENSEX.BSE_IDX,01/07/2025,09:10:43,83685.66,0,0,0,0,0,0
SENSEX.BSE_IDX,01/07/2025,09:10:44,83685.66,0,0,0,0,0,0
SENSEX.BSE_IDX,01/07/2025,09:10:45,83685.66,0,0,0,0,0,0
SENSEX.BSE_IDX,01/07/2025,09:10:46,83685.66,0,0,0,0,0,0
SENSEX.BSE_IDX,01/07/2025,09:10:47,83685.66,0,0,0,0,0,0
SENSEX.BSE_IDX,01/07/2025,09:10:48,83685.66,0,0,0,0,0,0
SENSEX.BSE_IDX,01/07/2025,09:10:49,83685.66,0,0,0,0,0,0
SENSEX.BSE_IDX,01/07/2025,09:10:50,83685.66,0,0,0,0,0,0
SENSEX.BSE_IDX,01/07/2025,09:10:51,83685.66,0,0,0,0,0,0
SENSEX.BSE_IDX,01/07/2025,09:10:52,83685.66,0,0,0,0,0,0
SENSEX.BSE_IDX,01/07/2025,09:10:53,83685.66,0,0,0,0,0,0
SENSEX.BSE_IDX,01/07/2025,09:10:54,83685.66,0,0,0,0,0,0
SENSEX.BSE_IDX,01/07/2025,09:10:55,83685.66,0,0,0,0,0,0
SENSEX.BSE_IDX,01/07/2025,09:10:56,83685.66,0,0,0,0,0,0
SENSEX.BSE_IDX,01/07/2025,09:10:57,83685.66,0,0,0,0,0,0
SENSEX.BSE_IDX,01/07/2025,09:10:58,83685.66,0,0,0,0,0,0
SENSEX.BSE_IDX,01/07/2025,09:10:59,83685.66,0,0,0,0,0,0
SENSEX.BSE_IDX,01/07/2025,09:11:00,83685.66,0,0,0,0,0,0
SENSEX.BSE_IDX,01/07/2025,09:11:01,83685.66,0,0,0,0,0,0
SENSEX.BSE_IDX,01/07/2025,09:11:02,83685.66,0,0,0,0,0,0
SENSEX.BSE_IDX,01/07/2025,09:11:03,83685.66,0,0,0,0,0,0
SENSEX.BSE_IDX,01/07/2025,09:11:04,83685.66,0,0,0,0,0,0
SENSEX.BSE_IDX,01/07/2025,09:11:05,83685.66,0,0,0,0,0,0
SENSEX.BSE_IDX,01/07/2025,09:11:06,83685.66,0,0,0,0,0,0
SENSEX.BSE_IDX,01/07/2025,09:11:07,83685.66,0,0,0,0,0,0
SENSEX.BSE_IDX,01/07/2025,09:11:08,83685.66,0,0,0,0,0,0
SENSEX.BSE_IDX,01/07/2025,09:11:09,83685.66,0,0,0,0,0,0
SENSEX.BSE_IDX,01/07/2025,09:11:10,83685.66,0,0,0,0,0,0
SENSEX.BSE_IDX,01/07/2025,09:11:11,83685.66,0,0,0,0,0,0
SENSEX.BSE_IDX,01/07/2025,09:11:12,83685.66,0,0,0,0,0,0
SENSEX.BSE_IDX,01/07/2025,09:11:13,83685.66,0,0,0,0,0,0
SENSEX.BSE_IDX,01/07/2025,09:11:14,83685.66,0,0,0,0,0,0
SENSEX.BSE_IDX,01/07/2025,09:11:15,83685.66,0,0,0,0,0,0
SENSEX.BSE_IDX,01/07/2025,09:11:16,83685.66,0,0,0,0,0,0
SENSEX.BSE_IDX,01/07/2025,09:11:17,83685.66,0,0,0,0,0,0
SENSEX.BSE_IDX,01/07/2025,09:11:18,83685.66,0,0,0,0,0,0
SENSEX.BSE_IDX,01/07/2025,09:11:19,83685.66,0,0,0,0,0,0
SENSEX.BSE_IDX,01/07/2025,09:11:20,83685.66,0,0,0,0,0,0
SENSEX.BSE_IDX,01/07/2025,09:11:21,83685.66,0,0,0,0,0,0
SENSEX.BSE_IDX,01/07/2025,09:11:22,83685.66,0,0,0,0,0,0
SENSEX.BSE_IDX,01/07/2025,09:11:23,83685.66,0,0,0,0,0,0
SENSEX.BSE_IDX,01/07/2025,09:11:24,83685.66,0,0,0,0,0,0
SENSEX.BSE_IDX,01/07/2025,09:11:25,83685.66,0,0,0,0,0,0
SENSEX.BSE_IDX,01/07/2025,09:11:26,83685.66,0,0,0,0,0,0
SENSEX.BSE_IDX,01/07/2025,09:11:27,83685.66,0,0,0,0,0,0
SENSEX.BSE_IDX,01/07/2025,09:11:28,83685.66,0,0,0,0,0,0
SENSEX.BSE_IDX,01/07/2025,09:11:29,83685.66,0,0,0,0,0,0
SENSEX.BSE_IDX,01/07/2025,09:11:30,83685.66,0,0,0,0,0,0
SENSEX.BSE_IDX,01/07/2025,09:11:32,83685.66,0,0,0,0,0,0
SENSEX.BSE_IDX,01/07/2025,09:11:32,83685.66,0,0,0,0,0,0
SENSEX.BSE_IDX,01/07/2025,09:11:33,83685.66,0,0,0,0,0,0
SENSEX.BSE_IDX,01/07/2025,09:11:34,83685.66,0,0,0,0,0,0
SENSEX.BSE_IDX,01/07/2025,09:11:35,83685.66,0,0,0,0,0,0
SENSEX.BSE_IDX,01/07/2025,09:11:36,83685.66,0,0,0,0,0,0
SENSEX.BSE_IDX,01/07/2025,09:11:37,83685.66,0,0,0,0,0,0
SENSEX.BSE_IDX,01/07/2025,09:11:38,83685.66,0,0,0,0,0,0
SENSEX.BSE_IDX,01/07/2025,09:11:39,83685.66,0,0,0,0,0,0
SENSEX.BSE_IDX,01/07/2025,09:11:40,83685.66,0,0,0,0,0,0
SENSEX.BSE_IDX,01/07/2025,09:11:41,83685.66,0,0,0,0,0,0
SENSEX.BSE_IDX,01/07/2025,09:11:42,83685.66,0,0,0,0,0,0
SENSEX.BSE_IDX,01/07/2025,09:11:43,83685.66,0,0,0,0,0,0
SENSEX.BSE_IDX,01/07/2025,09:11:44,83685.66,0,0,0,0,0,0
SENSEX.BSE_IDX,01/07/2025,09:11:45,83685.66,0,0,0,0,0,0
SENSEX.BSE_IDX,01/07/2025,09:11:46,83685.66,0,0,0,0,0,0
SENSEX.BSE_IDX,01/07/2025,09:11:47,83685.66,0,0,0,0,0,0
SENSEX.BSE_IDX,01/07/2025,09:11:48,83685.66,0,0,0,0,0,0
SENSEX.BSE_IDX,01/07/2025,09:11:49,83685.66,0,0,0,0,0,0
SENSEX.BSE_IDX,01/07/2025,09:11:50,83685.66,0,0,0,0,0,0
SENSEX.BSE_IDX,01/07/2025,09:11:51,83685.66,0,0,0,0,0,0
SENSEX.BSE_IDX,01/07/2025,09:11:52,83685.66,0,0,0,0,0,0
SENSEX.BSE_IDX,01/07/2025,09:11:54,83685.66,0,0,0,0,0,0
SENSEX.BSE_IDX,01/07/2025,09:11:54,83685.66,0,0,0,0,0,0
SENSEX.BSE_IDX,01/07/2025,09:11:55,83685.66,0,0,0,0,0,0
SENSEX.BSE_IDX,01/07/2025,09:11:56,83685.66,0,0,0,0,0,0
SENSEX.BSE_IDX,01/07/2025,09:11:57,83685.66,0,0,0,0,0,0
SENSEX.BSE_IDX,01/07/2025,09:11:58,83685.66,0,0,0,0,0,0
SENSEX.BSE_IDX,01/07/2025,09:11:59,83685.66,0,0,0,0,0,0
SENSEX.BSE_IDX,01/07/2025,09:12:00,83685.66,0,0,0,0,0,0
SENSEX.BSE_IDX,01/07/2025,09:12:01,83685.66,0,0,0,0,0,0
SENSEX.BSE_IDX,01/07/2025,09:12:02,83685.66,0,0,0,0,0,0
SENSEX.BSE_IDX,01/07/2025,09:12:03,83685.66,0,0,0,0,0,0
SENSEX.BSE_IDX,01/07/2025,09:12:04,83685.66,0,0,0,0,0,0
SENSEX.BSE_IDX,01/07/2025,09:12:05,83685.66,0,0,0,0,0,0
SENSEX.BSE_IDX,01/07/2025,09:12:06,83685.66,0,0,0,0,0,0
SENSEX.BSE_IDX,01/07/2025,09:12:07,83685.66,0,0,0,0,0,0
SENSEX.BSE_IDX,01/07/2025,09:12:08,83685.66,0,0,0,0,0,0
SENSEX.BSE_IDX,01/07/2025,09:12:09,83685.66,0,0,0,0,0,0
SENSEX.BSE_IDX,01/07/2025,09:12:10,83685.66,0,0,0,0,0,0
SENSEX.BSE_IDX,01/07/2025,09:12:11,83685.66,0,0,0,0,0,0
SENSEX.BSE_IDX,01/07/2025,09:12:12,83685.66,0,0,0,0,0,0
SENSEX.BSE_IDX,01/07/2025,09:12:13,83685.66,0,0,0,0,0,0
SENSEX.BSE_IDX,01/07/2025,09:12:14,83685.66,0,0,0,0,0,0
SENSEX.BSE_IDX,01/07/2025,09:12:16,83685.66,0,0,0,0,0,0
SENSEX.BSE_IDX,01/07/2025,09:12:16,83685.66,0,0,0,0,0,0
SENSEX.BSE_IDX,01/07/2025,09:12:17,83685.66,0,0,0,0,0,0
SENSEX.BSE_IDX,01/07/2025,09:12:18,83685.66,0,0,0,0,0,0
SENSEX.BSE_IDX,01/07/2025,09:12:19,83685.66,0,0,0,0,0,0
SENSEX.BSE_IDX,01/07/2025,09:12:20,83685.66,0,0,0,0,0,0
SENSEX.BSE_IDX,01/07/2025,09:12:21,83685.66,0,0,0,0,0,0
SENSEX.BSE_IDX,01/07/2025,09:12:22,83685.66,0,0,0,0,0,0
SENSEX.BSE_IDX,01/07/2025,09:12:23,83685.66,0,0,0,0,0,0
SENSEX.BSE_IDX,01/07/2025,09:12:24,83685.66,0,0,0,0,0,0
SENSEX.BSE_IDX,01/07/2025,09:12:25,83685.66,0,0,0,0,0,0
SENSEX.BSE_IDX,01/07/2025,09:12:26,83685.66,0,0,0,0,0,0
SENSEX.BSE_IDX,01/07/2025,09:12:27,83685.66,0,0,0,0,0,0
SENSEX.BSE_IDX,01/07/2025,09:12:28,83685.66,0,0,0,0,0,0
SENSEX.BSE_IDX,01/07/2025,09:12:29,83685.66,0,0,0,0,0,0
SENSEX.BSE_IDX,01/07/2025,09:12:30,83685.66,0,0,0,0,0,0
SENSEX.BSE_IDX,01/07/2025,09:12:31,83685.66,0,0,0,0,0,0
SENSEX.BSE_IDX,01/07/2025,09:12:33,83685.66,0,0,0,0,0,0
SENSEX.BSE_IDX,01/07/2025,09:12:33,83685.66,0,0,0,0,0,0
SENSEX.BSE_IDX,01/07/2025,09:12:34,83685.66,0,0,0,0,0,0
SENSEX.BSE_IDX,01/07/2025,09:12:35,83685.66,0,0,0,0,0,0
SENSEX.BSE_IDX,01/07/2025,09:12:36,83685.66,0,0,0,0,0,0
SENSEX.BSE_IDX,01/07/2025,09:12:37,83685.66,0,0,0,0,0,0
SENSEX.BSE_IDX,01/07/2025,09:12:38,83685.66,0,0,0,0,0,0
SENSEX.BSE_IDX,01/07/2025,09:12:39,83685.66,0,0,0,0,0,0
SENSEX.BSE_IDX,01/07/2025,09:12:40,83685.66,0,0,0,0,0,0
SENSEX.BSE_IDX,01/07/2025,09:12:41,83685.66,0,0,0,0,0,0
SENSEX.BSE_IDX,01/07/2025,09:12:42,83685.66,0,0,0,0,0,0
SENSEX.BSE_IDX,01/07/2025,09:12:43,83685.66,0,0,0,0,0,0
SENSEX.BSE_IDX,01/07/2025,09:12:44,83685.66,0,0,0,0,0,0
SENSEX.BSE_IDX,01/07/2025,09:12:45,83685.66,0,0,0,0,0,0
SENSEX.BSE_IDX,01/07/2025,09:12:47,83685.66,0,0,0,0,0,0
SENSEX.BSE_IDX,01/07/2025,09:12:47,83685.66,0,0,0,0,0,0
SENSEX.BSE_IDX,01/07/2025,09:12:48,83685.66,0,0,0,0,0,0
SENSEX.BSE_IDX,01/07/2025,09:12:49,83685.66,0,0,0,0,0,0
SENSEX.BSE_IDX,01/07/2025,09:12:50,83685.66,0,0,0,0,0,0
SENSEX.BSE_IDX,01/07/2025,09:12:51,83685.66,0,0,0,0,0,0
SENSEX.BSE_IDX,01/07/2025,09:12:52,83685.66,0,0,0,0,0,0
SENSEX.BSE_IDX,01/07/2025,09:12:53,83685.66,0,0,0,0,0,0
SENSEX.BSE_IDX,01/07/2025,09:12:54,83685.66,0,0,0,0,0,0
SENSEX.BSE_IDX,01/07/2025,09:12:55,83685.66,0,0,0,0,0,0
SENSEX.BSE_IDX,01/07/2025,09:12:57,83685.66,0,0,0,0,0,0
SENSEX.BSE_IDX,01/07/2025,09:12:57,83685.66,0,0,0,0,0,0
SENSEX.BSE_IDX,01/07/2025,09:12:58,83685.66,0,0,0,0,0,0
SENSEX.BSE_IDX,01/07/2025,09:12:59,83685.66,0,0,0,0,0,0
SENSEX.BSE_IDX,01/07/2025,09:13:00,83685.66,0,0,0,0,0,0
SENSEX.BSE_IDX,01/07/2025,09:13:01,83685.66,0,0,0,0,0,0
SENSEX.BSE_IDX,01/07/2025,09:13:02,83685.66,0,0,0,0,0,0
SENSEX.BSE_IDX,01/07/2025,09:13:03,83685.66,0,0,0,0,0,0
SENSEX.BSE_IDX,01/07/2025,09:13:04,83685.66,0,0,0,0,0,0
SENSEX.BSE_IDX,01/07/2025,09:13:05,83685.66,0,0,0,0,0,0
SENSEX.BSE_IDX,01/07/2025,09:13:06,83685.66,0,0,0,0,0,0
SENSEX.BSE_IDX,01/07/2025,09:13:07,83685.66,0,0,0,0,0,0
SENSEX.BSE_IDX,01/07/2025,09:13:08,83685.66,0,0,0,0,0,0
SENSEX.BSE_IDX,01/07/2025,09:13:09,83685.66,0,0,0,0,0,0
SENSEX.BSE_IDX,01/07/2025,09:13:10,83685.66,0,0,0,0,0,0
SENSEX.BSE_IDX,01/07/2025,09:13:11,83685.66,0,0,0,0,0,0
SENSEX.BSE_IDX,01/07/2025,09:13:12,83685.66,0,0,0,0,0,0
SENSEX.BSE_IDX,01/07/2025,09:13:13,83685.66,0,0,0,0,0,0
SENSEX.BSE_IDX,01/07/2025,09:13:14,83685.66,0,0,0,0,0,0
SENSEX.BSE_IDX,01/07/2025,09:13:15,83685.66,0,0,0,0,0,0
SENSEX.BSE_IDX,01/07/2025,09:13:16,83685.66,0,0,0,0,0,0
SENSEX.BSE_IDX,01/07/2025,09:13:17,83685.66,0,0,0,0,0,0
SENSEX.BSE_IDX,01/07/2025,09:13:18,83685.66,0,0,0,0,0,0
SENSEX.BSE_IDX,01/07/2025,09:13:19,83685.66,0,0,0,0,0,0
SENSEX.BSE_IDX,01/07/2025,09:13:20,83685.66,0,0,0,0,0,0
SENSEX.BSE_IDX,01/07/2025,09:13:21,83685.66,0,0,0,0,0,0
SENSEX.BSE_IDX,01/07/2025,09:13:22,83685.66,0,0,0,0,0,0
SENSEX.BSE_IDX,01/07/2025,09:13:23,83685.66,0,0,0,0,0,0
SENSEX.BSE_IDX,01/07/2025,09:13:24,83685.66,0,0,0,0,0,0
SENSEX.BSE_IDX,01/07/2025,09:13:25,83685.66,0,0,0,0,0,0
SENSEX.BSE_IDX,01/07/2025,09:13:26,83685.66,0,0,0,0,0,0
SENSEX.BSE_IDX,01/07/2025,09:13:27,83685.66,0,0,0,0,0,0
SENSEX.BSE_IDX,01/07/2025,09:13:28,83685.66,0,0,0,0,0,0
SENSEX.BSE_IDX,01/07/2025,09:13:29,83685.66,0,0,0,0,0,0
SENSEX.BSE_IDX,01/07/2025,09:13:30,83685.66,0,0,0,0,0,0
SENSEX.BSE_IDX,01/07/2025,09:13:31,83685.66,0,0,0,0,0,0
SENSEX.BSE_IDX,01/07/2025,09:13:32,83685.66,0,0,0,0,0,0
SENSEX.BSE_IDX,01/07/2025,09:13:33,83685.66,0,0,0,0,0,0
SENSEX.BSE_IDX,01/07/2025,09:13:34,83685.66,0,0,0,0,0,0
SENSEX.BSE_IDX,01/07/2025,09:13:35,83685.66,0,0,0,0,0,0
SENSEX.BSE_IDX,01/07/2025,09:13:36,83685.66,0,0,0,0,0,0
SENSEX.BSE_IDX,01/07/2025,09:13:37,83685.66,0,0,0,0,0,0
SENSEX.BSE_IDX,01/07/2025,09:13:38,83685.66,0,0,0,0,0,0
SENSEX.BSE_IDX,01/07/2025,09:13:39,83685.66,0,0,0,0,0,0
SENSEX.BSE_IDX,01/07/2025,09:13:40,83685.66,0,0,0,0,0,0
SENSEX.BSE_IDX,01/07/2025,09:13:41,83685.66,0,0,0,0,0,0
SENSEX.BSE_IDX,01/07/2025,09:13:42,83685.66,0,0,0,0,0,0
SENSEX.BSE_IDX,01/07/2025,09:13:43,83685.66,0,0,0,0,0,0
SENSEX.BSE_IDX,01/07/2025,09:13:44,83685.66,0,0,0,0,0,0
SENSEX.BSE_IDX,01/07/2025,09:13:45,83685.66,0,0,0,0,0,0
SENSEX.BSE_IDX,01/07/2025,09:13:46,83685.66,0,0,0,0,0,0
SENSEX.BSE_IDX,01/07/2025,09:13:47,83685.66,0,0,0,0,0,0
SENSEX.BSE_IDX,01/07/2025,09:13:48,83685.66,0,0,0,0,0,0
SENSEX.BSE_IDX,01/07/2025,09:13:49,83685.66,0,0,0,0,0,0
SENSEX.BSE_IDX,01/07/2025,09:13:50,83685.66,0,0,0,0,0,0
SENSEX.BSE_IDX,01/07/2025,09:13:51,83685.66,0,0,0,0,0,0
SENSEX.BSE_IDX,01/07/2025,09:13:52,83685.66,0,0,0,0,0,0
SENSEX.BSE_IDX,01/07/2025,09:13:53,83685.66,0,0,0,0,0,0
SENSEX.BSE_IDX,01/07/2025,09:13:54,83685.66,0,0,0,0,0,0
SENSEX.BSE_IDX,01/07/2025,09:13:55,83685.66,0,0,0,0,0,0
SENSEX.BSE_IDX,01/07/2025,09:13:56,83685.66,0,0,0,0,0,0
SENSEX.BSE_IDX,01/07/2025,09:13:57,83685.66,0,0,0,0,0,0
SENSEX.BSE_IDX,01/07/2025,09:13:59,83685.66,0,0,0,0,0,0
SENSEX.BSE_IDX,01/07/2025,09:13:59,83685.66,0,0,0,0,0,0
SENSEX.BSE_IDX,01/07/2025,09:14:00,83685.66,0,0,0,0,0,0
SENSEX.BSE_IDX,01/07/2025,09:14:01,83685.66,0,0,0,0,0,0
SENSEX.BSE_IDX,01/07/2025,09:14:02,83685.66,0,0,0,0,0,0
SENSEX.BSE_IDX,01/07/2025,09:14:03,83685.66,0,0,0,0,0,0
SENSEX.BSE_IDX,01/07/2025,09:14:04,83685.66,0,0,0,0,0,0
SENSEX.BSE_IDX,01/07/2025,09:14:05,83685.66,0,0,0,0,0,0
SENSEX.BSE_IDX,01/07/2025,09:14:06,83685.66,0,0,0,0,0,0
SENSEX.BSE_IDX,01/07/2025,09:14:07,83685.66,0,0,0,0,0,0
SENSEX.BSE_IDX,01/07/2025,09:14:08,83685.66,0,0,0,0,0,0
SENSEX.BSE_IDX,01/07/2025,09:14:09,83685.66,0,0,0,0,0,0
SENSEX.BSE_IDX,01/07/2025,09:14:12,83685.66,0,0,0,0,0,0
SENSEX.BSE_IDX,01/07/2025,09:14:12,83685.66,0,0,0,0,0,0
SENSEX.BSE_IDX,01/07/2025,09:14:12,83685.66,0,0,0,0,0,0
SENSEX.BSE_IDX,01/07/2025,09:14:13,83685.66,0,0,0,0,0,0
SENSEX.BSE_IDX,01/07/2025,09:14:14,83685.66,0,0,0,0,0,0
SENSEX.BSE_IDX,01/07/2025,09:14:15,83685.66,0,0,0,0,0,0
SENSEX.BSE_IDX,01/07/2025,09:14:16,83685.66,0,0,0,0,0,0
SENSEX.BSE_IDX,01/07/2025,09:14:17,83685.66,0,0,0,0,0,0
SENSEX.BSE_IDX,01/07/2025,09:14:18,83685.66,0,0,0,0,0,0
SENSEX.BSE_IDX,01/07/2025,09:14:19,83685.66,0,0,0,0,0,0
SENSEX.BSE_IDX,01/07/2025,09:14:20,83685.66,0,0,0,0,0,0
SENSEX.BSE_IDX,01/07/2025,09:14:21,83685.66,0,0,0,0,0,0
SENSEX.BSE_IDX,01/07/2025,09:14:23,83685.66,0,0,0,0,0,0
SENSEX.BSE_IDX,01/07/2025,09:14:23,83685.66,0,0,0,0,0,0
SENSEX.BSE_IDX,01/07/2025,09:14:24,83685.66,0,0,0,0,0,0
SENSEX.BSE_IDX,01/07/2025,09:14:25,83685.66,0,0,0,0,0,0
SENSEX.BSE_IDX,01/07/2025,09:14:26,83685.66,0,0,0,0,0,0
SENSEX.BSE_IDX,01/07/2025,09:14:27,83685.66,0,0,0,0,0,0
SENSEX.BSE_IDX,01/07/2025,09:14:28,83685.66,0,0,0,0,0,0
SENSEX.BSE_IDX,01/07/2025,09:14:29,83685.66,0,0,0,0,0,0
SENSEX.BSE_IDX,01/07/2025,09:14:30,83685.66,0,0,0,0,0,0
SENSEX.BSE_IDX,01/07/2025,09:14:31,83685.66,0,0,0,0,0,0
SENSEX.BSE_IDX,01/07/2025,09:14:32,83685.66,0,0,0,0,0,0
SENSEX.BSE_IDX,01/07/2025,09:14:33,83685.66,0,0,0,0,0,0
SENSEX.BSE_IDX,01/07/2025,09:14:34,83685.66,0,0,0,0,0,0
SENSEX.BSE_IDX,01/07/2025,09:14:36,83685.66,0,0,0,0,0,0
SENSEX.BSE_IDX,01/07/2025,09:14:36,83685.66,0,0,0,0,0,0
SENSEX.BSE_IDX,01/07/2025,09:14:37,83685.66,0,0,0,0,0,0
SENSEX.BSE_IDX,01/07/2025,09:14:38,83685.66,0,0,0,0,0,0
SENSEX.BSE_IDX,01/07/2025,09:14:39,83685.66,0,0,0,0,0,0
SENSEX.BSE_IDX,01/07/2025,09:14:40,83685.66,0,0,0,0,0,0
SENSEX.BSE_IDX,01/07/2025,09:14:41,83685.66,0,0,0,0,0,0
SENSEX.BSE_IDX,01/07/2025,09:14:42,83685.66,0,0,0,0,0,0
SENSEX.BSE_IDX,01/07/2025,09:14:43,83685.66,0,0,0,0,0,0
SENSEX.BSE_IDX,01/07/2025,09:14:44,83685.66,0,0,0,0,0,0
SENSEX.BSE_IDX,01/07/2025,09:14:45,83685.66,0,0,0,0,0,0
SENSEX.BSE_IDX,01/07/2025,09:14:46,83685.66,0,0,0,0,0,0
SENSEX.BSE_IDX,01/07/2025,09:14:49,83685.66,0,0,0,0,0,0
SENSEX.BSE_IDX,01/07/2025,09:14:49,83685.66,0,0,0,0,0,0
SENSEX.BSE_IDX,01/07/2025,09:14:49,83685.66,0,0,0,0,0,0
SENSEX.BSE_IDX,01/07/2025,09:14:50,83685.66,0,0,0,0,0,0
SENSEX.BSE_IDX,01/07/2025,09:14:51,83685.66,0,0,0,0,0,0
SENSEX.BSE_IDX,01/07/2025,09:14:52,83685.66,0,0,0,0,0,0
SENSEX.BSE_IDX,01/07/2025,09:14:54,83685.66,0,0,0,0,0,0
SENSEX.BSE_IDX,01/07/2025,09:14:54,83685.66,0,0,0,0,0,0
SENSEX.BSE_IDX,01/07/2025,09:14:55,83685.66,0,0,0,0,0,0
SENSEX.BSE_IDX,01/07/2025,09:14:57,83685.66,0,0,0,0,0,0
SENSEX.BSE_IDX,01/07/2025,09:14:57,83685.66,0,0,0,0,0,0
SENSEX.BSE_IDX,01/07/2025,09:14:58,83685.66,0,0,0,0,0,0
SENSEX.BSE_IDX,01/07/2025,09:14:59,83685.66,0,0,0,0,0,0
SENSEX.BSE_IDX,01/07/2025,09:15:01,83753.23,0,0,0,0,0,0
SENSEX.BSE_IDX,01/07/2025,09:15:03,83764.18,0,0,0,0,0,0
SENSEX.BSE_IDX,01/07/2025,09:15:03,83764,0,0,0,0,0,0
SENSEX.BSE_IDX,01/07/2025,09:15:04,83737.74,0,0,0,0,0,0
SENSEX.BSE_IDX,01/07/2025,09:15:04,83755.9,0,0,0,0,0,0
SENSEX.BSE_IDX,01/07/2025,09:15:05,83730.11,0,0,0,0,0,0
SENSEX.BSE_IDX,01/07/2025,09:15:06,83738.23,0,0,0,0,0,0
SENSEX.BSE_IDX,01/07/2025,09:15:09,83746.6,0,0,0,0,0,0
SENSEX.BSE_IDX,01/07/2025,09:15:10,83762.12,0,0,0,0,0,0
SENSEX.BSE_IDX,01/07/2025,09:15:10,83768.97,0,0,0,0,0,0
SENSEX.BSE_IDX,01/07/2025,09:15:11,83768.4,0,0,0,0,0,0
SENSEX.BSE_IDX,01/07/2025,09:15:11,83760.81,0,0,0,0,0,0
SENSEX.BSE_IDX,01/07/2025,09:15:12,83758.8,0,0,0,0,0,0
SENSEX.BSE_IDX,01/07/2025,09:15:14,83766.31,0,0,0,0,0,0
SENSEX.BSE_IDX,01/07/2025,09:15:15,83781.51,0,0,0,0,0,0
SENSEX.BSE_IDX,01/07/2025,09:15:16,83772.37,0,0,0,0,0,0
SENSEX.BSE_IDX,01/07/2025,09:15:16,83750.7,0,0,0,0,0,0
SENSEX.BSE_IDX,01/07/2025,09:15:17,83754.16,0,0,0,0,0,0
SENSEX.BSE_IDX,01/07/2025,09:15:18,83747.32,0,0,0,0,0,0
SENSEX.BSE_IDX,01/07/2025,09:15:19,83724.95,0,0,0,0,0,0
SENSEX.BSE_IDX,01/07/2025,09:15:20,83737.82,0,0,0,0,0,0
SENSEX.BSE_IDX,01/07/2025,09:15:22,83730.46,0,0,0,0,0,0
SENSEX.BSE_IDX,01/07/2025,09:15:22,83724.39,0,0,0,0,0,0
SENSEX.BSE_IDX,01/07/2025,09:15:23,83724.97,0,0,0,0,0,0
SENSEX.BSE_IDX,01/07/2025,09:15:25,83709.61,0,0,0,0,0,0
SENSEX.BSE_IDX,01/07/2025,09:15:26,83709.41,0,0,0,0,0,0
SENSEX.BSE_IDX,01/07/2025,09:15:27,83692.63,0,0,0,0,0,0
SENSEX.BSE_IDX,01/07/2025,09:15:27,83696.49,0,0,0,0,0,0
SENSEX.BSE_IDX,01/07/2025,09:15:30,83703.41,0,0,0,0,0,0
SENSEX.BSE_IDX,01/07/2025,09:15:30,83699.34,0,0,0,0,0,0
SENSEX.BSE_IDX,01/07/2025,09:15:31,83690.09,0,0,0,0,0,0
SENSEX.BSE_IDX,01/07/2025,09:15:32,83697.65,0,0,0,0,0,0
SENSEX.BSE_IDX,01/07/2025,09:15:33,83685.07,0,0,0,0,0,0
SENSEX.BSE_IDX,01/07/2025,09:15:34,83692.65,0,0,0,0,0,0
SENSEX.BSE_IDX,01/07/2025,09:15:35,83693.02,0,0,0,0,0,0
SENSEX.BSE_IDX,01/07/2025,09:15:36,83688.07,0,0,0,0,0,0
SENSEX.BSE_IDX,01/07/2025,09:15:37,83684.89,0,0,0,0,0,0
SENSEX.BSE_IDX,01/07/2025,09:15:38,83683.27,0,0,0,0,0,0
SENSEX.BSE_IDX,01/07/2025,09:15:39,83684.64,0,0,0,0,0,0
SENSEX.BSE_IDX,01/07/2025,09:15:41,83676.05,0,0,0,0,0,0
SENSEX.BSE_IDX,01/07/2025,09:15:41,83675.33,0,0,0,0,0,0
SENSEX.BSE_IDX,01/07/2025,09:15:42,83670.41,0,0,0,0,0,0
SENSEX.BSE_IDX,01/07/2025,09:15:43,83679.4,0,0,0,0,0,0
SENSEX.BSE_IDX,01/07/2025,09:15:44,83671.91,0,0,0,0,0,0
SENSEX.BSE_IDX,01/07/2025,09:15:45,83667.78,0,0,0,0,0,0
SENSEX.BSE_IDX,01/07/2025,09:15:46,83654.79,0,0,0,0,0,0
SENSEX.BSE_IDX,01/07/2025,09:15:47,83658.79,0,0,0,0,0,0
SENSEX.BSE_IDX,01/07/2025,09:15:48,83654.71,0,0,0,0,0,0
SENSEX.BSE_IDX,01/07/2025,09:15:49,83654.69,0,0,0,0,0,0
SENSEX.BSE_IDX,01/07/2025,09:15:50,83653.86,0,0,0,0,0,0
SENSEX.BSE_IDX,01/07/2025,09:15:51,83655.09,0,0,0,0,0,0
SENSEX.BSE_IDX,01/07/2025,09:15:52,83648.38,0,0,0,0,0,0
SENSEX.BSE_IDX,01/07/2025,09:15:53,83634.88,0,0,0,0,0,0
SENSEX.BSE_IDX,01/07/2025,09:15:54,83632.93,0,0,0,0,0,0
SENSEX.BSE_IDX,01/07/2025,09:15:55,83631.08,0,0,0,0,0,0
SENSEX.BSE_IDX,01/07/2025,09:15:56,83630.55,0,0,0,0,0,0
SENSEX.BSE_IDX,01/07/2025,09:15:57,83627.39,0,0,0,0,0,0
SENSEX.BSE_IDX,01/07/2025,09:15:58,83626.33,0,0,0,0,0,0
SENSEX.BSE_IDX,01/07/2025,09:15:59,83623.53,0,0,0,0,0,0
SENSEX.BSE_IDX,01/07/2025,09:16:00,83627.51,0,0,0,0,0,0
SENSEX.BSE_IDX,01/07/2025,09:16:01,83631.94,0,0,0,0,0,0
SENSEX.BSE_IDX,01/07/2025,09:16:03,83633.52,0,0,0,0,0,0
SENSEX.BSE_IDX,01/07/2025,09:16:03,83636.03,0,0,0,0,0,0
SENSEX.BSE_IDX,01/07/2025,09:16:04,83641.09,0,0,0,0,0,0
SENSEX.BSE_IDX,01/07/2025,09:16:05,83636.56,0,0,0,0,0,0
SENSEX.BSE_IDX,01/07/2025,09:16:06,83634.29,0,0,0,0,0,0
SENSEX.BSE_IDX,01/07/2025,09:16:07,83624.39,0,0,0,0,0,0
SENSEX.BSE_IDX,01/07/2025,09:16:08,83627,0,0,0,0,0,0
SENSEX.BSE_IDX,01/07/2025,09:16:09,83630.68,0,0,0,0,0,0
SENSEX.BSE_IDX,01/07/2025,09:16:10,83660.9,0,0,0,0,0,0
SENSEX.BSE_IDX,01/07/2025,09:16:11,83651.12,0,0,0,0,0,0
SENSEX.BSE_IDX,01/07/2025,09:16:12,83649.98,0,0,0,0,0,0
SENSEX.BSE_IDX,01/07/2025,09:16:13,83646.98,0,0,0,0,0,0
SENSEX.BSE_IDX,01/07/2025,09:16:14,83641.27,0,0,0,0,0,0
SENSEX.BSE_IDX,01/07/2025,09:16:15,83643.14,0,0,0,0,0,0
SENSEX.BSE_IDX,01/07/2025,09:16:16,83652.34,0,0,0,0,0,0
SENSEX.BSE_IDX,01/07/2025,09:16:17,83659.56,0,0,0,0,0,0
SENSEX.BSE_IDX,01/07/2025,09:16:18,83655.81,0,0,0,0,0,0
SENSEX.BSE_IDX,01/07/2025,09:16:19,83654.49,0,0,0,0,0,0
SENSEX.BSE_IDX,01/07/2025,09:16:20,83649.13,0,0,0,0,0,0
SENSEX.BSE_IDX,01/07/2025,09:16:21,83649.51,0,0,0,0,0,0
SENSEX.BSE_IDX,01/07/2025,09:16:22,83655.59,0,0,0,0,0,0
SENSEX.BSE_IDX,01/07/2025,09:16:23,83657.93,0,0,0,0,0,0
SENSEX.BSE_IDX,01/07/2025,09:16:25,83656.81,0,0,0,0,0,0
SENSEX.BSE_IDX,01/07/2025,09:16:25,83639.26,0,0,0,0,0,0
SENSEX.BSE_IDX,01/07/2025,09:16:26,83640.74,0,0,0,0,0,0
SENSEX.BSE_IDX,01/07/2025,09:16:27,83648.38,0,0,0,0,0,0
SENSEX.BSE_IDX,01/07/2025,09:16:28,83642.88,0,0,0,0,0,0
SENSEX.BSE_IDX,01/07/2025,09:16:29,83646.34,0,0,0,0,0,0
SENSEX.BSE_IDX,01/07/2025,09:16:30,83646.05,0,0,0,0,0,0
SENSEX.BSE_IDX,01/07/2025,09:16:31,83643.05,0,0,0,0,0,0
SENSEX.BSE_IDX,01/07/2025,09:16:32,83643.66,0,0,0,0,0,0
SENSEX.BSE_IDX,01/07/2025,09:16:33,83647.53,0,0,0,0,0,0
SENSEX.BSE_IDX,01/07/2025,09:16:34,83649.01,0,0,0,0,0,0
SENSEX.BSE_IDX,01/07/2025,09:16:36,83645.69,0,0,0,0,0,0
SENSEX.BSE_IDX,01/07/2025,09:16:36,83654.5,0,0,0,0,0,0
SENSEX.BSE_IDX,01/07/2025,09:16:37,83635.56,0,0,0,0,0,0
SENSEX.BSE_IDX,01/07/2025,09:16:38,83646.07,0,0,0,0,0,0
SENSEX.BSE_IDX,01/07/2025,09:16:39,83646.29,0,0,0,0,0,0
SENSEX.BSE_IDX,01/07/2025,09:16:40,83645,0,0,0,0,0,0
SENSEX.BSE_IDX,01/07/2025,09:16:41,83639.7,0,0,0,0,0,0
SENSEX.BSE_IDX,01/07/2025,09:16:42,83634.72,0,0,0,0,0,0
SENSEX.BSE_IDX,01/07/2025,09:16:43,83641.97,0,0,0,0,0,0
SENSEX.BSE_IDX,01/07/2025,09:16:44,83641.09,0,0,0,0,0,0
SENSEX.BSE_IDX,01/07/2025,09:16:45,83620.72,0,0,0,0,0,0
SENSEX.BSE_IDX,01/07/2025,09:16:46,83604.52,0,0,0,0,0,0
SENSEX.BSE_IDX,01/07/2025,09:16:47,83607.84,0,0,0,0,0,0
SENSEX.BSE_IDX,01/07/2025,09:16:48,83610.58,0,0,0,0,0,0
SENSEX.BSE_IDX,01/07/2025,09:16:49,83606.69,0,0,0,0,0,0
SENSEX.BSE_IDX,01/07/2025,09:16:50,83615.23,0,0,0,0,0,0
SENSEX.BSE_IDX,01/07/2025,09:16:51,83614.14,0,0,0,0,0,0
SENSEX.BSE_IDX,01/07/2025,09:16:52,83618.71,0,0,0,0,0,0
SENSEX.BSE_IDX,01/07/2025,09:16:53,83621.05,0,0,0,0,0,0
SENSEX.BSE_IDX,01/07/2025,09:16:54,83625.56,0,0,0,0,0,0
SENSEX.BSE_IDX,01/07/2025,09:16:55,83625.91,0,0,0,0,0,0
SENSEX.BSE_IDX,01/07/2025,09:16:56,83616.73,0,0,0,0,0,0
SENSEX.BSE_IDX,01/07/2025,09:16:57,83624.08,0,0,0,0,0,0
SENSEX.BSE_IDX,01/07/2025,09:16:58,83624.84,0,0,0,0,0,0
SENSEX.BSE_IDX,01/07/2025,09:16:59,83624.92,0,0,0,0,0,0
SENSEX.BSE_IDX,01/07/2025,09:17:00,83620.4,0,0,0,0,0,0
SENSEX.BSE_IDX,01/07/2025,09:17:01,83604.93,0,0,0,0,0,0
SENSEX.BSE_IDX,01/07/2025,09:17:02,83613.81,0,0,0,0,0,0
SENSEX.BSE_IDX,01/07/2025,09:17:03,83613.34,0,0,0,0,0,0
SENSEX.BSE_IDX,01/07/2025,09:17:04,83621.21,0,0,0,0,0,0
SENSEX.BSE_IDX,01/07/2025,09:17:05,83619.87,0,0,0,0,0,0
SENSEX.BSE_IDX,01/07/2025,09:17:06,83611.39,0,0,0,0,0,0
SENSEX.BSE_IDX,01/07/2025,09:17:07,83598.75,0,0,0,0,0,0
SENSEX.BSE_IDX,01/07/2025,09:17:08,83603.46,0,0,0,0,0,0
SENSEX.BSE_IDX,01/07/2025,09:17:09,83602.78,0,0,0,0,0,0
SENSEX.BSE_IDX,01/07/2025,09:17:10,83605.38,0,0,0,0,0,0
SENSEX.BSE_IDX,01/07/2025,09:17:12,83601.6,0,0,0,0,0,0
SENSEX.BSE_IDX,01/07/2025,09:17:12,83610.32,0,0,0,0,0,0
SENSEX.BSE_IDX,01/07/2025,09:17:13,83605.42,0,0,0,0,0,0
SENSEX.BSE_IDX,01/07/2025,09:17:14,83608.27,0,0,0,0,0,0
SENSEX.BSE_IDX,01/07/2025,09:17:15,83605.32,0,0,0,0,0,0
SENSEX.BSE_IDX,01/07/2025,09:17:16,83603.64,0,0,0,0,0,0
SENSEX.BSE_IDX,01/07/2025,09:17:17,83606.06,0,0,0,0,0,0
SENSEX.BSE_IDX,01/07/2025,09:17:18,83599.92,0,0,0,0,0,0
SENSEX.BSE_IDX,01/07/2025,09:17:19,83603.21,0,0,0,0,0,0
SENSEX.BSE_IDX,01/07/2025,09:17:20,83608.57,0,0,0,0,0,0
SENSEX.BSE_IDX,01/07/2025,09:17:22,83614.33,0,0,0,0,0,0
SENSEX.BSE_IDX,01/07/2025,09:17:22,83616.27,0,0,0,0,0,0
SENSEX.BSE_IDX,01/07/2025,09:17:23,83617.81,0,0,0,0,0,0
SENSEX.BSE_IDX,01/07/2025,09:17:25,83615.59,0,0,0,0,0,0
SENSEX.BSE_IDX,01/07/2025,09:17:26,83622.15,0,0,0,0,0,0
SENSEX.BSE_IDX,01/07/2025,09:17:27,83615.31,0,0,0,0,0,0
SENSEX.BSE_IDX,01/07/2025,09:17:28,83619.29,0,0,0,0,0,0
SENSEX.BSE_IDX,01/07/2025,09:17:29,83619.29,0,0,0,0,0,0
SENSEX.BSE_IDX,01/07/2025,09:17:30,83613.46,0,0,0,0,0,0
SENSEX.BSE_IDX,01/07/2025,09:17:31,83614.14,0,0,0,0,0,0
SENSEX.BSE_IDX,01/07/2025,09:17:33,83615.08,0,0,0,0,0,0
SENSEX.BSE_IDX,01/07/2025,09:17:33,83639.4,0,0,0,0,0,0
SENSEX.BSE_IDX,01/07/2025,09:17:34,83639.89,0,0,0,0,0,0
SENSEX.BSE_IDX,01/07/2025,09:17:35,83638.76,0,0,0,0,0,0
SENSEX.BSE_IDX,01/07/2025,09:17:36,83631.37,0,0,0,0,0,0
SENSEX.BSE_IDX,01/07/2025,09:17:37,83632.08,0,0,0,0,0,0
SENSEX.BSE_IDX,01/07/2025,09:17:38,83635.99,0,0,0,0,0,0
SENSEX.BSE_IDX,01/07/2025,09:17:39,83640.66,0,0,0,0,0,0
SENSEX.BSE_IDX,01/07/2025,09:17:40,83650.2,0,0,0,0,0,0
SENSEX.BSE_IDX,01/07/2025,09:17:41,83657.46,0,0,0,0,0,0
SENSEX.BSE_IDX,01/07/2025,09:17:43,83654.54,0,0,0,0,0,0
SENSEX.BSE_IDX,01/07/2025,09:17:44,83657.5,0,0,0,0,0,0
SENSEX.BSE_IDX,01/07/2025,09:17:44,83654.57,0,0,0,0,0,0
SENSEX.BSE_IDX,01/07/2025,09:17:45,83655.17,0,0,0,0,0,0
SENSEX.BSE_IDX,01/07/2025,09:17:46,83658.46,0,0,0,0,0,0
SENSEX.BSE_IDX,01/07/2025,09:17:47,83661.65,0,0,0,0,0,0
SENSEX.BSE_IDX,01/07/2025,09:17:48,83659.84,0,0,0,0,0,0
SENSEX.BSE_IDX,01/07/2025,09:17:49,83659.05,0,0,0,0,0,0
SENSEX.BSE_IDX,01/07/2025,09:17:50,83665.66,0,0,0,0,0,0
SENSEX.BSE_IDX,01/07/2025,09:17:51,83672.03,0,0,0,0,0,0
SENSEX.BSE_IDX,01/07/2025,09:17:52,83672.84,0,0,0,0,0,0
SENSEX.BSE_IDX,01/07/2025,09:17:53,83669.6,0,0,0,0,0,0
SENSEX.BSE_IDX,01/07/2025,09:17:54,83666.84,0,0,0,0,0,0
SENSEX.BSE_IDX,01/07/2025,09:17:55,83664.24,0,0,0,0,0,0
SENSEX.BSE_IDX,01/07/2025,09:17:57,83662.42,0,0,0,0,0,0
SENSEX.BSE_IDX,01/07/2025,09:17:58,83660.35,0,0,0,0,0,0
SENSEX.BSE_IDX,01/07/2025,09:17:58,83662.59,0,0,0,0,0,0
SENSEX.BSE_IDX,01/07/2025,09:17:59,83661.72,0,0,0,0,0,0
SENSEX.BSE_IDX,01/07/2025,09:18:00,83664.43,0,0,0,0,0,0
SENSEX.BSE_IDX,01/07/2025,09:18:01,83665.34,0,0,0,0,0,0
SENSEX.BSE_IDX,01/07/2025,09:18:02,83668.34,0,0,0,0,0,0
SENSEX.BSE_IDX,01/07/2025,09:18:03,83679.89,0,0,0,0,0,0
SENSEX.BSE_IDX,01/07/2025,09:18:04,83679.74,0,0,0,0,0,0
SENSEX.BSE_IDX,01/07/2025,09:18:05,83678.63,0,0,0,0,0,0
SENSEX.BSE_IDX,01/07/2025,09:18:06,83680.06,0,0,0,0,0,0
SENSEX.BSE_IDX,01/07/2025,09:18:07,83677.83,0,0,0,0,0,0
SENSEX.BSE_IDX,01/07/2025,09:18:08,83685.97,0,0,0,0,0,0
SENSEX.BSE_IDX,01/07/2025,09:18:09,83685.08,0,0,0,0,0,0
SENSEX.BSE_IDX,01/07/2025,09:18:10,83692.25,0,0,0,0,0,0
SENSEX.BSE_IDX,01/07/2025,09:18:11,83690.94,0,0,0,0,0,0
SENSEX.BSE_IDX,01/07/2025,09:18:12,83692.04,0,0,0,0,0,0
SENSEX.BSE_IDX,01/07/2025,09:18:13,83687.62,0,0,0,0,0,0
SENSEX.BSE_IDX,01/07/2025,09:18:14,83689.74,0,0,0,0,0,0
SENSEX.BSE_IDX,01/07/2025,09:18:15,83688.97,0,0,0,0,0,0
SENSEX.BSE_IDX,01/07/2025,09:18:16,83691.14,0,0,0,0,0,0
SENSEX.BSE_IDX,01/07/2025,09:18:17,83691.84,0,0,0,0,0,0
SENSEX.BSE_IDX,01/07/2025,09:18:18,83686.67,0,0,0,0,0,0
SENSEX.BSE_IDX,01/07/2025,09:18:19,83690.14,0,0,0,0,0,0
SENSEX.BSE_IDX,01/07/2025,09:18:20,83692.2,0,0,0,0,0,0
SENSEX.BSE_IDX,01/07/2025,09:18:21,83686.95,0,0,0,0,0,0
SENSEX.BSE_IDX,01/07/2025,09:18:22,83686.72,0,0,0,0,0,0
SENSEX.BSE_IDX,01/07/2025,09:18:23,83683.18,0,0,0,0,0,0
SENSEX.BSE_IDX,01/07/2025,09:18:24,83698.28,0,0,0,0,0,0
SENSEX.BSE_IDX,01/07/2025,09:18:25,83696.06,0,0,0,0,0,0
SENSEX.BSE_IDX,01/07/2025,09:18:26,83687.57,0,0,0,0,0,0
SENSEX.BSE_IDX,01/07/2025,09:18:27,83680.14,0,0,0,0,0,0
SENSEX.BSE_IDX,01/07/2025,09:18:28,83682.57,0,0,0,0,0,0
SENSEX.BSE_IDX,01/07/2025,09:18:29,83681.2,0,0,0,0,0,0
SENSEX.BSE_IDX,01/07/2025,09:18:30,83686.27,0,0,0,0,0,0
SENSEX.BSE_IDX,01/07/2025,09:18:31,83687.26,0,0,0,0,0,0
SENSEX.BSE_IDX,01/07/2025,09:18:32,83685.5,0,0,0,0,0,0
SENSEX.BSE_IDX,01/07/2025,09:18:33,83695.31,0,0,0,0,0,0
SENSEX.BSE_IDX,01/07/2025,09:18:34,83696.38,0,0,0,0,0,0
SENSEX.BSE_IDX,01/07/2025,09:18:35,83693.64,0,0,0,0,0,0
SENSEX.BSE_IDX,01/07/2025,09:18:36,83698.48,0,0,0,0,0,0
SENSEX.BSE_IDX,01/07/2025,09:18:37,83695.59,0,0,0,0,0,0
SENSEX.BSE_IDX,01/07/2025,09:18:38,83694.62,0,0,0,0,0,0
SENSEX.BSE_IDX,01/07/2025,09:18:39,83692.69,0,0,0,0,0,0
SENSEX.BSE_IDX,01/07/2025,09:18:40,83698.48,0,0,0,0,0,0
SENSEX.BSE_IDX,01/07/2025,09:18:41,83694.44,0,0,0,0,0,0
SENSEX.BSE_IDX,01/07/2025,09:18:43,83692.45,0,0,0,0,0,0
SENSEX.BSE_IDX,01/07/2025,09:18:43,83691.87,0,0,0,0,0,0
SENSEX.BSE_IDX,01/07/2025,09:18:44,83693.47,0,0,0,0,0,0
SENSEX.BSE_IDX,01/07/2025,09:18:45,83692.19,0,0,0,0,0,0
SENSEX.BSE_IDX,01/07/2025,09:18:46,83688.3,0,0,0,0,0,0
SENSEX.BSE_IDX,01/07/2025,09:18:47,83688.53,0,0,0,0,0,0
SENSEX.BSE_IDX,01/07/2025,09:18:48,83697.26,0,0,0,0,0,0
SENSEX.BSE_IDX,01/07/2025,09:18:49,83696.81,0,0,0,0,0,0
SENSEX.BSE_IDX,01/07/2025,09:18:50,83700.86,0,0,0,0,0,0
SENSEX.BSE_IDX,01/07/2025,09:18:51,83701.3,0,0,0,0,0,0
SENSEX.BSE_IDX,01/07/2025,09:18:52,83697.63,0,0,0,0,0,0
SENSEX.BSE_IDX,01/07/2025,09:18:53,83691.76,0,0,0,0,0,0
SENSEX.BSE_IDX,01/07/2025,09:18:54,83693.34,0,0,0,0,0,0
SENSEX.BSE_IDX,01/07/2025,09:18:56,83697.29,0,0,0,0,0,0
SENSEX.BSE_IDX,01/07/2025,09:18:56,83692.71,0,0,0,0,0,0
SENSEX.BSE_IDX,01/07/2025,09:18:57,83691.58,0,0,0,0,0,0
SENSEX.BSE_IDX,01/07/2025,09:18:58,83689.59,0,0,0,0,0,0
SENSEX.BSE_IDX,01/07/2025,09:18:59,83687.11,0,0,0,0,0,0
SENSEX.BSE_IDX,01/07/2025,09:19:00,83686.66,0,0,0,0,0,0
SENSEX.BSE_IDX,01/07/2025,09:19:01,83686.23,0,0,0,0,0,0
SENSEX.BSE_IDX,01/07/2025,09:19:02,83690.55,0,0,0,0,0,0
SENSEX.BSE_IDX,01/07/2025,09:19:03,83690.79,0,0,0,0,0,0
SENSEX.BSE_IDX,01/07/2025,09:19:04,83692.05,0,0,0,0,0,0
SENSEX.BSE_IDX,01/07/2025,09:19:06,83687.53,0,0,0,0,0,0
SENSEX.BSE_IDX,01/07/2025,09:19:07,83691.06,0,0,0,0,0,0
SENSEX.BSE_IDX,01/07/2025,09:19:07,83689.43,0,0,0,0,0,0
SENSEX.BSE_IDX,01/07/2025,09:19:08,83689.25,0,0,0,0,0,0
SENSEX.BSE_IDX,01/07/2025,09:19:09,83678.83,0,0,0,0,0,0
SENSEX.BSE_IDX,01/07/2025,09:19:10,83667.91,0,0,0,0,0,0
SENSEX.BSE_IDX,01/07/2025,09:19:11,83673.19,0,0,0,0,0,0
SENSEX.BSE_IDX,01/07/2025,09:19:12,83685.73,0,0,0,0,0,0
SENSEX.BSE_IDX,01/07/2025,09:19:13,83686.04,0,0,0,0,0,0
SENSEX.BSE_IDX,01/07/2025,09:19:14,83685.12,0,0,0,0,0,0
SENSEX.BSE_IDX,01/07/2025,09:19:15,83684.67,0,0,0,0,0,0
SENSEX.BSE_IDX,01/07/2025,09:19:16,83684.24,0,0,0,0,0,0
SENSEX.BSE_IDX,01/07/2025,09:19:17,83682.02,0,0,0,0,0,0
SENSEX.BSE_IDX,01/07/2025,09:19:18,83682.1,0,0,0,0,0,0
SENSEX.BSE_IDX,01/07/2025,09:19:19,83678.43,0,0,0,0,0,0
SENSEX.BSE_IDX,01/07/2025,09:19:20,83686.83,0,0,0,0,0,0
SENSEX.BSE_IDX,01/07/2025,09:19:21,83686.89,0,0,0,0,0,0
SENSEX.BSE_IDX,01/07/2025,09:19:22,83686.05,0,0,0,0,0,0
SENSEX.BSE_IDX,01/07/2025,09:19:23,83691.21,0,0,0,0,0,0
SENSEX.BSE_IDX,01/07/2025,09:19:24,83684.3,0,0,0,0,0,0
SENSEX.BSE_IDX,01/07/2025,09:19:25,83676.65,0,0,0,0,0,0
SENSEX.BSE_IDX,01/07/2025,09:19:26,83676.15,0,0,0,0,0,0
SENSEX.BSE_IDX,01/07/2025,09:19:27,83680.71,0,0,0,0,0,0
SENSEX.BSE_IDX,01/07/2025,09:19:28,83676.73,0,0,0,0,0,0
SENSEX.BSE_IDX,01/07/2025,09:19:29,83678.01,0,0,0,0,0,0
SENSEX.BSE_IDX,01/07/2025,09:19:30,83685.06,0,0,0,0,0,0
SENSEX.BSE_IDX,01/07/2025,09:19:31,83687.61,0,0,0,0,0,0
SENSEX.BSE_IDX,01/07/2025,09:19:32,83687.47,0,0,0,0,0,0
SENSEX.BSE_IDX,01/07/2025,09:19:33,83689.5,0,0,0,0,0,0
SENSEX.BSE_IDX,01/07/2025,09:19:34,83691.27,0,0,0,0,0,0
SENSEX.BSE_IDX,01/07/2025,09:19:35,83695.87,0,0,0,0,0,0
SENSEX.BSE_IDX,01/07/2025,09:19:36,83692.22,0,0,0,0,0,0
SENSEX.BSE_IDX,01/07/2025,09:19:37,83691.49,0,0,0,0,0,0
SENSEX.BSE_IDX,01/07/2025,09:19:38,83691.51,0,0,0,0,0,0
SENSEX.BSE_IDX,01/07/2025,09:19:39,83696.33,0,0,0,0,0,0
SENSEX.BSE_IDX,01/07/2025,09:19:41,83688.93,0,0,0,0,0,0
SENSEX.BSE_IDX,01/07/2025,09:19:41,83688.24,0,0,0,0,0,0
SENSEX.BSE_IDX,01/07/2025,09:19:42,83686.87,0,0,0,0,0,0
SENSEX.BSE_IDX,01/07/2025,09:19:43,83687.05,0,0,0,0,0,0
SENSEX.BSE_IDX,01/07/2025,09:19:44,83691.83,0,0,0,0,0,0
SENSEX.BSE_IDX,01/07/2025,09:19:45,83691.44,0,0,0,0,0,0
SENSEX.BSE_IDX,01/07/2025,09:19:46,83690.57,0,0,0,0,0,0
SENSEX.BSE_IDX,01/07/2025,09:19:47,83688.15,0,0,0,0,0,0
SENSEX.BSE_IDX,01/07/2025,09:19:48,83681.84,0,0,0,0,0,0
SENSEX.BSE_IDX,01/07/2025,09:19:49,83678.1,0,0,0,0,0,0
SENSEX.BSE_IDX,01/07/2025,09:19:52,83676.98,0,0,0,0,0,0
SENSEX.BSE_IDX,01/07/2025,09:19:52,83694.08,0,0,0,0,0,0
SENSEX.BSE_IDX,01/07/2025,09:19:52,83694.16,0,0,0,0,0,0
SENSEX.BSE_IDX,01/07/2025,09:19:53,83693.18,0,0,0,0,0,0
SENSEX.BSE_IDX,01/07/2025,09:19:54,83692.65,0,0,0,0,0,0
SENSEX.BSE_IDX,01/07/2025,09:19:55,83691.31,0,0,0,0,0,0
SENSEX.BSE_IDX,01/07/2025,09:19:56,83689.98,0,0,0,0,0,0
SENSEX.BSE_IDX,01/07/2025,09:19:57,83690.36,0,0,0,0,0,0
SENSEX.BSE_IDX,01/07/2025,09:19:58,83689.88,0,0,0,0,0,0
SENSEX.BSE_IDX,01/07/2025,09:19:59,83685.49,0,0,0,0,0,0
SENSEX.BSE_IDX,01/07/2025,09:20:00,83681.6,0,0,0,0,0,0
SENSEX.BSE_IDX,01/07/2025,09:20:02,83691.71,0,0,0,0,0,0
SENSEX.BSE_IDX,01/07/2025,09:20:03,83689.03,0,0,0,0,0,0
SENSEX.BSE_IDX,01/07/2025,09:20:03,83693.31,0,0,0,0,0,0
SENSEX.BSE_IDX,01/07/2025,09:20:04,83694.43,0,0,0,0,0,0
SENSEX.BSE_IDX,01/07/2025,09:20:05,83695.9,0,0,0,0,0,0
SENSEX.BSE_IDX,01/07/2025,09:20:06,83695.63,0,0,0,0,0,0
SENSEX.BSE_IDX,01/07/2025,09:20:07,83693.32,0,0,0,0,0,0
SENSEX.BSE_IDX,01/07/2025,09:20:08,83699.71,0,0,0,0,0,0
SENSEX.BSE_IDX,01/07/2025,09:20:09,83697.73,0,0,0,0,0,0
SENSEX.BSE_IDX,01/07/2025,09:20:10,83697.7,0,0,0,0,0,0
SENSEX.BSE_IDX,01/07/2025,09:20:12,83701.08,0,0,0,0,0,0
SENSEX.BSE_IDX,01/07/2025,09:20:13,83697.92,0,0,0,0,0,0
SENSEX.BSE_IDX,01/07/2025,09:20:13,83697.45,0,0,0,0,0,0
SENSEX.BSE_IDX,01/07/2025,09:20:14,83696.34,0,0,0,0,0,0
SENSEX.BSE_IDX,01/07/2025,09:20:15,83703.01,0,0,0,0,0,0
SENSEX.BSE_IDX,01/07/2025,09:20:16,83701.45,0,0,0,0,0,0
SENSEX.BSE_IDX,01/07/2025,09:20:17,83701.4,0,0,0,0,0,0
SENSEX.BSE_IDX,01/07/2025,09:20:18,83703.71,0,0,0,0,0,0
SENSEX.BSE_IDX,01/07/2025,09:20:19,83703.02,0,0,0,0,0,0
SENSEX.BSE_IDX,01/07/2025,09:20:20,83702.46,0,0,0,0,0,0
SENSEX.BSE_IDX,01/07/2025,09:20:21,83702.64,0,0,0,0,0,0
SENSEX.BSE_IDX,01/07/2025,09:20:22,83704.03,0,0,0,0,0,0
SENSEX.BSE_IDX,01/07/2025,09:20:24,83708.51,0,0,0,0,0,0
SENSEX.BSE_IDX,01/07/2025,09:20:24,83706.21,0,0,0,0,0,0
SENSEX.BSE_IDX,01/07/2025,09:20:25,83709.97,0,0,0,0,0,0
SENSEX.BSE_IDX,01/07/2025,09:20:26,83710.64,0,0,0,0,0,0
SENSEX.BSE_IDX,01/07/2025,09:20:27,83712.99,0,0,0,0,0,0
SENSEX.BSE_IDX,01/07/2025,09:20:28,83715.08,0,0,0,0,0,0
SENSEX.BSE_IDX,01/07/2025,09:20:29,83710.76,0,0,0,0,0,0
SENSEX.BSE_IDX,01/07/2025,09:20:30,83715.46,0,0,0,0,0,0
SENSEX.BSE_IDX,01/07/2025,09:20:31,83718.37,0,0,0,0,0,0
SENSEX.BSE_IDX,01/07/2025,09:20:32,83718.16,0,0,0,0,0,0
SENSEX.BSE_IDX,01/07/2025,09:20:33,83719.16,0,0,0,0,0,0
SENSEX.BSE_IDX,01/07/2025,09:20:34,83725.61,0,0,0,0,0,0
SENSEX.BSE_IDX,01/07/2025,09:20:35,83729.89,0,0,0,0,0,0
SENSEX.BSE_IDX,01/07/2025,09:20:36,83724.43,0,0,0,0,0,0
SENSEX.BSE_IDX,01/07/2025,09:20:38,83735.15,0,0,0,0,0,0
SENSEX.BSE_IDX,01/07/2025,09:20:39,83725.2,0,0,0,0,0,0
SENSEX.BSE_IDX,01/07/2025,09:20:39,83722.13,0,0,0,0,0,0
SENSEX.BSE_IDX,01/07/2025,09:20:40,83723.17,0,0,0,0,0,0
SENSEX.BSE_IDX,01/07/2025,09:20:41,83723.95,0,0,0,0,0,0
SENSEX.BSE_IDX,01/07/2025,09:20:42,83722.55,0,0,0,0,0,0
SENSEX.BSE_IDX,01/07/2025,09:20:43,83718.96,0,0,0,0,0,0
SENSEX.BSE_IDX,01/07/2025,09:20:44,83719.43,0,0,0,0,0,0
SENSEX.BSE_IDX,01/07/2025,09:20:45,83719.22,0,0,0,0,0,0
SENSEX.BSE_IDX,01/07/2025,09:20:46,83719.67,0,0,0,0,0,0
SENSEX.BSE_IDX,01/07/2025,09:20:47,83718.53,0,0,0,0,0,0
SENSEX.BSE_IDX,01/07/2025,09:20:48,83721.7,0,0,0,0,0,0
SENSEX.BSE_IDX,01/07/2025,09:20:50,83721.93,0,0,0,0,0,0
SENSEX.BSE_IDX,01/07/2025,09:20:51,83718.71,0,0,0,0,0,0
SENSEX.BSE_IDX,01/07/2025,09:20:52,83715.53,0,0,0,0,0,0
SENSEX.BSE_IDX,01/07/2025,09:20:52,83721.97,0,0,0,0,0,0
SENSEX.BSE_IDX,01/07/2025,09:20:53,83717.65,0,0,0,0,0,0
SENSEX.BSE_IDX,01/07/2025,09:20:54,83712.29,0,0,0,0,0,0
SENSEX.BSE_IDX,01/07/2025,09:20:55,83713.78,0,0,0,0,0,0
SENSEX.BSE_IDX,01/07/2025,09:20:56,83711.71,0,0,0,0,0,0
SENSEX.BSE_IDX,01/07/2025,09:20:57,83712.21,0,0,0,0,0,0
SENSEX.BSE_IDX,01/07/2025,09:20:58,83710.74,0,0,0,0,0,0
SENSEX.BSE_IDX,01/07/2025,09:20:59,83709.76,0,0,0,0,0,0
SENSEX.BSE_IDX,01/07/2025,09:21:00,83707.53,0,0,0,0,0,0
SENSEX.BSE_IDX,01/07/2025,09:21:02,83713.6,0,0,0,0,0,0
SENSEX.BSE_IDX,01/07/2025,09:21:03,83712.69,0,0,0,0,0,0
SENSEX.BSE_IDX,01/07/2025,09:21:03,83709.62,0,0,0,0,0,0
SENSEX.BSE_IDX,01/07/2025,09:21:04,83714.33,0,0,0,0,0,0
SENSEX.BSE_IDX,01/07/2025,09:21:05,83715.27,0,0,0,0,0,0
SENSEX.BSE_IDX,01/07/2025,09:21:06,83715.25,0,0,0,0,0,0
SENSEX.BSE_IDX,01/07/2025,09:21:07,83711.9,0,0,0,0,0,0
SENSEX.BSE_IDX,01/07/2025,09:21:08,83717.64,0,0,0,0,0,0
SENSEX.BSE_IDX,01/07/2025,09:21:09,83721.03,0,0,0,0,0,0
SENSEX.BSE_IDX,01/07/2025,09:21:10,83723.31,0,0,0,0,0,0
SENSEX.BSE_IDX,01/07/2025,09:21:11,83727.33,0,0,0,0,0,0
SENSEX.BSE_IDX,01/07/2025,09:21:12,83724.29,0,0,0,0,0,0
SENSEX.BSE_IDX,01/07/2025,09:21:13,83731.48,0,0,0,0,0,0
SENSEX.BSE_IDX,01/07/2025,09:21:14,83736.18,0,0,0,0,0,0
SENSEX.BSE_IDX,01/07/2025,09:21:15,83735.96,0,0,0,0,0,0
SENSEX.BSE_IDX,01/07/2025,09:21:16,83740,0,0,0,0,0,0
SENSEX.BSE_IDX,01/07/2025,09:21:17,83738.35,0,0,0,0,0,0
SENSEX.BSE_IDX,01/07/2025,09:21:18,83739.99,0,0,0,0,0,0
SENSEX.BSE_IDX,01/07/2025,09:21:19,83742.26,0,0,0,0,0,0
SENSEX.BSE_IDX,01/07/2025,09:21:20,83744.39,0,0,0,0,0,0
SENSEX.BSE_IDX,01/07/2025,09:21:21,83756.3,0,0,0,0,0,0
SENSEX.BSE_IDX,01/07/2025,09:21:23,83755.7,0,0,0,0,0,0
SENSEX.BSE_IDX,01/07/2025,09:21:23,83757.75,0,0,0,0,0,0
SENSEX.BSE_IDX,01/07/2025,09:21:24,83754.89,0,0,0,0,0,0
SENSEX.BSE_IDX,01/07/2025,09:21:25,83754.7,0,0,0,0,0,0
SENSEX.BSE_IDX,01/07/2025,09:21:26,83744.83,0,0,0,0,0,0
SENSEX.BSE_IDX,01/07/2025,09:21:27,83746.11,0,0,0,0,0,0
SENSEX.BSE_IDX,01/07/2025,09:21:28,83744.81,0,0,0,0,0,0
SENSEX.BSE_IDX,01/07/2025,09:21:29,83745.81,0,0,0,0,0,0
SENSEX.BSE_IDX,01/07/2025,09:21:30,83746.03,0,0,0,0,0,0
SENSEX.BSE_IDX,01/07/2025,09:21:31,83753.36,0,0,0,0,0,0
SENSEX.BSE_IDX,01/07/2025,09:21:32,83760.35,0,0,0,0,0,0
SENSEX.BSE_IDX,01/07/2025,09:21:33,83758.52,0,0,0,0,0,0
SENSEX.BSE_IDX,01/07/2025,09:21:34,83758.2,0,0,0,0,0,0
SENSEX.BSE_IDX,01/07/2025,09:21:35,83760.81,0,0,0,0,0,0
SENSEX.BSE_IDX,01/07/2025,09:21:36,83754.39,0,0,0,0,0,0
SENSEX.BSE_IDX,01/07/2025,09:21:37,83761.5,0,0,0,0,0,0
SENSEX.BSE_IDX,01/07/2025,09:21:38,83758.19,0,0,0,0,0,0
SENSEX.BSE_IDX,01/07/2025,09:21:39,83762.7,0,0,0,0,0,0
SENSEX.BSE_IDX,01/07/2025,09:21:40,83760.44,0,0,0,0,0,0
SENSEX.BSE_IDX,01/07/2025,09:21:41,83764.43,0,0,0,0,0,0
SENSEX.BSE_IDX,01/07/2025,09:21:42,83765.61,0,0,0,0,0,0
SENSEX.BSE_IDX,01/07/2025,09:21:43,83768.67,0,0,0,0,0,0
SENSEX.BSE_IDX,01/07/2025,09:21:44,83764.96,0,0,0,0,0,0
SENSEX.BSE_IDX,01/07/2025,09:21:45,83767.47,0,0,0,0,0,0
SENSEX.BSE_IDX,01/07/2025,09:21:46,83767.58,0,0,0,0,0,0
SENSEX.BSE_IDX,01/07/2025,09:21:47,83776.6,0,0,0,0,0,0
SENSEX.BSE_IDX,01/07/2025,09:21:48,83777.16,0,0,0,0,0,0
SENSEX.BSE_IDX,01/07/2025,09:21:49,83775.68,0,0,0,0,0,0
SENSEX.BSE_IDX,01/07/2025,09:21:50,83774.92,0,0,0,0,0,0
SENSEX.BSE_IDX,01/07/2025,09:21:51,83770.77,0,0,0,0,0,0
SENSEX.BSE_IDX,01/07/2025,09:21:52,83780.91,0,0,0,0,0,0
SENSEX.BSE_IDX,01/07/2025,09:21:53,83781.42,0,0,0,0,0,0
SENSEX.BSE_IDX,01/07/2025,09:21:54,83776.92,0,0,0,0,0,0
SENSEX.BSE_IDX,01/07/2025,09:21:55,83781.53,0,0,0,0,0,0
SENSEX.BSE_IDX,01/07/2025,09:21:56,83773.57,0,0,0,0,0,0
SENSEX.BSE_IDX,01/07/2025,09:21:57,83780.06,0,0,0,0,0,0
SENSEX.BSE_IDX,01/07/2025,09:21:58,83780.9,0,0,0,0,0,0
SENSEX.BSE_IDX,01/07/2025,09:21:59,83775.59,0,0,0,0,0,0
SENSEX.BSE_IDX,01/07/2025,09:22:01,83778.24,0,0,0,0,0,0
SENSEX.BSE_IDX,01/07/2025,09:22:01,83782.23,0,0,0,0,0,0
SENSEX.BSE_IDX,01/07/2025,09:22:02,83777.51,0,0,0,0,0,0
SENSEX.BSE_IDX,01/07/2025,09:22:03,83776.92,0,0,0,0,0,0
SENSEX.BSE_IDX,01/07/2025,09:22:04,83776.34,0,0,0,0,0,0
SENSEX.BSE_IDX,01/07/2025,09:22:05,83774.06,0,0,0,0,0,0
SENSEX.BSE_IDX,01/07/2025,09:22:06,83774.06,0,0,0,0,0,0
SENSEX.BSE_IDX,01/07/2025,09:22:07,83772.92,0,0,0,0,0,0
SENSEX.BSE_IDX,01/07/2025,09:22:08,83765.89,0,0,0,0,0,0
SENSEX.BSE_IDX,01/07/2025,09:22:09,83771.07,0,0,0,0,0,0
SENSEX.BSE_IDX,01/07/2025,09:22:10,83772.7,0,0,0,0,0,0
SENSEX.BSE_IDX,01/07/2025,09:22:11,83765.16,0,0,0,0,0,0
SENSEX.BSE_IDX,01/07/2025,09:22:12,83762.34,0,0,0,0,0,0
SENSEX.BSE_IDX,01/07/2025,09:22:13,83762.01,0,0,0,0,0,0
SENSEX.BSE_IDX,01/07/2025,09:22:14,83764.92,0,0,0,0,0,0
SENSEX.BSE_IDX,01/07/2025,09:22:15,83766.45,0,0,0,0,0,0
SENSEX.BSE_IDX,01/07/2025,09:22:16,83772.12,0,0,0,0,0,0
SENSEX.BSE_IDX,01/07/2025,09:22:17,83773.5,0,0,0,0,0,0
SENSEX.BSE_IDX,01/07/2025,09:22:18,83777.13,0,0,0,0,0,0
SENSEX.BSE_IDX,01/07/2025,09:22:19,83784.49,0,0,0,0,0,0
SENSEX.BSE_IDX,01/07/2025,09:22:20,83786.56,0,0,0,0,0,0
SENSEX.BSE_IDX,01/07/2025,09:22:21,83787.24,0,0,0,0,0,0
SENSEX.BSE_IDX,01/07/2025,09:22:22,83789.65,0,0,0,0,0,0
SENSEX.BSE_IDX,01/07/2025,09:22:23,83787.73,0,0,0,0,0,0
SENSEX.BSE_IDX,01/07/2025,09:22:24,83793.22,0,0,0,0,0,0
SENSEX.BSE_IDX,01/07/2025,09:22:25,83792.62,0,0,0,0,0,0
SENSEX.BSE_IDX,01/07/2025,09:22:26,83785.55,0,0,0,0,0,0
SENSEX.BSE_IDX,01/07/2025,09:22:27,83786.35,0,0,0,0,0,0
SENSEX.BSE_IDX,01/07/2025,09:22:28,83792.64,0,0,0,0,0,0
SENSEX.BSE_IDX,01/07/2025,09:22:29,83797.68,0,0,0,0,0,0
SENSEX.BSE_IDX,01/07/2025,09:22:30,83798.53,0,0,0,0,0,0
SENSEX.BSE_IDX,01/07/2025,09:22:31,83803.06,0,0,0,0,0,0
SENSEX.BSE_IDX,01/07/2025,09:22:32,83806.33,0,0,0,0,0,0
SENSEX.BSE_IDX,01/07/2025,09:22:33,83807.86,0,0,0,0,0,0
SENSEX.BSE_IDX,01/07/2025,09:22:34,83810.07,0,0,0,0,0,0
SENSEX.BSE_IDX,01/07/2025,09:22:35,83803.62,0,0,0,0,0,0
SENSEX.BSE_IDX,01/07/2025,09:22:36,83807.62,0,0,0,0,0,0
SENSEX.BSE_IDX,01/07/2025,09:22:37,83799.45,0,0,0,0,0,0
SENSEX.BSE_IDX,01/07/2025,09:22:38,83799.92,0,0,0,0,0,0
SENSEX.BSE_IDX,01/07/2025,09:22:39,83800.38,0,0,0,0,0,0
SENSEX.BSE_IDX,01/07/2025,09:22:40,83801.14,0,0,0,0,0,0
SENSEX.BSE_IDX,01/07/2025,09:22:42,83802.05,0,0,0,0,0,0
SENSEX.BSE_IDX,01/07/2025,09:22:42,83802.93,0,0,0,0,0,0
SENSEX.BSE_IDX,01/07/2025,09:22:43,83806.63,0,0,0,0,0,0
SENSEX.BSE_IDX,01/07/2025,09:22:44,83812.96,0,0,0,0,0,0
SENSEX.BSE_IDX,01/07/2025,09:22:45,83808.09,0,0,0,0,0,0
SENSEX.BSE_IDX,01/07/2025,09:22:46,83811.18,0,0,0,0,0,0
SENSEX.BSE_IDX,01/07/2025,09:22:47,83809.77,0,0,0,0,0,0
SENSEX.BSE_IDX,01/07/2025,09:22:48,83809.22,0,0,0,0,0,0
SENSEX.BSE_IDX,01/07/2025,09:22:49,83810.57,0,0,0,0,0,0
SENSEX.BSE_IDX,01/07/2025,09:22:50,83808.75,0,0,0,0,0,0
SENSEX.BSE_IDX,01/07/2025,09:22:52,83807.26,0,0,0,0,0,0
SENSEX.BSE_IDX,01/07/2025,09:22:52,83807.76,0,0,0,0,0,0
SENSEX.BSE_IDX,01/07/2025,09:22:53,83806.17,0,0,0,0,0,0
SENSEX.BSE_IDX,01/07/2025,09:22:54,83807.19,0,0,0,0,0,0
SENSEX.BSE_IDX,01/07/2025,09:22:55,83807.78,0,0,0,0,0,0
SENSEX.BSE_IDX,01/07/2025,09:22:56,83807.78,0,0,0,0,0,0
SENSEX.BSE_IDX,01/07/2025,09:22:57,83802.95,0,0,0,0,0,0
SENSEX.BSE_IDX,01/07/2025,09:22:58,83801.98,0,0,0,0,0,0
SENSEX.BSE_IDX,01/07/2025,09:22:59,83804.94,0,0,0,0,0,0
SENSEX.BSE_IDX,01/07/2025,09:23:00,83797.85,0,0,0,0,0,0
SENSEX.BSE_IDX,01/07/2025,09:23:02,83797.85,0,0,0,0,0,0
SENSEX.BSE_IDX,01/07/2025,09:23:03,83797.61,0,0,0,0,0,0
SENSEX.BSE_IDX,01/07/2025,09:23:03,83797.96,0,0,0,0,0,0
SENSEX.BSE_IDX,01/07/2025,09:23:04,83797.12,0,0,0,0,0,0
SENSEX.BSE_IDX,01/07/2025,09:23:05,83800.01,0,0,0,0,0,0
SENSEX.BSE_IDX,01/07/2025,09:23:06,83799.59,0,0,0,0,0,0
SENSEX.BSE_IDX,01/07/2025,09:23:07,83801.27,0,0,0,0,0,0
SENSEX.BSE_IDX,01/07/2025,09:23:08,83796.39,0,0,0,0,0,0
SENSEX.BSE_IDX,01/07/2025,09:23:09,83790.52,0,0,0,0,0,0
SENSEX.BSE_IDX,01/07/2025,09:23:10,83789.83,0,0,0,0,0,0
SENSEX.BSE_IDX,01/07/2025,09:23:11,83787.53,0,0,0,0,0,0
SENSEX.BSE_IDX,01/07/2025,09:23:12,83783.03,0,0,0,0,0,0
SENSEX.BSE_IDX,01/07/2025,09:23:13,83781.19,0,0,0,0,0,0
SENSEX.BSE_IDX,01/07/2025,09:23:15,83785.11,0,0,0,0,0,0
SENSEX.BSE_IDX,01/07/2025,09:23:16,83785.41,0,0,0,0,0,0
SENSEX.BSE_IDX,01/07/2025,09:23:16,83775.96,0,0,0,0,0,0
SENSEX.BSE_IDX,01/07/2025,09:23:17,83771.67,0,0,0,0,0,0
SENSEX.BSE_IDX,01/07/2025,09:23:18,83775.3,0,0,0,0,0,0
SENSEX.BSE_IDX,01/07/2025,09:23:19,83774.59,0,0,0,0,0,0
SENSEX.BSE_IDX,01/07/2025,09:23:20,83777.14,0,0,0,0,0,0
SENSEX.BSE_IDX,01/07/2025,09:23:21,83777.04,0,0,0,0,0,0
SENSEX.BSE_IDX,01/07/2025,09:23:22,83763.51,0,0,0,0,0,0
SENSEX.BSE_IDX,01/07/2025,09:23:23,83762.69,0,0,0,0,0,0
SENSEX.BSE_IDX,01/07/2025,09:23:24,83763.65,0,0,0,0,0,0
SENSEX.BSE_IDX,01/07/2025,09:23:25,83758.14,0,0,0,0,0,0
SENSEX.BSE_IDX,01/07/2025,09:23:26,83761.69,0,0,0,0,0,0
SENSEX.BSE_IDX,01/07/2025,09:23:27,83762.81,0,0,0,0,0,0
SENSEX.BSE_IDX,01/07/2025,09:23:28,83762.67,0,0,0,0,0,0
SENSEX.BSE_IDX,01/07/2025,09:23:30,83760.88,0,0,0,0,0,0
SENSEX.BSE_IDX,01/07/2025,09:23:31,83760.28,0,0,0,0,0,0
SENSEX.BSE_IDX,01/07/2025,09:23:31,83754.39,0,0,0,0,0,0
SENSEX.BSE_IDX,01/07/2025,09:23:32,83754.79,0,0,0,0,0,0
SENSEX.BSE_IDX,01/07/2025,09:23:33,83754.79,0,0,0,0,0,0
SENSEX.BSE_IDX,01/07/2025,09:23:34,83753.44,0,0,0,0,0,0
SENSEX.BSE_IDX,01/07/2025,09:23:35,83757.94,0,0,0,0,0,0
SENSEX.BSE_IDX,01/07/2025,09:23:36,83754.59,0,0,0,0,0,0
SENSEX.BSE_IDX,01/07/2025,09:23:37,83755.42,0,0,0,0,0,0
SENSEX.BSE_IDX,01/07/2025,09:23:38,83757.36,0,0,0,0,0,0
SENSEX.BSE_IDX,01/07/2025,09:23:39,83755.45,0,0,0,0,0,0
SENSEX.BSE_IDX,01/07/2025,09:23:40,83750.2,0,0,0,0,0,0
SENSEX.BSE_IDX,01/07/2025,09:23:41,83750.64,0,0,0,0,0,0
SENSEX.BSE_IDX,01/07/2025,09:23:44,83752.64,0,0,0,0,0,0
SENSEX.BSE_IDX,01/07/2025,09:23:44,83750.73,0,0,0,0,0,0
SENSEX.BSE_IDX,01/07/2025,09:23:44,83753.34,0,0,0,0,0,0
SENSEX.BSE_IDX,01/07/2025,09:23:45,83752.45,0,0,0,0,0,0
SENSEX.BSE_IDX,01/07/2025,09:23:46,83746.31,0,0,0,0,0,0
SENSEX.BSE_IDX,01/07/2025,09:23:47,83744.98,0,0,0,0,0,0
SENSEX.BSE_IDX,01/07/2025,09:23:48,83746.57,0,0,0,0,0,0
SENSEX.BSE_IDX,01/07/2025,09:23:49,83736.57,0,0,0,0,0,0
SENSEX.BSE_IDX,01/07/2025,09:23:50,83736.99,0,0,0,0,0,0
SENSEX.BSE_IDX,01/07/2025,09:23:51,83735.85,0,0,0,0,0,0
SENSEX.BSE_IDX,01/07/2025,09:23:52,83740.68,0,0,0,0,0,0
SENSEX.BSE_IDX,01/07/2025,09:23:53,83740.68,0,0,0,0,0,0
SENSEX.BSE_IDX,01/07/2025,09:23:55,83738.59,0,0,0,0,0,0
SENSEX.BSE_IDX,01/07/2025,09:23:56,83731.85,0,0,0,0,0,0
SENSEX.BSE_IDX,01/07/2025,09:23:56,83727.88,0,0,0,0,0,0
SENSEX.BSE_IDX,01/07/2025,09:23:57,83735.25,0,0,0,0,0,0
SENSEX.BSE_IDX,01/07/2025,09:23:58,83733.46,0,0,0,0,0,0
SENSEX.BSE_IDX,01/07/2025,09:23:59,83731.02,0,0,0,0,0,0
SENSEX.BSE_IDX,01/07/2025,09:24:00,83730.79,0,0,0,0,0,0
SENSEX.BSE_IDX,01/07/2025,09:24:01,83730.61,0,0,0,0,0,0
SENSEX.BSE_IDX,01/07/2025,09:24:02,83729.76,0,0,0,0,0,0
SENSEX.BSE_IDX,01/07/2025,09:24:03,83730.47,0,0,0,0,0,0
SENSEX.BSE_IDX,01/07/2025,09:24:04,83731.15,0,0,0,0,0,0
SENSEX.BSE_IDX,01/07/2025,09:24:05,83738.21,0,0,0,0,0,0
SENSEX.BSE_IDX,01/07/2025,09:24:07,83744.17,0,0,0,0,0,0
SENSEX.BSE_IDX,01/07/2025,09:24:08,83746.02,0,0,0,0,0,0
SENSEX.BSE_IDX,01/07/2025,09:24:08,83746.8,0,0,0,0,0,0
SENSEX.BSE_IDX,01/07/2025,09:24:09,83749.85,0,0,0,0,0,0
SENSEX.BSE_IDX,01/07/2025,09:24:10,83744.58,0,0,0,0,0,0
SENSEX.BSE_IDX,01/07/2025,09:24:11,83745.83,0,0,0,0,0,0
SENSEX.BSE_IDX,01/07/2025,09:24:12,83749.72,0,0,0,0,0,0
SENSEX.BSE_IDX,01/07/2025,09:24:13,83749.33,0,0,0,0,0,0
SENSEX.BSE_IDX,01/07/2025,09:24:14,83748.35,0,0,0,0,0,0
SENSEX.BSE_IDX,01/07/2025,09:24:15,83746.83,0,0,0,0,0,0
SENSEX.BSE_IDX,01/07/2025,09:24:16,83748.31,0,0,0,0,0,0
SENSEX.BSE_IDX,01/07/2025,09:24:17,83749.03,0,0,0,0,0,0
SENSEX.BSE_IDX,01/07/2025,09:24:18,83751.64,0,0,0,0,0,0
SENSEX.BSE_IDX,01/07/2025,09:24:19,83750.99,0,0,0,0,0,0
SENSEX.BSE_IDX,01/07/2025,09:24:21,83749.44,0,0,0,0,0,0
SENSEX.BSE_IDX,01/07/2025,09:24:22,83745.75,0,0,0,0,0,0
SENSEX.BSE_IDX,01/07/2025,09:24:23,83744.27,0,0,0,0,0,0
SENSEX.BSE_IDX,01/07/2025,09:24:23,83747.18,0,0,0,0,0,0
SENSEX.BSE_IDX,01/07/2025,09:24:24,83739.71,0,0,0,0,0,0
SENSEX.BSE_IDX,01/07/2025,09:24:25,83733.95,0,0,0,0,0,0
SENSEX.BSE_IDX,01/07/2025,09:24:26,83732.72,0,0,0,0,0,0
SENSEX.BSE_IDX,01/07/2025,09:24:27,83731.05,0,0,0,0,0,0
SENSEX.BSE_IDX,01/07/2025,09:24:28,83729.73,0,0,0,0,0,0
SENSEX.BSE_IDX,01/07/2025,09:24:29,83729.64,0,0,0,0,0,0
SENSEX.BSE_IDX,01/07/2025,09:24:31,83734.71,0,0,0,0,0,0
SENSEX.BSE_IDX,01/07/2025,09:24:32,83739.86,0,0,0,0,0,0
SENSEX.BSE_IDX,01/07/2025,09:24:32,83742.29,0,0,0,0,0,0
SENSEX.BSE_IDX,01/07/2025,09:24:33,83744.08,0,0,0,0,0,0
SENSEX.BSE_IDX,01/07/2025,09:24:34,83743.36,0,0,0,0,0,0
SENSEX.BSE_IDX,01/07/2025,09:24:35,83743.51,0,0,0,0,0,0
SENSEX.BSE_IDX,01/07/2025,09:24:36,83742.77,0,0,0,0,0,0
SENSEX.BSE_IDX,01/07/2025,09:24:37,83742.43,0,0,0,0,0,0
SENSEX.BSE_IDX,01/07/2025,09:24:38,83738.51,0,0,0,0,0,0
SENSEX.BSE_IDX,01/07/2025,09:24:39,83739.28,0,0,0,0,0,0
SENSEX.BSE_IDX,01/07/2025,09:24:40,83742.55,0,0,0,0,0,0
SENSEX.BSE_IDX,01/07/2025,09:24:41,83736.03,0,0,0,0,0,0
SENSEX.BSE_IDX,01/07/2025,09:24:42,83740.87,0,0,0,0,0,0
SENSEX.BSE_IDX,01/07/2025,09:24:43,83742.54,0,0,0,0,0,0
SENSEX.BSE_IDX,01/07/2025,09:24:44,83744.47,0,0,0,0,0,0
SENSEX.BSE_IDX,01/07/2025,09:24:45,83747.74,0,0,0,0,0,0
SENSEX.BSE_IDX,01/07/2025,09:24:47,83749.1,0,0,0,0,0,0
SENSEX.BSE_IDX,01/07/2025,09:24:47,83746.2,0,0,0,0,0,0
SENSEX.BSE_IDX,01/07/2025,09:24:48,83746.78,0,0,0,0,0,0
SENSEX.BSE_IDX,01/07/2025,09:24:49,83746.4,0,0,0,0,0,0
SENSEX.BSE_IDX,01/07/2025,09:24:50,83746.5,0,0,0,0,0,0
SENSEX.BSE_IDX,01/07/2025,09:24:51,83745.5,0,0,0,0,0,0
SENSEX.BSE_IDX,01/07/2025,09:24:52,83747.57,0,0,0,0,0,0
SENSEX.BSE_IDX,01/07/2025,09:24:53,83749.06,0,0,0,0,0,0
SENSEX.BSE_IDX,01/07/2025,09:24:54,83743.66,0,0,0,0,0,0
SENSEX.BSE_IDX,01/07/2025,09:24:57,83735.6,0,0,0,0,0,0
SENSEX.BSE_IDX,01/07/2025,09:24:58,83734.54,0,0,0,0,0,0
SENSEX.BSE_IDX,01/07/2025,09:24:58,83737.84,0,0,0,0,0,0
SENSEX.BSE_IDX,01/07/2025,09:24:58,83738.14,0,0,0,0,0,0
SENSEX.BSE_IDX,01/07/2025,09:24:59,83738.35,0,0,0,0,0,0
SENSEX.BSE_IDX,01/07/2025,09:25:00,83737.28,0,0,0,0,0,0
SENSEX.BSE_IDX,01/07/2025,09:25:01,83736.42,0,0,0,0,0,0
SENSEX.BSE_IDX,01/07/2025,09:25:02,83735.1,0,0,0,0,0,0
SENSEX.BSE_IDX,01/07/2025,09:25:03,83734.01,0,0,0,0,0,0
SENSEX.BSE_IDX,01/07/2025,09:25:04,83737.6,0,0,0,0,0,0
SENSEX.BSE_IDX,01/07/2025,09:25:05,83735.3,0,0,0,0,0,0
SENSEX.BSE_IDX,01/07/2025,09:25:06,83742.22,0,0,0,0,0,0
SENSEX.BSE_IDX,01/07/2025,09:25:07,83742.94,0,0,0,0,0,0
SENSEX.BSE_IDX,01/07/2025,09:25:08,83742.91,0,0,0,0,0,0
SENSEX.BSE_IDX,01/07/2025,09:25:11,83742.91,0,0,0,0,0,0
SENSEX.BSE_IDX,01/07/2025,09:25:12,83748.07,0,0,0,0,0,0
SENSEX.BSE_IDX,01/07/2025,09:25:12,83749.97,0,0,0,0,0,0
SENSEX.BSE_IDX,01/07/2025,09:25:12,83745.44,0,0,0,0,0,0
SENSEX.BSE_IDX,01/07/2025,09:25:13,83748.56,0,0,0,0,0,0
SENSEX.BSE_IDX,01/07/2025,09:25:14,83748.43,0,0,0,0,0,0
SENSEX.BSE_IDX,01/07/2025,09:25:15,83750.63,0,0,0,0,0,0
SENSEX.BSE_IDX,01/07/2025,09:25:16,83756.66,0,0,0,0,0,0
SENSEX.BSE_IDX,01/07/2025,09:25:17,83752.01,0,0,0,0,0,0
SENSEX.BSE_IDX,01/07/2025,09:25:19,83752.86,0,0,0,0,0,0
SENSEX.BSE_IDX,01/07/2025,09:25:19,83757.31,0,0,0,0,0,0
SENSEX.BSE_IDX,01/07/2025,09:25:20,83759.23,0,0,0,0,0,0
SENSEX.BSE_IDX,01/07/2025,09:25:21,83760.03,0,0,0,0,0,0
SENSEX.BSE_IDX,01/07/2025,09:25:22,83760.11,0,0,0,0,0,0
SENSEX.BSE_IDX,01/07/2025,09:25:23,83764.27,0,0,0,0,0,0
SENSEX.BSE_IDX,01/07/2025,09:25:24,83763.61,0,0,0,0,0,0
SENSEX.BSE_IDX,01/07/2025,09:25:25,83755.76,0,0,0,0,0,0
SENSEX.BSE_IDX,01/07/2025,09:25:26,83754.25,0,0,0,0,0,0
SENSEX.BSE_IDX,01/07/2025,09:25:28,83753.92,0,0,0,0,0,0
SENSEX.BSE_IDX,01/07/2025,09:25:29,83759.65,0,0,0,0,0,0
SENSEX.BSE_IDX,01/07/2025,09:25:29,83766.35,0,0,0,0,0,0
SENSEX.BSE_IDX,01/07/2025,09:25:30,83766.76,0,0,0,0,0,0
SENSEX.BSE_IDX,01/07/2025,09:25:31,83769.46,0,0,0,0,0,0
SENSEX.BSE_IDX,01/07/2025,09:25:32,83769.53,0,0,0,0,0,0
SENSEX.BSE_IDX,01/07/2025,09:25:33,83774.03,0,0,0,0,0,0
SENSEX.BSE_IDX,01/07/2025,09:25:34,83780.46,0,0,0,0,0,0
SENSEX.BSE_IDX,01/07/2025,09:25:35,83781.27,0,0,0,0,0,0
SENSEX.BSE_IDX,01/07/2025,09:25:36,83784.27,0,0,0,0,0,0
SENSEX.BSE_IDX,01/07/2025,09:25:37,83778.69,0,0,0,0,0,0
SENSEX.BSE_IDX,01/07/2025,09:25:38,83780.14,0,0,0,0,0,0
SENSEX.BSE_IDX,01/07/2025,09:25:39,83780.65,0,0,0,0,0,0
SENSEX.BSE_IDX,01/07/2025,09:25:41,83781.42,0,0,0,0,0,0
SENSEX.BSE_IDX,01/07/2025,09:25:41,83780.69,0,0,0,0,0,0
SENSEX.BSE_IDX,01/07/2025,09:25:42,83782.1,0,0,0,0,0,0
SENSEX.BSE_IDX,01/07/2025,09:25:43,83783.99,0,0,0,0,0,0
SENSEX.BSE_IDX,01/07/2025,09:25:44,83783.81,0,0,0,0,0,0
SENSEX.BSE_IDX,01/07/2025,09:25:45,83781.7,0,0,0,0,0,0
SENSEX.BSE_IDX,01/07/2025,09:25:46,83784.27,0,0,0,0,0,0
SENSEX.BSE_IDX,01/07/2025,09:25:47,83789.33,0,0,0,0,0,0
SENSEX.BSE_IDX,01/07/2025,09:25:48,83790.76,0,0,0,0,0,0
SENSEX.BSE_IDX,01/07/2025,09:25:49,83789.84,0,0,0,0,0,0
SENSEX.BSE_IDX,01/07/2025,09:25:50,83790.79,0,0,0,0,0,0
SENSEX.BSE_IDX,01/07/2025,09:25:51,83790.39,0,0,0,0,0,0
SENSEX.BSE_IDX,01/07/2025,09:25:52,83791.98,0,0,0,0,0,0
SENSEX.BSE_IDX,01/07/2025,09:25:53,83785.98,0,0,0,0,0,0
SENSEX.BSE_IDX,01/07/2025,09:25:54,83788.81,0,0,0,0,0,0
SENSEX.BSE_IDX,01/07/2025,09:25:55,83788.24,0,0,0,0,0,0
SENSEX.BSE_IDX,01/07/2025,09:25:57,83788.12,0,0,0,0,0,0
SENSEX.BSE_IDX,01/07/2025,09:25:58,83789.79,0,0,0,0,0,0
SENSEX.BSE_IDX,01/07/2025,09:25:58,83795.93,0,0,0,0,0,0
SENSEX.BSE_IDX,01/07/2025,09:25:59,83793.11,0,0,0,0,0,0
SENSEX.BSE_IDX,01/07/2025,09:26:00,83797.65,0,0,0,0,0,0
SENSEX.BSE_IDX,01/07/2025,09:26:01,83796.9,0,0,0,0,0,0
SENSEX.BSE_IDX,01/07/2025,09:26:02,83796.68,0,0,0,0,0,0
SENSEX.BSE_IDX,01/07/2025,09:26:03,83792.27,0,0,0,0,0,0
SENSEX.BSE_IDX,01/07/2025,09:26:04,83795.12,0,0,0,0,0,0
SENSEX.BSE_IDX,01/07/2025,09:26:05,83784.1,0,0,0,0,0,0
SENSEX.BSE_IDX,01/07/2025,09:26:06,83782.72,0,0,0,0,0,0
SENSEX.BSE_IDX,01/07/2025,09:26:07,83781.39,0,0,0,0,0,0
SENSEX.BSE_IDX,01/07/2025,09:26:10,83778.59,0,0,0,0,0,0
SENSEX.BSE_IDX,01/07/2025,09:26:10,83779.08,0,0,0,0,0,0
SENSEX.BSE_IDX,01/07/2025,09:26:11,83777.78,0,0,0,0,0,0
SENSEX.BSE_IDX,01/07/2025,09:26:11,83772.41,0,0,0,0,0,0
SENSEX.BSE_IDX,01/07/2025,09:26:12,83775.48,0,0,0,0,0,0
SENSEX.BSE_IDX,01/07/2025,09:26:13,83771.16,0,0,0,0,0,0
SENSEX.BSE_IDX,01/07/2025,09:26:14,83775.64,0,0,0,0,0,0
SENSEX.BSE_IDX,01/07/2025,09:26:15,83773.13,0,0,0,0,0,0
SENSEX.BSE_IDX,01/07/2025,09:26:16,83771.13,0,0,0,0,0,0
SENSEX.BSE_IDX,01/07/2025,09:26:17,83768.65,0,0,0,0,0,0
SENSEX.BSE_IDX,01/07/2025,09:26:18,83781.1,0,0,0,0,0,0
SENSEX.BSE_IDX,01/07/2025,09:26:19,83780.83,0,0,0,0,0,0
SENSEX.BSE_IDX,01/07/2025,09:26:21,83782.08,0,0,0,0,0,0
SENSEX.BSE_IDX,01/07/2025,09:26:22,83782.88,0,0,0,0,0,0
SENSEX.BSE_IDX,01/07/2025,09:26:22,83784.39,0,0,0,0,0,0
SENSEX.BSE_IDX,01/07/2025,09:26:23,83787.48,0,0,0,0,0,0
SENSEX.BSE_IDX,01/07/2025,09:26:24,83788.22,0,0,0,0,0,0
SENSEX.BSE_IDX,01/07/2025,09:26:25,83789.12,0,0,0,0,0,0
SENSEX.BSE_IDX,01/07/2025,09:26:26,83788.25,0,0,0,0,0,0
SENSEX.BSE_IDX,01/07/2025,09:26:27,83790,0,0,0,0,0,0
SENSEX.BSE_IDX,01/07/2025,09:26:28,83789.4,0,0,0,0,0,0
SENSEX.BSE_IDX,01/07/2025,09:26:29,83789.93,0,0,0,0,0,0
SENSEX.BSE_IDX,01/07/2025,09:26:30,83790.04,0,0,0,0,0,0
SENSEX.BSE_IDX,01/07/2025,09:26:31,83789.81,0,0,0,0,0,0
SENSEX.BSE_IDX,01/07/2025,09:26:32,83791.19,0,0,0,0,0,0
SENSEX.BSE_IDX,01/07/2025,09:26:34,83790.75,0,0,0,0,0,0
SENSEX.BSE_IDX,01/07/2025,09:26:35,83791.63,0,0,0,0,0,0
SENSEX.BSE_IDX,01/07/2025,09:26:35,83786.38,0,0,0,0,0,0
SENSEX.BSE_IDX,01/07/2025,09:26:37,83789.67,0,0,0,0,0,0
SENSEX.BSE_IDX,01/07/2025,09:26:37,83784.89,0,0,0,0,0,0
SENSEX.BSE_IDX,01/07/2025,09:26:38,83787.85,0,0,0,0,0,0
SENSEX.BSE_IDX,01/07/2025,09:26:39,83788.22,0,0,0,0,0,0
SENSEX.BSE_IDX,01/07/2025,09:26:40,83790.34,0,0,0,0,0,0
SENSEX.BSE_IDX,01/07/2025,09:26:41,83796.28,0,0,0,0,0,0
SENSEX.BSE_IDX,01/07/2025,09:26:43,83797.18,0,0,0,0,0,0
SENSEX.BSE_IDX,01/07/2025,09:26:43,83795.97,0,0,0,0,0,0
SENSEX.BSE_IDX,01/07/2025,09:26:44,83794.47,0,0,0,0,0,0
SENSEX.BSE_IDX,01/07/2025,09:26:45,83789.65,0,0,0,0,0,0
SENSEX.BSE_IDX,01/07/2025,09:26:46,83790.14,0,0,0,0,0,0
SENSEX.BSE_IDX,01/07/2025,09:26:48,83787.94,0,0,0,0,0,0
SENSEX.BSE_IDX,01/07/2025,09:26:48,83786.37,0,0,0,0,0,0
SENSEX.BSE_IDX,01/07/2025,09:26:49,83792.44,0,0,0,0,0,0
SENSEX.BSE_IDX,01/07/2025,09:26:50,83789.65,0,0,0,0,0,0
SENSEX.BSE_IDX,01/07/2025,09:26:51,83792.03,0,0,0,0,0,0
SENSEX.BSE_IDX,01/07/2025,09:26:52,83794.57,0,0,0,0,0,0
SENSEX.BSE_IDX,01/07/2025,09:26:54,83797.85,0,0,0,0,0,0
SENSEX.BSE_IDX,01/07/2025,09:26:54,83796,0,0,0,0,0,0
SENSEX.BSE_IDX,01/07/2025,09:26:55,83795.17,0,0,0,0,0,0
SENSEX.BSE_IDX,01/07/2025,09:26:56,83793.66,0,0,0,0,0,0
SENSEX.BSE_IDX,01/07/2025,09:26:57,83792.7,0,0,0,0,0,0
SENSEX.BSE_IDX,01/07/2025,09:26:59,83788.38,0,0,0,0,0,0
SENSEX.BSE_IDX,01/07/2025,09:27:00,83792.52,0,0,0,0,0,0
SENSEX.BSE_IDX,01/07/2025,09:27:01,83790.33,0,0,0,0,0,0
SENSEX.BSE_IDX,01/07/2025,09:27:01,83792.93,0,0,0,0,0,0
SENSEX.BSE_IDX,01/07/2025,09:27:03,83796.87,0,0,0,0,0,0
SENSEX.BSE_IDX,01/07/2025,09:27:04,83798.12,0,0,0,0,0,0
SENSEX.BSE_IDX,01/07/2025,09:27:05,83795.7,0,0,0,0,0,0
SENSEX.BSE_IDX,01/07/2025,09:27:06,83792.72,0,0,0,0,0,0
SENSEX.BSE_IDX,01/07/2025,09:27:07,83793.46,0,0,0,0,0,0
SENSEX.BSE_IDX,01/07/2025,09:27:08,83790.3,0,0,0,0,0,0
SENSEX.BSE_IDX,01/07/2025,09:27:08,83790.72,0,0,0,0,0,0
SENSEX.BSE_IDX,01/07/2025,09:27:10,83789.55,0,0,0,0,0,0
SENSEX.BSE_IDX,01/07/2025,09:27:11,83794.98,0,0,0,0,0,0
SENSEX.BSE_IDX,01/07/2025,09:27:12,83790.66,0,0,0,0,0,0
SENSEX.BSE_IDX,01/07/2025,09:27:12,83788.28,0,0,0,0,0,0
SENSEX.BSE_IDX,01/07/2025,09:27:14,83792.5,0,0,0,0,0,0
SENSEX.BSE_IDX,01/07/2025,09:27:15,83799.05,0,0,0,0,0,0
SENSEX.BSE_IDX,01/07/2025,09:27:16,83800.86,0,0,0,0,0,0
SENSEX.BSE_IDX,01/07/2025,09:27:17,83799.25,0,0,0,0,0,0
SENSEX.BSE_IDX,01/07/2025,09:27:18,83799.5,0,0,0,0,0,0
SENSEX.BSE_IDX,01/07/2025,09:27:18,83790.86,0,0,0,0,0,0
SENSEX.BSE_IDX,01/07/2025,09:27:20,83798.06,0,0,0,0,0,0
SENSEX.BSE_IDX,01/07/2025,09:27:21,83790.47,0,0,0,0,0,0
SENSEX.BSE_IDX,01/07/2025,09:27:22,83793.47,0,0,0,0,0,0
SENSEX.BSE_IDX,01/07/2025,09:27:24,83794.17,0,0,0,0,0,0
SENSEX.BSE_IDX,01/07/2025,09:27:24,83789.13,0,0,0,0,0,0
SENSEX.BSE_IDX,01/07/2025,09:27:25,83788.44,0,0,0,0,0,0
SENSEX.BSE_IDX,01/07/2025,09:27:26,83788.62,0,0,0,0,0,0
SENSEX.BSE_IDX,01/07/2025,09:27:27,83788.18,0,0,0,0,0,0
SENSEX.BSE_IDX,01/07/2025,09:27:28,83787.58,0,0,0,0,0,0
SENSEX.BSE_IDX,01/07/2025,09:27:29,83791.78,0,0,0,0,0,0
SENSEX.BSE_IDX,01/07/2025,09:27:30,83794.76,0,0,0,0,0,0
SENSEX.BSE_IDX,01/07/2025,09:27:31,83793.6,0,0,0,0,0,0
SENSEX.BSE_IDX,01/07/2025,09:27:32,83787.78,0,0,0,0,0,0
SENSEX.BSE_IDX,01/07/2025,09:27:33,83792.78,0,0,0,0,0,0
SENSEX.BSE_IDX,01/07/2025,09:27:34,83788.32,0,0,0,0,0,0
SENSEX.BSE_IDX,01/07/2025,09:27:35,83786.04,0,0,0,0,0,0
SENSEX.BSE_IDX,01/07/2025,09:27:36,83783.36,0,0,0,0,0,0
SENSEX.BSE_IDX,01/07/2025,09:27:37,83784.75,0,0,0,0,0,0
SENSEX.BSE_IDX,01/07/2025,09:27:38,83785.62,0,0,0,0,0,0
SENSEX.BSE_IDX,01/07/2025,09:27:39,83783.01,0,0,0,0,0,0
SENSEX.BSE_IDX,01/07/2025,09:27:40,83782.64,0,0,0,0,0,0
SENSEX.BSE_IDX,01/07/2025,09:27:41,83781.75,0,0,0,0,0,0
SENSEX.BSE_IDX,01/07/2025,09:27:42,83783.22,0,0,0,0,0,0
SENSEX.BSE_IDX,01/07/2025,09:27:43,83786.2,0,0,0,0,0,0
SENSEX.BSE_IDX,01/07/2025,09:27:44,83786.02,0,0,0,0,0,0
SENSEX.BSE_IDX,01/07/2025,09:27:45,83785.46,0,0,0,0,0,0
SENSEX.BSE_IDX,01/07/2025,09:27:46,83785.67,0,0,0,0,0,0
SENSEX.BSE_IDX,01/07/2025,09:27:47,83788.66,0,0,0,0,0,0
SENSEX.BSE_IDX,01/07/2025,09:27:48,83785.14,0,0,0,0,0,0
SENSEX.BSE_IDX,01/07/2025,09:27:49,83784.5,0,0,0,0,0,0
SENSEX.BSE_IDX,01/07/2025,09:27:50,83785.42,0,0,0,0,0,0
SENSEX.BSE_IDX,01/07/2025,09:27:51,83787,0,0,0,0,0,0
SENSEX.BSE_IDX,01/07/2025,09:27:52,83786.51,0,0,0,0,0,0
SENSEX.BSE_IDX,01/07/2025,09:27:53,83787.97,0,0,0,0,0,0
SENSEX.BSE_IDX,01/07/2025,09:27:54,83787.88,0,0,0,0,0,0
SENSEX.BSE_IDX,01/07/2025,09:27:55,83789.61,0,0,0,0,0,0
SENSEX.BSE_IDX,01/07/2025,09:27:56,83797.78,0,0,0,0,0,0
SENSEX.BSE_IDX,01/07/2025,09:27:57,83798.73,0,0,0,0,0,0
SENSEX.BSE_IDX,01/07/2025,09:27:58,83804.37,0,0,0,0,0,0
SENSEX.BSE_IDX,01/07/2025,09:27:59,83805.18,0,0,0,0,0,0
SENSEX.BSE_IDX,01/07/2025,09:28:00,83804.48,0,0,0,0,0,0
SENSEX.BSE_IDX,01/07/2025,09:28:01,83801.82,0,0,0,0,0,0
SENSEX.BSE_IDX,01/07/2025,09:28:02,83803.24,0,0,0,0,0,0
SENSEX.BSE_IDX,01/07/2025,09:28:03,83804.32,0,0,0,0,0,0
SENSEX.BSE_IDX,01/07/2025,09:28:04,83804.89,0,0,0,0,0,0
SENSEX.BSE_IDX,01/07/2025,09:28:05,83805.03,0,0,0,0,0,0
SENSEX.BSE_IDX,01/07/2025,09:28:06,83805.71,0,0,0,0,0,0
SENSEX.BSE_IDX,01/07/2025,09:28:07,83799.77,0,0,0,0,0,0
SENSEX.BSE_IDX,01/07/2025,09:28:08,83806.18,0,0,0,0,0,0
SENSEX.BSE_IDX,01/07/2025,09:28:09,83810.68,0,0,0,0,0,0
SENSEX.BSE_IDX,01/07/2025,09:28:10,83805.57,0,0,0,0,0,0
SENSEX.BSE_IDX,01/07/2025,09:28:11,83805.59,0,0,0,0,0,0
SENSEX.BSE_IDX,01/07/2025,09:28:12,83806.39,0,0,0,0,0,0
SENSEX.BSE_IDX,01/07/2025,09:28:13,83806.87,0,0,0,0,0,0
SENSEX.BSE_IDX,01/07/2025,09:28:14,83806.35,0,0,0,0,0,0
SENSEX.BSE_IDX,01/07/2025,09:28:15,83806.49,0,0,0,0,0,0
SENSEX.BSE_IDX,01/07/2025,09:28:16,83807.92,0,0,0,0,0,0
SENSEX.BSE_IDX,01/07/2025,09:28:17,83810.69,0,0,0,0,0,0
SENSEX.BSE_IDX,01/07/2025,09:28:18,83809.66,0,0,0,0,0,0
SENSEX.BSE_IDX,01/07/2025,09:28:19,83809.02,0,0,0,0,0,0
SENSEX.BSE_IDX,01/07/2025,09:28:20,83806.64,0,0,0,0,0,0
SENSEX.BSE_IDX,01/07/2025,09:28:21,83800.76,0,0,0,0,0,0
SENSEX.BSE_IDX,01/07/2025,09:28:22,83801.13,0,0,0,0,0,0
SENSEX.BSE_IDX,01/07/2025,09:28:23,83795.97,0,0,0,0,0,0
SENSEX.BSE_IDX,01/07/2025,09:28:24,83795.36,0,0,0,0,0,0
SENSEX.BSE_IDX,01/07/2025,09:28:25,83792.05,0,0,0,0,0,0
SENSEX.BSE_IDX,01/07/2025,09:28:26,83791.81,0,0,0,0,0,0
SENSEX.BSE_IDX,01/07/2025,09:28:27,83789.13,0,0,0,0,0,0
SENSEX.BSE_IDX,01/07/2025,09:28:28,83784.76,0,0,0,0,0,0
SENSEX.BSE_IDX,01/07/2025,09:28:29,83781.3,0,0,0,0,0,0
SENSEX.BSE_IDX,01/07/2025,09:28:30,83787.5,0,0,0,0,0,0
SENSEX.BSE_IDX,01/07/2025,09:28:31,83787.73,0,0,0,0,0,0
SENSEX.BSE_IDX,01/07/2025,09:28:32,83789.37,0,0,0,0,0,0
SENSEX.BSE_IDX,01/07/2025,09:28:33,83788.34,0,0,0,0,0,0
SENSEX.BSE_IDX,01/07/2025,09:28:34,83786.77,0,0,0,0,0,0
SENSEX.BSE_IDX,01/07/2025,09:28:35,83782.32,0,0,0,0,0,0
SENSEX.BSE_IDX,01/07/2025,09:28:36,83785.47,0,0,0,0,0,0
SENSEX.BSE_IDX,01/07/2025,09:28:37,83785.99,0,0,0,0,0,0
SENSEX.BSE_IDX,01/07/2025,09:28:38,83786.53,0,0,0,0,0,0
SENSEX.BSE_IDX,01/07/2025,09:28:39,83774.11,0,0,0,0,0,0
SENSEX.BSE_IDX,01/07/2025,09:28:40,83772.08,0,0,0,0,0,0
SENSEX.BSE_IDX,01/07/2025,09:28:41,83778.21,0,0,0,0,0,0
SENSEX.BSE_IDX,01/07/2025,09:28:42,83772.41,0,0,0,0,0,0
SENSEX.BSE_IDX,01/07/2025,09:28:43,83772.26,0,0,0,0,0,0
SENSEX.BSE_IDX,01/07/2025,09:28:44,83771.84,0,0,0,0,0,0
SENSEX.BSE_IDX,01/07/2025,09:28:45,83767.92,0,0,0,0,0,0
SENSEX.BSE_IDX,01/07/2025,09:28:46,83766.98,0,0,0,0,0,0
SENSEX.BSE_IDX,01/07/2025,09:28:47,83768.53,0,0,0,0,0,0
SENSEX.BSE_IDX,01/07/2025,09:28:48,83766.74,0,0,0,0,0,0
SENSEX.BSE_IDX,01/07/2025,09:28:49,83767.71,0,0,0,0,0,0
SENSEX.BSE_IDX,01/07/2025,09:28:50,83766.21,0,0,0,0,0,0
SENSEX.BSE_IDX,01/07/2025,09:28:51,83767.81,0,0,0,0,0,0
SENSEX.BSE_IDX,01/07/2025,09:28:53,83767.28,0,0,0,0,0,0
SENSEX.BSE_IDX,01/07/2025,09:28:53,83769.34,0,0,0,0,0,0
SENSEX.BSE_IDX,01/07/2025,09:28:54,83765.53,0,0,0,0,0,0
SENSEX.BSE_IDX,01/07/2025,09:28:55,83757.68,0,0,0,0,0,0
SENSEX.BSE_IDX,01/07/2025,09:28:56,83762.15,0,0,0,0,0,0
SENSEX.BSE_IDX,01/07/2025,09:28:57,83759.99,0,0,0,0,0,0
SENSEX.BSE_IDX,01/07/2025,09:28:58,83760.95,0,0,0,0,0,0
SENSEX.BSE_IDX,01/07/2025,09:28:59,83757.87,0,0,0,0,0,0
SENSEX.BSE_IDX,01/07/2025,09:29:00,83762.97,0,0,0,0,0,0
SENSEX.BSE_IDX,01/07/2025,09:29:01,83764.98,0,0,0,0,0,0
SENSEX.BSE_IDX,01/07/2025,09:29:02,83765.23,0,0,0,0,0,0
SENSEX.BSE_IDX,01/07/2025,09:29:03,83764.93,0,0,0,0,0,0
SENSEX.BSE_IDX,01/07/2025,09:29:04,83770.51,0,0,0,0,0,0
SENSEX.BSE_IDX,01/07/2025,09:29:05,83762.83,0,0,0,0,0,0
SENSEX.BSE_IDX,01/07/2025,09:29:06,83762,0,0,0,0,0,0
SENSEX.BSE_IDX,01/07/2025,09:29:07,83760.85,0,0,0,0,0,0
SENSEX.BSE_IDX,01/07/2025,09:29:08,83758.13,0,0,0,0,0,0
SENSEX.BSE_IDX,01/07/2025,09:29:09,83763.92,0,0,0,0,0,0
SENSEX.BSE_IDX,01/07/2025,09:29:10,83769.94,0,0,0,0,0,0
SENSEX.BSE_IDX,01/07/2025,09:29:11,83769.83,0,0,0,0,0,0
SENSEX.BSE_IDX,01/07/2025,09:29:12,83771.36,0,0,0,0,0,0
SENSEX.BSE_IDX,01/07/2025,09:29:13,83768.73,0,0,0,0,0,0
SENSEX.BSE_IDX,01/07/2025,09:29:14,83766.78,0,0,0,0,0,0
SENSEX.BSE_IDX,01/07/2025,09:29:15,83767.23,0,0,0,0,0,0
SENSEX.BSE_IDX,01/07/2025,09:29:16,83768.81,0,0,0,0,0,0
SENSEX.BSE_IDX,01/07/2025,09:29:17,83767.41,0,0,0,0,0,0
SENSEX.BSE_IDX,01/07/2025,09:29:18,83765.06,0,0,0,0,0,0
