Ticker,Date,Time,LTP,BuyPrice,BuyQty,SellPrice,SellQty,LTQ,OpenInterest
SMEIPO.BSE_IDX,01/07/2025,09:00:07,103665.59,0,0,0,0,0,0
SMEIPO.BSE_IDX,01/07/2025,09:00:15,103665.59,0,0,0,0,0,0
SMEIPO.BSE_IDX,01/07/2025,09:00:23,103330.72,0,0,0,0,0,0
SMEIPO.BSE_IDX,01/07/2025,09:00:31,103330.72,0,0,0,0,0,0
SMEIPO.BSE_IDX,01/07/2025,09:00:39,103330.72,0,0,0,0,0,0
SMEIPO.BSE_IDX,01/07/2025,09:00:47,103330.72,0,0,0,0,0,0
SMEIPO.BSE_IDX,01/07/2025,09:00:55,103330.72,0,0,0,0,0,0
SMEIPO.BSE_IDX,01/07/2025,09:01:03,103379.26,0,0,0,0,0,0
SMEIPO.BSE_IDX,01/07/2025,09:01:11,103379.26,0,0,0,0,0,0
SMEIPO.BSE_IDX,01/07/2025,09:01:19,103378.83,0,0,0,0,0,0
SMEIPO.BSE_IDX,01/07/2025,09:01:27,103378.83,0,0,0,0,0,0
SMEIPO.BSE_IDX,01/07/2025,09:01:35,103378.83,0,0,0,0,0,0
SMEIPO.BSE_IDX,01/07/2025,09:01:43,103546.88,0,0,0,0,0,0
SMEIPO.BSE_IDX,01/07/2025,09:01:51,103544.6,0,0,0,0,0,0
SMEIPO.BSE_IDX,01/07/2025,09:01:59,103376.56,0,0,0,0,0,0
SMEIPO.BSE_IDX,01/07/2025,09:02:07,103376.56,0,0,0,0,0,0
SMEIPO.BSE_IDX,01/07/2025,09:02:15,103376.56,0,0,0,0,0,0
SMEIPO.BSE_IDX,01/07/2025,09:02:23,103376.56,0,0,0,0,0,0
SMEIPO.BSE_IDX,01/07/2025,09:02:31,103376.56,0,0,0,0,0,0
SMEIPO.BSE_IDX,01/07/2025,09:02:39,103376.56,0,0,0,0,0,0
SMEIPO.BSE_IDX,01/07/2025,09:02:47,103376.56,0,0,0,0,0,0
SMEIPO.BSE_IDX,01/07/2025,09:02:55,103376.56,0,0,0,0,0,0
SMEIPO.BSE_IDX,01/07/2025,09:03:03,103376.56,0,0,0,0,0,0
SMEIPO.BSE_IDX,01/07/2025,09:03:11,103376.56,0,0,0,0,0,0
SMEIPO.BSE_IDX,01/07/2025,09:03:19,103376.56,0,0,0,0,0,0
SMEIPO.BSE_IDX,01/07/2025,09:03:27,103375.53,0,0,0,0,0,0
SMEIPO.BSE_IDX,01/07/2025,09:03:35,103377.27,0,0,0,0,0,0
SMEIPO.BSE_IDX,01/07/2025,09:03:43,103385.36,0,0,0,0,0,0
SMEIPO.BSE_IDX,01/07/2025,09:03:51,102118.21,0,0,0,0,0,0
SMEIPO.BSE_IDX,01/07/2025,09:03:59,102118.21,0,0,0,0,0,0
SMEIPO.BSE_IDX,01/07/2025,09:04:07,103530.34,0,0,0,0,0,0
SMEIPO.BSE_IDX,01/07/2025,09:04:15,103444.52,0,0,0,0,0,0
SMEIPO.BSE_IDX,01/07/2025,09:04:23,103469.39,0,0,0,0,0,0
SMEIPO.BSE_IDX,01/07/2025,09:04:31,103469.39,0,0,0,0,0,0
SMEIPO.BSE_IDX,01/07/2025,09:04:39,103637.12,0,0,0,0,0,0
SMEIPO.BSE_IDX,01/07/2025,09:04:47,103637.12,0,0,0,0,0,0
SMEIPO.BSE_IDX,01/07/2025,09:04:55,103637.12,0,0,0,0,0,0
SMEIPO.BSE_IDX,01/07/2025,09:05:03,103643.44,0,0,0,0,0,0
SMEIPO.BSE_IDX,01/07/2025,09:05:11,103643.44,0,0,0,0,0,0
SMEIPO.BSE_IDX,01/07/2025,09:05:19,103643.44,0,0,0,0,0,0
SMEIPO.BSE_IDX,01/07/2025,09:05:27,103654.9,0,0,0,0,0,0
SMEIPO.BSE_IDX,01/07/2025,09:05:35,103654.9,0,0,0,0,0,0
SMEIPO.BSE_IDX,01/07/2025,09:05:43,103653.56,0,0,0,0,0,0
SMEIPO.BSE_IDX,01/07/2025,09:05:51,103741.69,0,0,0,0,0,0
SMEIPO.BSE_IDX,01/07/2025,09:05:59,103741.69,0,0,0,0,0,0
SMEIPO.BSE_IDX,01/07/2025,09:06:07,103748.01,0,0,0,0,0,0
SMEIPO.BSE_IDX,01/07/2025,09:06:15,103734.68,0,0,0,0,0,0
SMEIPO.BSE_IDX,01/07/2025,09:06:23,103719.95,0,0,0,0,0,0
SMEIPO.BSE_IDX,01/07/2025,09:06:31,103721.85,0,0,0,0,0,0
SMEIPO.BSE_IDX,01/07/2025,09:06:39,103722.14,0,0,0,0,0,0
SMEIPO.BSE_IDX,01/07/2025,09:06:47,103733.42,0,0,0,0,0,0
SMEIPO.BSE_IDX,01/07/2025,09:06:55,103724.83,0,0,0,0,0,0
SMEIPO.BSE_IDX,01/07/2025,09:07:04,103731.4,0,0,0,0,0,0
SMEIPO.BSE_IDX,01/07/2025,09:07:11,103731.4,0,0,0,0,0,0
SMEIPO.BSE_IDX,01/07/2025,09:07:19,103731.4,0,0,0,0,0,0
SMEIPO.BSE_IDX,01/07/2025,09:07:27,103731.4,0,0,0,0,0,0
SMEIPO.BSE_IDX,01/07/2025,09:07:35,103731.4,0,0,0,0,0,0
SMEIPO.BSE_IDX,01/07/2025,09:07:43,103731.4,0,0,0,0,0,0
SMEIPO.BSE_IDX,01/07/2025,09:07:51,103731.4,0,0,0,0,0,0
SMEIPO.BSE_IDX,01/07/2025,09:07:59,103731.4,0,0,0,0,0,0
SMEIPO.BSE_IDX,01/07/2025,09:08:07,103731.4,0,0,0,0,0,0
SMEIPO.BSE_IDX,01/07/2025,09:08:15,103731.4,0,0,0,0,0,0
SMEIPO.BSE_IDX,01/07/2025,09:08:23,103731.4,0,0,0,0,0,0
SMEIPO.BSE_IDX,01/07/2025,09:08:31,103731.4,0,0,0,0,0,0
SMEIPO.BSE_IDX,01/07/2025,09:08:39,103731.4,0,0,0,0,0,0
SMEIPO.BSE_IDX,01/07/2025,09:08:47,103731.4,0,0,0,0,0,0
SMEIPO.BSE_IDX,01/07/2025,09:08:55,103731.4,0,0,0,0,0,0
SMEIPO.BSE_IDX,01/07/2025,09:09:03,103727.85,0,0,0,0,0,0
SMEIPO.BSE_IDX,01/07/2025,09:09:11,103727.85,0,0,0,0,0,0
SMEIPO.BSE_IDX,01/07/2025,09:09:19,103727.85,0,0,0,0,0,0
SMEIPO.BSE_IDX,01/07/2025,09:09:27,103727.85,0,0,0,0,0,0
SMEIPO.BSE_IDX,01/07/2025,09:09:35,103727.85,0,0,0,0,0,0
SMEIPO.BSE_IDX,01/07/2025,09:09:43,103727.85,0,0,0,0,0,0
SMEIPO.BSE_IDX,01/07/2025,09:09:51,103727.85,0,0,0,0,0,0
SMEIPO.BSE_IDX,01/07/2025,09:09:59,103727.85,0,0,0,0,0,0
SMEIPO.BSE_IDX,01/07/2025,09:10:07,103727.85,0,0,0,0,0,0
SMEIPO.BSE_IDX,01/07/2025,09:10:15,103727.85,0,0,0,0,0,0
SMEIPO.BSE_IDX,01/07/2025,09:10:23,103727.85,0,0,0,0,0,0
SMEIPO.BSE_IDX,01/07/2025,09:10:31,103727.85,0,0,0,0,0,0
SMEIPO.BSE_IDX,01/07/2025,09:10:39,103727.85,0,0,0,0,0,0
SMEIPO.BSE_IDX,01/07/2025,09:10:47,103727.85,0,0,0,0,0,0
SMEIPO.BSE_IDX,01/07/2025,09:10:55,103727.85,0,0,0,0,0,0
SMEIPO.BSE_IDX,01/07/2025,09:11:03,103727.85,0,0,0,0,0,0
SMEIPO.BSE_IDX,01/07/2025,09:11:11,103727.85,0,0,0,0,0,0
SMEIPO.BSE_IDX,01/07/2025,09:11:19,103727.85,0,0,0,0,0,0
SMEIPO.BSE_IDX,01/07/2025,09:11:27,103727.85,0,0,0,0,0,0
SMEIPO.BSE_IDX,01/07/2025,09:11:35,103727.85,0,0,0,0,0,0
SMEIPO.BSE_IDX,01/07/2025,09:11:43,103727.85,0,0,0,0,0,0
SMEIPO.BSE_IDX,01/07/2025,09:11:51,103727.85,0,0,0,0,0,0
SMEIPO.BSE_IDX,01/07/2025,09:11:59,103727.85,0,0,0,0,0,0
SMEIPO.BSE_IDX,01/07/2025,09:12:07,103727.85,0,0,0,0,0,0
SMEIPO.BSE_IDX,01/07/2025,09:12:16,103727.85,0,0,0,0,0,0
SMEIPO.BSE_IDX,01/07/2025,09:12:23,103727.85,0,0,0,0,0,0
SMEIPO.BSE_IDX,01/07/2025,09:12:31,103727.85,0,0,0,0,0,0
SMEIPO.BSE_IDX,01/07/2025,09:12:39,103727.85,0,0,0,0,0,0
SMEIPO.BSE_IDX,01/07/2025,09:12:47,103727.85,0,0,0,0,0,0
SMEIPO.BSE_IDX,01/07/2025,09:12:55,103727.85,0,0,0,0,0,0
SMEIPO.BSE_IDX,01/07/2025,09:13:03,103727.85,0,0,0,0,0,0
SMEIPO.BSE_IDX,01/07/2025,09:13:11,103727.85,0,0,0,0,0,0
SMEIPO.BSE_IDX,01/07/2025,09:13:19,103727.85,0,0,0,0,0,0
SMEIPO.BSE_IDX,01/07/2025,09:13:27,103727.85,0,0,0,0,0,0
SMEIPO.BSE_IDX,01/07/2025,09:13:35,103727.85,0,0,0,0,0,0
SMEIPO.BSE_IDX,01/07/2025,09:13:43,103727.85,0,0,0,0,0,0
SMEIPO.BSE_IDX,01/07/2025,09:13:51,103727.85,0,0,0,0,0,0
SMEIPO.BSE_IDX,01/07/2025,09:13:59,103727.85,0,0,0,0,0,0
SMEIPO.BSE_IDX,01/07/2025,09:14:07,103727.85,0,0,0,0,0,0
SMEIPO.BSE_IDX,01/07/2025,09:14:15,103727.85,0,0,0,0,0,0
SMEIPO.BSE_IDX,01/07/2025,09:14:23,103727.85,0,0,0,0,0,0
SMEIPO.BSE_IDX,01/07/2025,09:14:31,103727.85,0,0,0,0,0,0
SMEIPO.BSE_IDX,01/07/2025,09:14:39,103727.85,0,0,0,0,0,0
SMEIPO.BSE_IDX,01/07/2025,09:14:47,103727.85,0,0,0,0,0,0
SMEIPO.BSE_IDX,01/07/2025,09:14:55,103727.85,0,0,0,0,0,0
SMEIPO.BSE_IDX,01/07/2025,09:15:04,103726.73,0,0,0,0,0,0
SMEIPO.BSE_IDX,01/07/2025,09:15:11,103733.03,0,0,0,0,0,0
SMEIPO.BSE_IDX,01/07/2025,09:15:19,103715.96,0,0,0,0,0,0
SMEIPO.BSE_IDX,01/07/2025,09:15:27,103731.6,0,0,0,0,0,0
SMEIPO.BSE_IDX,01/07/2025,09:15:35,103821.95,0,0,0,0,0,0
SMEIPO.BSE_IDX,01/07/2025,09:15:43,103848.46,0,0,0,0,0,0
SMEIPO.BSE_IDX,01/07/2025,09:15:51,103844.97,0,0,0,0,0,0
SMEIPO.BSE_IDX,01/07/2025,09:15:59,103844.97,0,0,0,0,0,0
SMEIPO.BSE_IDX,01/07/2025,09:16:07,103844.97,0,0,0,0,0,0
SMEIPO.BSE_IDX,01/07/2025,09:16:15,103844.97,0,0,0,0,0,0
SMEIPO.BSE_IDX,01/07/2025,09:16:24,103844.97,0,0,0,0,0,0
SMEIPO.BSE_IDX,01/07/2025,09:16:31,104000.62,0,0,0,0,0,0
SMEIPO.BSE_IDX,01/07/2025,09:16:39,103968.78,0,0,0,0,0,0
SMEIPO.BSE_IDX,01/07/2025,09:16:48,103968.78,0,0,0,0,0,0
SMEIPO.BSE_IDX,01/07/2025,09:16:55,103941.06,0,0,0,0,0,0
SMEIPO.BSE_IDX,01/07/2025,09:17:03,103941.06,0,0,0,0,0,0
SMEIPO.BSE_IDX,01/07/2025,09:17:12,103944.19,0,0,0,0,0,0
SMEIPO.BSE_IDX,01/07/2025,09:17:19,103944.19,0,0,0,0,0,0
SMEIPO.BSE_IDX,01/07/2025,09:17:27,103688.81,0,0,0,0,0,0
SMEIPO.BSE_IDX,01/07/2025,09:17:35,103709.66,0,0,0,0,0,0
SMEIPO.BSE_IDX,01/07/2025,09:17:44,103709.66,0,0,0,0,0,0
SMEIPO.BSE_IDX,01/07/2025,09:17:51,103728.09,0,0,0,0,0,0
SMEIPO.BSE_IDX,01/07/2025,09:17:59,103837.84,0,0,0,0,0,0
SMEIPO.BSE_IDX,01/07/2025,09:18:07,103810.95,0,0,0,0,0,0
SMEIPO.BSE_IDX,01/07/2025,09:18:15,103811.62,0,0,0,0,0,0
SMEIPO.BSE_IDX,01/07/2025,09:18:23,103781.86,0,0,0,0,0,0
SMEIPO.BSE_IDX,01/07/2025,09:18:31,103767.33,0,0,0,0,0,0
SMEIPO.BSE_IDX,01/07/2025,09:18:39,103785.8,0,0,0,0,0,0
SMEIPO.BSE_IDX,01/07/2025,09:18:47,103785.8,0,0,0,0,0,0
SMEIPO.BSE_IDX,01/07/2025,09:18:56,103780.12,0,0,0,0,0,0
SMEIPO.BSE_IDX,01/07/2025,09:19:03,103713.85,0,0,0,0,0,0
SMEIPO.BSE_IDX,01/07/2025,09:19:11,103713.85,0,0,0,0,0,0
SMEIPO.BSE_IDX,01/07/2025,09:19:19,103713.85,0,0,0,0,0,0
SMEIPO.BSE_IDX,01/07/2025,09:19:28,103719.54,0,0,0,0,0,0
SMEIPO.BSE_IDX,01/07/2025,09:19:35,103702.78,0,0,0,0,0,0
SMEIPO.BSE_IDX,01/07/2025,09:19:43,103710.61,0,0,0,0,0,0
SMEIPO.BSE_IDX,01/07/2025,09:19:52,103710.61,0,0,0,0,0,0
SMEIPO.BSE_IDX,01/07/2025,09:19:59,103710.61,0,0,0,0,0,0
SMEIPO.BSE_IDX,01/07/2025,09:20:07,103697.23,0,0,0,0,0,0
SMEIPO.BSE_IDX,01/07/2025,09:20:15,103785.44,0,0,0,0,0,0
SMEIPO.BSE_IDX,01/07/2025,09:20:24,103800.37,0,0,0,0,0,0
SMEIPO.BSE_IDX,01/07/2025,09:20:31,103797.76,0,0,0,0,0,0
SMEIPO.BSE_IDX,01/07/2025,09:20:39,103794.13,0,0,0,0,0,0
SMEIPO.BSE_IDX,01/07/2025,09:20:47,103737.19,0,0,0,0,0,0
SMEIPO.BSE_IDX,01/07/2025,09:20:55,103737.19,0,0,0,0,0,0
SMEIPO.BSE_IDX,01/07/2025,09:21:03,103715.87,0,0,0,0,0,0
SMEIPO.BSE_IDX,01/07/2025,09:21:11,103737.68,0,0,0,0,0,0
SMEIPO.BSE_IDX,01/07/2025,09:21:19,103737.68,0,0,0,0,0,0
SMEIPO.BSE_IDX,01/07/2025,09:21:27,103742.03,0,0,0,0,0,0
SMEIPO.BSE_IDX,01/07/2025,09:21:36,103734.69,0,0,0,0,0,0
SMEIPO.BSE_IDX,01/07/2025,09:21:43,103734.69,0,0,0,0,0,0
SMEIPO.BSE_IDX,01/07/2025,09:21:51,103734.69,0,0,0,0,0,0
SMEIPO.BSE_IDX,01/07/2025,09:21:59,103734.69,0,0,0,0,0,0
SMEIPO.BSE_IDX,01/07/2025,09:22:07,103724.44,0,0,0,0,0,0
SMEIPO.BSE_IDX,01/07/2025,09:22:15,103722.19,0,0,0,0,0,0
SMEIPO.BSE_IDX,01/07/2025,09:22:23,103731.29,0,0,0,0,0,0
SMEIPO.BSE_IDX,01/07/2025,09:22:31,103731.29,0,0,0,0,0,0
SMEIPO.BSE_IDX,01/07/2025,09:22:39,103849.76,0,0,0,0,0,0
SMEIPO.BSE_IDX,01/07/2025,09:22:47,103915.58,0,0,0,0,0,0
SMEIPO.BSE_IDX,01/07/2025,09:22:55,103915.58,0,0,0,0,0,0
SMEIPO.BSE_IDX,01/07/2025,09:23:03,103915.58,0,0,0,0,0,0
SMEIPO.BSE_IDX,01/07/2025,09:23:11,103909.58,0,0,0,0,0,0
SMEIPO.BSE_IDX,01/07/2025,09:23:19,103892.57,0,0,0,0,0,0
SMEIPO.BSE_IDX,01/07/2025,09:23:27,103899.52,0,0,0,0,0,0
SMEIPO.BSE_IDX,01/07/2025,09:23:35,103916.27,0,0,0,0,0,0
SMEIPO.BSE_IDX,01/07/2025,09:23:44,103935.03,0,0,0,0,0,0
SMEIPO.BSE_IDX,01/07/2025,09:23:51,103935.03,0,0,0,0,0,0
SMEIPO.BSE_IDX,01/07/2025,09:23:59,103935.03,0,0,0,0,0,0
SMEIPO.BSE_IDX,01/07/2025,09:24:08,103935.03,0,0,0,0,0,0
SMEIPO.BSE_IDX,01/07/2025,09:24:15,103888.12,0,0,0,0,0,0
SMEIPO.BSE_IDX,01/07/2025,09:24:23,103888.12,0,0,0,0,0,0
SMEIPO.BSE_IDX,01/07/2025,09:24:32,103888.12,0,0,0,0,0,0
SMEIPO.BSE_IDX,01/07/2025,09:24:39,103876.25,0,0,0,0,0,0
SMEIPO.BSE_IDX,01/07/2025,09:24:48,103872.77,0,0,0,0,0,0
SMEIPO.BSE_IDX,01/07/2025,09:24:57,103872.77,0,0,0,0,0,0
SMEIPO.BSE_IDX,01/07/2025,09:25:03,103872.77,0,0,0,0,0,0
SMEIPO.BSE_IDX,01/07/2025,09:25:12,103931.27,0,0,0,0,0,0
SMEIPO.BSE_IDX,01/07/2025,09:25:19,103931.27,0,0,0,0,0,0
SMEIPO.BSE_IDX,01/07/2025,09:25:29,103931.27,0,0,0,0,0,0
SMEIPO.BSE_IDX,01/07/2025,09:25:35,103932.82,0,0,0,0,0,0
SMEIPO.BSE_IDX,01/07/2025,09:25:43,103932.82,0,0,0,0,0,0
SMEIPO.BSE_IDX,01/07/2025,09:25:51,103932.82,0,0,0,0,0,0
SMEIPO.BSE_IDX,01/07/2025,09:25:59,103932.82,0,0,0,0,0,0
SMEIPO.BSE_IDX,01/07/2025,09:26:08,103932.82,0,0,0,0,0,0
SMEIPO.BSE_IDX,01/07/2025,09:26:15,103932.82,0,0,0,0,0,0
SMEIPO.BSE_IDX,01/07/2025,09:26:23,103901.31,0,0,0,0,0,0
SMEIPO.BSE_IDX,01/07/2025,09:26:31,103875.85,0,0,0,0,0,0
SMEIPO.BSE_IDX,01/07/2025,09:26:39,103875.99,0,0,0,0,0,0
SMEIPO.BSE_IDX,01/07/2025,09:26:48,103936.01,0,0,0,0,0,0
SMEIPO.BSE_IDX,01/07/2025,09:26:55,103936.01,0,0,0,0,0,0
SMEIPO.BSE_IDX,01/07/2025,09:27:04,103936.01,0,0,0,0,0,0
SMEIPO.BSE_IDX,01/07/2025,09:27:12,103931.11,0,0,0,0,0,0
SMEIPO.BSE_IDX,01/07/2025,09:27:19,103936.79,0,0,0,0,0,0
SMEIPO.BSE_IDX,01/07/2025,09:27:28,103931.11,0,0,0,0,0,0
SMEIPO.BSE_IDX,01/07/2025,09:27:36,103885.67,0,0,0,0,0,0
SMEIPO.BSE_IDX,01/07/2025,09:27:44,103823.16,0,0,0,0,0,0
SMEIPO.BSE_IDX,01/07/2025,09:27:51,104008.61,0,0,0,0,0,0
SMEIPO.BSE_IDX,01/07/2025,09:28:00,103907.46,0,0,0,0,0,0
SMEIPO.BSE_IDX,01/07/2025,09:28:08,103907.46,0,0,0,0,0,0
SMEIPO.BSE_IDX,01/07/2025,09:28:16,103907.46,0,0,0,0,0,0
SMEIPO.BSE_IDX,01/07/2025,09:28:24,103907.46,0,0,0,0,0,0
SMEIPO.BSE_IDX,01/07/2025,09:28:32,104083.63,0,0,0,0,0,0
SMEIPO.BSE_IDX,01/07/2025,09:28:40,104083.63,0,0,0,0,0,0
SMEIPO.BSE_IDX,01/07/2025,09:28:48,104076.75,0,0,0,0,0,0
SMEIPO.BSE_IDX,01/07/2025,09:28:56,104076.75,0,0,0,0,0,0
SMEIPO.BSE_IDX,01/07/2025,09:29:04,104076.75,0,0,0,0,0,0
SMEIPO.BSE_IDX,01/07/2025,09:29:12,104076.75,0,0,0,0,0,0
SMEIPO.BSE_IDX,01/07/2025,09:29:20,104088.75,0,0,0,0,0,0
SMEIPO.BSE_IDX,01/07/2025,09:29:28,104105.18,0,0,0,0,0,0
SMEIPO.BSE_IDX,01/07/2025,09:29:36,103743.42,0,0,0,0,0,0
SMEIPO.BSE_IDX,01/07/2025,09:29:44,103733.5,0,0,0,0,0,0
SMEIPO.BSE_IDX,01/07/2025,09:29:52,103733.5,0,0,0,0,0,0
SMEIPO.BSE_IDX,01/07/2025,09:30:00,103733.5,0,0,0,0,0,0
SMEIPO.BSE_IDX,01/07/2025,09:30:08,103796.67,0,0,0,0,0,0
SMEIPO.BSE_IDX,01/07/2025,09:30:16,103806.59,0,0,0,0,0,0
SMEIPO.BSE_IDX,01/07/2025,09:30:24,103806.59,0,0,0,0,0,0
SMEIPO.BSE_IDX,01/07/2025,09:30:32,103813.47,0,0,0,0,0,0
SMEIPO.BSE_IDX,01/07/2025,09:30:40,103813.47,0,0,0,0,0,0
SMEIPO.BSE_IDX,01/07/2025,09:30:48,103813.47,0,0,0,0,0,0
SMEIPO.BSE_IDX,01/07/2025,09:30:56,103815.49,0,0,0,0,0,0
SMEIPO.BSE_IDX,01/07/2025,09:31:04,103815.49,0,0,0,0,0,0
SMEIPO.BSE_IDX,01/07/2025,09:31:12,103815.49,0,0,0,0,0,0
SMEIPO.BSE_IDX,01/07/2025,09:31:20,103815.49,0,0,0,0,0,0
SMEIPO.BSE_IDX,01/07/2025,09:31:28,103815.49,0,0,0,0,0,0
SMEIPO.BSE_IDX,01/07/2025,09:31:36,103799.25,0,0,0,0,0,0
SMEIPO.BSE_IDX,01/07/2025,09:31:44,103799.25,0,0,0,0,0,0
SMEIPO.BSE_IDX,01/07/2025,09:31:52,103799.25,0,0,0,0,0,0
SMEIPO.BSE_IDX,01/07/2025,09:32:00,103794.91,0,0,0,0,0,0
SMEIPO.BSE_IDX,01/07/2025,09:32:08,103794.91,0,0,0,0,0,0
SMEIPO.BSE_IDX,01/07/2025,09:32:16,103794.91,0,0,0,0,0,0
SMEIPO.BSE_IDX,01/07/2025,09:32:24,103794.91,0,0,0,0,0,0
SMEIPO.BSE_IDX,01/07/2025,09:32:32,103815.55,0,0,0,0,0,0
SMEIPO.BSE_IDX,01/07/2025,09:32:40,103815.55,0,0,0,0,0,0
SMEIPO.BSE_IDX,01/07/2025,09:32:48,103815.55,0,0,0,0,0,0
SMEIPO.BSE_IDX,01/07/2025,09:32:56,103815.55,0,0,0,0,0,0
SMEIPO.BSE_IDX,01/07/2025,09:33:04,103815.55,0,0,0,0,0,0
SMEIPO.BSE_IDX,01/07/2025,09:33:12,103815.55,0,0,0,0,0,0
SMEIPO.BSE_IDX,01/07/2025,09:33:20,103815.55,0,0,0,0,0,0
SMEIPO.BSE_IDX,01/07/2025,09:33:28,103825.24,0,0,0,0,0,0
SMEIPO.BSE_IDX,01/07/2025,09:33:36,103815.69,0,0,0,0,0,0
SMEIPO.BSE_IDX,01/07/2025,09:33:44,103815.69,0,0,0,0,0,0
SMEIPO.BSE_IDX,01/07/2025,09:33:52,103815.69,0,0,0,0,0,0
SMEIPO.BSE_IDX,01/07/2025,09:34:00,103815.69,0,0,0,0,0,0
SMEIPO.BSE_IDX,01/07/2025,09:34:08,103816.33,0,0,0,0,0,0
SMEIPO.BSE_IDX,01/07/2025,09:34:16,103815.66,0,0,0,0,0,0
SMEIPO.BSE_IDX,01/07/2025,09:34:24,103966.64,0,0,0,0,0,0
SMEIPO.BSE_IDX,01/07/2025,09:34:32,103984.02,0,0,0,0,0,0
SMEIPO.BSE_IDX,01/07/2025,09:34:40,103984.02,0,0,0,0,0,0
SMEIPO.BSE_IDX,01/07/2025,09:34:48,104011.25,0,0,0,0,0,0
SMEIPO.BSE_IDX,01/07/2025,09:34:56,104012.22,0,0,0,0,0,0
SMEIPO.BSE_IDX,01/07/2025,09:35:05,104012.22,0,0,0,0,0,0
SMEIPO.BSE_IDX,01/07/2025,09:35:12,104012.22,0,0,0,0,0,0
SMEIPO.BSE_IDX,01/07/2025,09:35:20,104022.46,0,0,0,0,0,0
SMEIPO.BSE_IDX,01/07/2025,09:35:28,104022.46,0,0,0,0,0,0
SMEIPO.BSE_IDX,01/07/2025,09:35:36,104012.25,0,0,0,0,0,0
SMEIPO.BSE_IDX,01/07/2025,09:35:44,104012.25,0,0,0,0,0,0
SMEIPO.BSE_IDX,01/07/2025,09:35:52,103949.08,0,0,0,0,0,0
SMEIPO.BSE_IDX,01/07/2025,09:36:00,103930.13,0,0,0,0,0,0
SMEIPO.BSE_IDX,01/07/2025,09:36:08,103930.13,0,0,0,0,0,0
SMEIPO.BSE_IDX,01/07/2025,09:36:16,103930.13,0,0,0,0,0,0
SMEIPO.BSE_IDX,01/07/2025,09:36:24,103930.13,0,0,0,0,0,0
SMEIPO.BSE_IDX,01/07/2025,09:36:33,103930.13,0,0,0,0,0,0
SMEIPO.BSE_IDX,01/07/2025,09:36:40,103920.09,0,0,0,0,0,0
SMEIPO.BSE_IDX,01/07/2025,09:36:48,103920.09,0,0,0,0,0,0
SMEIPO.BSE_IDX,01/07/2025,09:36:56,103920.09,0,0,0,0,0,0
SMEIPO.BSE_IDX,01/07/2025,09:37:04,103920.76,0,0,0,0,0,0
SMEIPO.BSE_IDX,01/07/2025,09:37:12,103920.76,0,0,0,0,0,0
SMEIPO.BSE_IDX,01/07/2025,09:37:20,103920.76,0,0,0,0,0,0
SMEIPO.BSE_IDX,01/07/2025,09:37:28,103918.08,0,0,0,0,0,0
SMEIPO.BSE_IDX,01/07/2025,09:37:36,103892.81,0,0,0,0,0,0
SMEIPO.BSE_IDX,01/07/2025,09:37:44,103829.63,0,0,0,0,0,0
SMEIPO.BSE_IDX,01/07/2025,09:37:52,103829.63,0,0,0,0,0,0
SMEIPO.BSE_IDX,01/07/2025,09:38:00,103805.63,0,0,0,0,0,0
SMEIPO.BSE_IDX,01/07/2025,09:38:08,103777.41,0,0,0,0,0,0
SMEIPO.BSE_IDX,01/07/2025,09:38:16,103777.41,0,0,0,0,0,0
SMEIPO.BSE_IDX,01/07/2025,09:38:24,103777.41,0,0,0,0,0,0
SMEIPO.BSE_IDX,01/07/2025,09:38:32,103777.41,0,0,0,0,0,0
SMEIPO.BSE_IDX,01/07/2025,09:38:40,103777.41,0,0,0,0,0,0
SMEIPO.BSE_IDX,01/07/2025,09:38:48,103763.04,0,0,0,0,0,0
SMEIPO.BSE_IDX,01/07/2025,09:38:56,103763.04,0,0,0,0,0,0
SMEIPO.BSE_IDX,01/07/2025,09:39:04,103763.04,0,0,0,0,0,0
SMEIPO.BSE_IDX,01/07/2025,09:39:12,103763.04,0,0,0,0,0,0
SMEIPO.BSE_IDX,01/07/2025,09:39:20,103758.58,0,0,0,0,0,0
SMEIPO.BSE_IDX,01/07/2025,09:39:28,103758.58,0,0,0,0,0,0
SMEIPO.BSE_IDX,01/07/2025,09:39:36,103758.58,0,0,0,0,0,0
SMEIPO.BSE_IDX,01/07/2025,09:39:44,103758.58,0,0,0,0,0,0
SMEIPO.BSE_IDX,01/07/2025,09:39:52,103758.58,0,0,0,0,0,0
SMEIPO.BSE_IDX,01/07/2025,09:40:00,103758.58,0,0,0,0,0,0
SMEIPO.BSE_IDX,01/07/2025,09:40:08,103758.58,0,0,0,0,0,0
SMEIPO.BSE_IDX,01/07/2025,09:40:16,103738.16,0,0,0,0,0,0
SMEIPO.BSE_IDX,01/07/2025,09:40:24,103738.16,0,0,0,0,0,0
SMEIPO.BSE_IDX,01/07/2025,09:40:32,103738.16,0,0,0,0,0,0
SMEIPO.BSE_IDX,01/07/2025,09:40:40,103738.16,0,0,0,0,0,0
SMEIPO.BSE_IDX,01/07/2025,09:40:48,103738.16,0,0,0,0,0,0
SMEIPO.BSE_IDX,01/07/2025,09:40:56,103715.51,0,0,0,0,0,0
SMEIPO.BSE_IDX,01/07/2025,09:41:04,103715.51,0,0,0,0,0,0
SMEIPO.BSE_IDX,01/07/2025,09:41:12,103715.51,0,0,0,0,0,0
SMEIPO.BSE_IDX,01/07/2025,09:41:20,103715.51,0,0,0,0,0,0
SMEIPO.BSE_IDX,01/07/2025,09:41:28,103715.51,0,0,0,0,0,0
SMEIPO.BSE_IDX,01/07/2025,09:41:36,103715.51,0,0,0,0,0,0
SMEIPO.BSE_IDX,01/07/2025,09:41:44,103715.51,0,0,0,0,0,0
SMEIPO.BSE_IDX,01/07/2025,09:41:52,103715.51,0,0,0,0,0,0
SMEIPO.BSE_IDX,01/07/2025,09:42:00,103715.51,0,0,0,0,0,0
SMEIPO.BSE_IDX,01/07/2025,09:42:08,103715.51,0,0,0,0,0,0
SMEIPO.BSE_IDX,01/07/2025,09:42:16,103715.51,0,0,0,0,0,0
SMEIPO.BSE_IDX,01/07/2025,09:42:24,103715.51,0,0,0,0,0,0
SMEIPO.BSE_IDX,01/07/2025,09:42:32,103675.71,0,0,0,0,0,0
SMEIPO.BSE_IDX,01/07/2025,09:42:40,103674.29,0,0,0,0,0,0
SMEIPO.BSE_IDX,01/07/2025,09:42:48,103674.29,0,0,0,0,0,0
SMEIPO.BSE_IDX,01/07/2025,09:42:56,103673.59,0,0,0,0,0,0
SMEIPO.BSE_IDX,01/07/2025,09:43:04,103673.59,0,0,0,0,0,0
SMEIPO.BSE_IDX,01/07/2025,09:43:12,103673.59,0,0,0,0,0,0
SMEIPO.BSE_IDX,01/07/2025,09:43:20,103638.78,0,0,0,0,0,0
SMEIPO.BSE_IDX,01/07/2025,09:43:28,103638.78,0,0,0,0,0,0
SMEIPO.BSE_IDX,01/07/2025,09:43:36,103639.65,0,0,0,0,0,0
SMEIPO.BSE_IDX,01/07/2025,09:43:44,103640.36,0,0,0,0,0,0
SMEIPO.BSE_IDX,01/07/2025,09:43:53,103640.36,0,0,0,0,0,0
SMEIPO.BSE_IDX,01/07/2025,09:44:00,103640.36,0,0,0,0,0,0
SMEIPO.BSE_IDX,01/07/2025,09:44:08,103640.36,0,0,0,0,0,0
SMEIPO.BSE_IDX,01/07/2025,09:44:16,103640.36,0,0,0,0,0,0
SMEIPO.BSE_IDX,01/07/2025,09:44:24,103640.36,0,0,0,0,0,0
SMEIPO.BSE_IDX,01/07/2025,09:44:32,103640.36,0,0,0,0,0,0
SMEIPO.BSE_IDX,01/07/2025,09:44:40,103645.41,0,0,0,0,0,0
SMEIPO.BSE_IDX,01/07/2025,09:44:48,103645.41,0,0,0,0,0,0
SMEIPO.BSE_IDX,01/07/2025,09:44:56,103645.41,0,0,0,0,0,0
SMEIPO.BSE_IDX,01/07/2025,09:45:05,103655.24,0,0,0,0,0,0
SMEIPO.BSE_IDX,01/07/2025,09:45:12,103655.24,0,0,0,0,0,0
SMEIPO.BSE_IDX,01/07/2025,09:45:20,103655.24,0,0,0,0,0,0
SMEIPO.BSE_IDX,01/07/2025,09:45:28,103655.24,0,0,0,0,0,0
SMEIPO.BSE_IDX,01/07/2025,09:45:36,103655.24,0,0,0,0,0,0
SMEIPO.BSE_IDX,01/07/2025,09:45:44,103655.24,0,0,0,0,0,0
SMEIPO.BSE_IDX,01/07/2025,09:45:52,103655.24,0,0,0,0,0,0
SMEIPO.BSE_IDX,01/07/2025,09:46:01,103655.24,0,0,0,0,0,0
SMEIPO.BSE_IDX,01/07/2025,09:46:08,103655.24,0,0,0,0,0,0
SMEIPO.BSE_IDX,01/07/2025,09:46:16,103655.24,0,0,0,0,0,0
SMEIPO.BSE_IDX,01/07/2025,09:46:24,103655.24,0,0,0,0,0,0
SMEIPO.BSE_IDX,01/07/2025,09:46:32,103551.36,0,0,0,0,0,0
SMEIPO.BSE_IDX,01/07/2025,09:46:40,103551.36,0,0,0,0,0,0
SMEIPO.BSE_IDX,01/07/2025,09:46:48,103563.52,0,0,0,0,0,0
SMEIPO.BSE_IDX,01/07/2025,09:46:56,103586.93,0,0,0,0,0,0
SMEIPO.BSE_IDX,01/07/2025,09:47:04,103586.93,0,0,0,0,0,0
SMEIPO.BSE_IDX,01/07/2025,09:47:12,103586.93,0,0,0,0,0,0
SMEIPO.BSE_IDX,01/07/2025,09:47:20,103586.93,0,0,0,0,0,0
SMEIPO.BSE_IDX,01/07/2025,09:47:28,103588.3,0,0,0,0,0,0
SMEIPO.BSE_IDX,01/07/2025,09:47:36,103581.93,0,0,0,0,0,0
SMEIPO.BSE_IDX,01/07/2025,09:47:44,103581.93,0,0,0,0,0,0
SMEIPO.BSE_IDX,01/07/2025,09:47:52,103581.93,0,0,0,0,0,0
SMEIPO.BSE_IDX,01/07/2025,09:48:00,103581.93,0,0,0,0,0,0
SMEIPO.BSE_IDX,01/07/2025,09:48:08,103581.93,0,0,0,0,0,0
SMEIPO.BSE_IDX,01/07/2025,09:48:16,103581.93,0,0,0,0,0,0
SMEIPO.BSE_IDX,01/07/2025,09:48:24,103582.63,0,0,0,0,0,0
SMEIPO.BSE_IDX,01/07/2025,09:48:32,103595.12,0,0,0,0,0,0
SMEIPO.BSE_IDX,01/07/2025,09:48:40,103595.12,0,0,0,0,0,0
SMEIPO.BSE_IDX,01/07/2025,09:48:48,103595.12,0,0,0,0,0,0
SMEIPO.BSE_IDX,01/07/2025,09:48:56,103595.12,0,0,0,0,0,0
SMEIPO.BSE_IDX,01/07/2025,09:49:04,103595.12,0,0,0,0,0,0
SMEIPO.BSE_IDX,01/07/2025,09:49:12,103595.12,0,0,0,0,0,0
SMEIPO.BSE_IDX,01/07/2025,09:49:20,103595.12,0,0,0,0,0,0
SMEIPO.BSE_IDX,01/07/2025,09:49:28,103595.12,0,0,0,0,0,0
SMEIPO.BSE_IDX,01/07/2025,09:49:36,103591.63,0,0,0,0,0,0
SMEIPO.BSE_IDX,01/07/2025,09:49:44,103645.25,0,0,0,0,0,0
SMEIPO.BSE_IDX,01/07/2025,09:49:52,103677.92,0,0,0,0,0,0
SMEIPO.BSE_IDX,01/07/2025,09:50:00,103677.92,0,0,0,0,0,0
SMEIPO.BSE_IDX,01/07/2025,09:50:08,103677.92,0,0,0,0,0,0
SMEIPO.BSE_IDX,01/07/2025,09:50:16,103677.92,0,0,0,0,0,0
SMEIPO.BSE_IDX,01/07/2025,09:50:24,103681.26,0,0,0,0,0,0
SMEIPO.BSE_IDX,01/07/2025,09:50:32,103681.26,0,0,0,0,0,0
SMEIPO.BSE_IDX,01/07/2025,09:50:40,103681.12,0,0,0,0,0,0
SMEIPO.BSE_IDX,01/07/2025,09:50:48,103685.31,0,0,0,0,0,0
SMEIPO.BSE_IDX,01/07/2025,09:50:57,103685.31,0,0,0,0,0,0
SMEIPO.BSE_IDX,01/07/2025,09:51:04,103688.87,0,0,0,0,0,0
SMEIPO.BSE_IDX,01/07/2025,09:51:12,103651.5,0,0,0,0,0,0
SMEIPO.BSE_IDX,01/07/2025,09:51:20,103647.31,0,0,0,0,0,0
SMEIPO.BSE_IDX,01/07/2025,09:51:28,103663.97,0,0,0,0,0,0
SMEIPO.BSE_IDX,01/07/2025,09:51:37,103663.97,0,0,0,0,0,0
SMEIPO.BSE_IDX,01/07/2025,09:51:44,103663.97,0,0,0,0,0,0
SMEIPO.BSE_IDX,01/07/2025,09:51:52,103651.08,0,0,0,0,0,0
SMEIPO.BSE_IDX,01/07/2025,09:52:01,103651.08,0,0,0,0,0,0
SMEIPO.BSE_IDX,01/07/2025,09:52:08,103651.08,0,0,0,0,0,0
SMEIPO.BSE_IDX,01/07/2025,09:52:17,103651.08,0,0,0,0,0,0
SMEIPO.BSE_IDX,01/07/2025,09:52:24,103655.42,0,0,0,0,0,0
SMEIPO.BSE_IDX,01/07/2025,09:52:32,103655.42,0,0,0,0,0,0
SMEIPO.BSE_IDX,01/07/2025,09:52:40,103655.42,0,0,0,0,0,0
SMEIPO.BSE_IDX,01/07/2025,09:52:48,103635.58,0,0,0,0,0,0
SMEIPO.BSE_IDX,01/07/2025,09:52:57,103635.58,0,0,0,0,0,0
SMEIPO.BSE_IDX,01/07/2025,09:53:04,103635.58,0,0,0,0,0,0
SMEIPO.BSE_IDX,01/07/2025,09:53:13,103635.58,0,0,0,0,0,0
SMEIPO.BSE_IDX,01/07/2025,09:53:20,103635.58,0,0,0,0,0,0
SMEIPO.BSE_IDX,01/07/2025,09:53:28,103635.58,0,0,0,0,0,0
SMEIPO.BSE_IDX,01/07/2025,09:53:36,103635.58,0,0,0,0,0,0
SMEIPO.BSE_IDX,01/07/2025,09:53:44,103635.58,0,0,0,0,0,0
SMEIPO.BSE_IDX,01/07/2025,09:53:52,103635.58,0,0,0,0,0,0
SMEIPO.BSE_IDX,01/07/2025,09:54:00,103640.63,0,0,0,0,0,0
SMEIPO.BSE_IDX,01/07/2025,09:54:08,103635.58,0,0,0,0,0,0
SMEIPO.BSE_IDX,01/07/2025,09:54:16,103635.58,0,0,0,0,0,0
SMEIPO.BSE_IDX,01/07/2025,09:54:24,103636.57,0,0,0,0,0,0
SMEIPO.BSE_IDX,01/07/2025,09:54:32,103636.57,0,0,0,0,0,0
SMEIPO.BSE_IDX,01/07/2025,09:54:40,103642.53,0,0,0,0,0,0
SMEIPO.BSE_IDX,01/07/2025,09:54:48,103642.53,0,0,0,0,0,0
SMEIPO.BSE_IDX,01/07/2025,09:54:56,103642.53,0,0,0,0,0,0
SMEIPO.BSE_IDX,01/07/2025,09:55:04,103642.53,0,0,0,0,0,0
SMEIPO.BSE_IDX,01/07/2025,09:55:12,103642.53,0,0,0,0,0,0
SMEIPO.BSE_IDX,01/07/2025,09:55:20,103642.53,0,0,0,0,0,0
SMEIPO.BSE_IDX,01/07/2025,09:55:28,103642.53,0,0,0,0,0,0
SMEIPO.BSE_IDX,01/07/2025,09:55:36,103642.53,0,0,0,0,0,0
SMEIPO.BSE_IDX,01/07/2025,09:55:44,103642.53,0,0,0,0,0,0
SMEIPO.BSE_IDX,01/07/2025,09:55:52,103630.3,0,0,0,0,0,0
SMEIPO.BSE_IDX,01/07/2025,09:56:00,103630.3,0,0,0,0,0,0
SMEIPO.BSE_IDX,01/07/2025,09:56:08,103630.3,0,0,0,0,0,0
SMEIPO.BSE_IDX,01/07/2025,09:56:16,103630.3,0,0,0,0,0,0
SMEIPO.BSE_IDX,01/07/2025,09:56:25,103623.35,0,0,0,0,0,0
SMEIPO.BSE_IDX,01/07/2025,09:56:32,103641.67,0,0,0,0,0,0
SMEIPO.BSE_IDX,01/07/2025,09:56:41,103641.67,0,0,0,0,0,0
SMEIPO.BSE_IDX,01/07/2025,09:56:48,103641.67,0,0,0,0,0,0
SMEIPO.BSE_IDX,01/07/2025,09:56:57,103622.38,0,0,0,0,0,0
SMEIPO.BSE_IDX,01/07/2025,09:57:04,103603.09,0,0,0,0,0,0
SMEIPO.BSE_IDX,01/07/2025,09:57:12,103600.3,0,0,0,0,0,0
SMEIPO.BSE_IDX,01/07/2025,09:57:20,103600.3,0,0,0,0,0,0
SMEIPO.BSE_IDX,01/07/2025,09:57:28,103600.3,0,0,0,0,0,0
SMEIPO.BSE_IDX,01/07/2025,09:57:36,103600.3,0,0,0,0,0,0
SMEIPO.BSE_IDX,01/07/2025,09:57:44,103600.3,0,0,0,0,0,0
SMEIPO.BSE_IDX,01/07/2025,09:57:52,103679.53,0,0,0,0,0,0
SMEIPO.BSE_IDX,01/07/2025,09:58:00,103679.53,0,0,0,0,0,0
SMEIPO.BSE_IDX,01/07/2025,09:58:08,103679.53,0,0,0,0,0,0
SMEIPO.BSE_IDX,01/07/2025,09:58:16,103679.53,0,0,0,0,0,0
SMEIPO.BSE_IDX,01/07/2025,09:58:24,103669.61,0,0,0,0,0,0
SMEIPO.BSE_IDX,01/07/2025,09:58:32,103669.61,0,0,0,0,0,0
SMEIPO.BSE_IDX,01/07/2025,09:58:40,103669.61,0,0,0,0,0,0
SMEIPO.BSE_IDX,01/07/2025,09:58:48,103669.61,0,0,0,0,0,0
SMEIPO.BSE_IDX,01/07/2025,09:58:56,103667.13,0,0,0,0,0,0
SMEIPO.BSE_IDX,01/07/2025,09:59:05,103667.13,0,0,0,0,0,0
SMEIPO.BSE_IDX,01/07/2025,09:59:12,103669.87,0,0,0,0,0,0
SMEIPO.BSE_IDX,01/07/2025,09:59:20,103669.87,0,0,0,0,0,0
SMEIPO.BSE_IDX,01/07/2025,09:59:28,103669.87,0,0,0,0,0,0
SMEIPO.BSE_IDX,01/07/2025,09:59:36,103669.87,0,0,0,0,0,0
SMEIPO.BSE_IDX,01/07/2025,09:59:45,103669.87,0,0,0,0,0,0
SMEIPO.BSE_IDX,01/07/2025,09:59:52,103669.87,0,0,0,0,0,0
SMEIPO.BSE_IDX,01/07/2025,10:00:00,103669.87,0,0,0,0,0,0
SMEIPO.BSE_IDX,01/07/2025,10:00:08,103669.87,0,0,0,0,0,0
SMEIPO.BSE_IDX,01/07/2025,10:00:16,103669.87,0,0,0,0,0,0
SMEIPO.BSE_IDX,01/07/2025,10:00:24,103669.87,0,0,0,0,0,0
SMEIPO.BSE_IDX,01/07/2025,10:00:32,103669.87,0,0,0,0,0,0
SMEIPO.BSE_IDX,01/07/2025,10:00:40,103674.83,0,0,0,0,0,0
SMEIPO.BSE_IDX,01/07/2025,10:00:48,103674.83,0,0,0,0,0,0
SMEIPO.BSE_IDX,01/07/2025,10:00:56,103674.83,0,0,0,0,0,0
SMEIPO.BSE_IDX,01/07/2025,10:01:04,103674.83,0,0,0,0,0,0
SMEIPO.BSE_IDX,01/07/2025,10:01:12,103674.83,0,0,0,0,0,0
SMEIPO.BSE_IDX,01/07/2025,10:01:21,103677.26,0,0,0,0,0,0
SMEIPO.BSE_IDX,01/07/2025,10:01:28,103677.26,0,0,0,0,0,0
SMEIPO.BSE_IDX,01/07/2025,10:01:36,103677.26,0,0,0,0,0,0
SMEIPO.BSE_IDX,01/07/2025,10:01:44,103677.26,0,0,0,0,0,0
SMEIPO.BSE_IDX,01/07/2025,10:01:52,103677.26,0,0,0,0,0,0
SMEIPO.BSE_IDX,01/07/2025,10:02:00,103672.3,0,0,0,0,0,0
SMEIPO.BSE_IDX,01/07/2025,10:02:08,103672.3,0,0,0,0,0,0
SMEIPO.BSE_IDX,01/07/2025,10:02:16,103672.3,0,0,0,0,0,0
SMEIPO.BSE_IDX,01/07/2025,10:02:24,103672.3,0,0,0,0,0,0
SMEIPO.BSE_IDX,01/07/2025,10:02:32,103675.27,0,0,0,0,0,0
SMEIPO.BSE_IDX,01/07/2025,10:02:41,103677.26,0,0,0,0,0,0
SMEIPO.BSE_IDX,01/07/2025,10:02:49,103651.35,0,0,0,0,0,0
SMEIPO.BSE_IDX,01/07/2025,10:02:56,103651.35,0,0,0,0,0,0
SMEIPO.BSE_IDX,01/07/2025,10:03:04,103641.43,0,0,0,0,0,0
SMEIPO.BSE_IDX,01/07/2025,10:03:13,103641.43,0,0,0,0,0,0
SMEIPO.BSE_IDX,01/07/2025,10:03:20,103641.43,0,0,0,0,0,0
SMEIPO.BSE_IDX,01/07/2025,10:03:29,103641.43,0,0,0,0,0,0
SMEIPO.BSE_IDX,01/07/2025,10:03:37,103641.43,0,0,0,0,0,0
SMEIPO.BSE_IDX,01/07/2025,10:03:45,103641.43,0,0,0,0,0,0
SMEIPO.BSE_IDX,01/07/2025,10:03:53,103641.43,0,0,0,0,0,0
SMEIPO.BSE_IDX,01/07/2025,10:04:01,103641.43,0,0,0,0,0,0
SMEIPO.BSE_IDX,01/07/2025,10:04:09,103645.29,0,0,0,0,0,0
SMEIPO.BSE_IDX,01/07/2025,10:04:17,103634.58,0,0,0,0,0,0
SMEIPO.BSE_IDX,01/07/2025,10:04:25,103631.9,0,0,0,0,0,0
SMEIPO.BSE_IDX,01/07/2025,10:04:33,103631.9,0,0,0,0,0,0
SMEIPO.BSE_IDX,01/07/2025,10:04:41,103612.61,0,0,0,0,0,0
SMEIPO.BSE_IDX,01/07/2025,10:04:50,103612.61,0,0,0,0,0,0
SMEIPO.BSE_IDX,01/07/2025,10:04:57,103579.59,0,0,0,0,0,0
SMEIPO.BSE_IDX,01/07/2025,10:05:05,103579.59,0,0,0,0,0,0
SMEIPO.BSE_IDX,01/07/2025,10:05:14,103600.24,0,0,0,0,0,0
SMEIPO.BSE_IDX,01/07/2025,10:05:21,103613.31,0,0,0,0,0,0
SMEIPO.BSE_IDX,01/07/2025,10:05:29,103613.31,0,0,0,0,0,0
SMEIPO.BSE_IDX,01/07/2025,10:05:37,103619.76,0,0,0,0,0,0
SMEIPO.BSE_IDX,01/07/2025,10:05:45,103603.39,0,0,0,0,0,0
SMEIPO.BSE_IDX,01/07/2025,10:05:53,103526.23,0,0,0,0,0,0
SMEIPO.BSE_IDX,01/07/2025,10:06:01,103526.23,0,0,0,0,0,0
SMEIPO.BSE_IDX,01/07/2025,10:06:09,103526.23,0,0,0,0,0,0
SMEIPO.BSE_IDX,01/07/2025,10:06:17,103531.19,0,0,0,0,0,0
SMEIPO.BSE_IDX,01/07/2025,10:06:25,103531.19,0,0,0,0,0,0
SMEIPO.BSE_IDX,01/07/2025,10:06:33,103531.19,0,0,0,0,0,0
SMEIPO.BSE_IDX,01/07/2025,10:06:41,103528.75,0,0,0,0,0,0
SMEIPO.BSE_IDX,01/07/2025,10:06:49,103528.75,0,0,0,0,0,0
SMEIPO.BSE_IDX,01/07/2025,10:06:57,103528.75,0,0,0,0,0,0
SMEIPO.BSE_IDX,01/07/2025,10:07:05,103528.75,0,0,0,0,0,0
SMEIPO.BSE_IDX,01/07/2025,10:07:13,103528.75,0,0,0,0,0,0
SMEIPO.BSE_IDX,01/07/2025,10:07:21,103528.75,0,0,0,0,0,0
SMEIPO.BSE_IDX,01/07/2025,10:07:29,103528.75,0,0,0,0,0,0
SMEIPO.BSE_IDX,01/07/2025,10:07:37,103528.75,0,0,0,0,0,0
SMEIPO.BSE_IDX,01/07/2025,10:07:45,103528.75,0,0,0,0,0,0
SMEIPO.BSE_IDX,01/07/2025,10:07:53,103528.75,0,0,0,0,0,0
SMEIPO.BSE_IDX,01/07/2025,10:08:01,103528.75,0,0,0,0,0,0
SMEIPO.BSE_IDX,01/07/2025,10:08:09,103529.44,0,0,0,0,0,0
SMEIPO.BSE_IDX,01/07/2025,10:08:17,103529.44,0,0,0,0,0,0
SMEIPO.BSE_IDX,01/07/2025,10:08:25,103529.44,0,0,0,0,0,0
SMEIPO.BSE_IDX,01/07/2025,10:08:33,103529.44,0,0,0,0,0,0
SMEIPO.BSE_IDX,01/07/2025,10:08:41,103529.44,0,0,0,0,0,0
SMEIPO.BSE_IDX,01/07/2025,10:08:49,103529.44,0,0,0,0,0,0
SMEIPO.BSE_IDX,01/07/2025,10:08:57,103529.44,0,0,0,0,0,0
SMEIPO.BSE_IDX,01/07/2025,10:09:05,103529.44,0,0,0,0,0,0
SMEIPO.BSE_IDX,01/07/2025,10:09:13,103496.53,0,0,0,0,0,0
SMEIPO.BSE_IDX,01/07/2025,10:09:21,103592.03,0,0,0,0,0,0
SMEIPO.BSE_IDX,01/07/2025,10:09:29,103592.03,0,0,0,0,0,0
SMEIPO.BSE_IDX,01/07/2025,10:09:37,103592.03,0,0,0,0,0,0
SMEIPO.BSE_IDX,01/07/2025,10:09:45,103516.79,0,0,0,0,0,0
SMEIPO.BSE_IDX,01/07/2025,10:09:53,103516.79,0,0,0,0,0,0
SMEIPO.BSE_IDX,01/07/2025,10:10:01,103516.79,0,0,0,0,0,0
SMEIPO.BSE_IDX,01/07/2025,10:10:09,103516.79,0,0,0,0,0,0
SMEIPO.BSE_IDX,01/07/2025,10:10:17,103516.79,0,0,0,0,0,0
SMEIPO.BSE_IDX,01/07/2025,10:10:25,103499.62,0,0,0,0,0,0
SMEIPO.BSE_IDX,01/07/2025,10:10:33,103486.23,0,0,0,0,0,0
SMEIPO.BSE_IDX,01/07/2025,10:10:41,103499.62,0,0,0,0,0,0
SMEIPO.BSE_IDX,01/07/2025,10:10:49,103499.62,0,0,0,0,0,0
SMEIPO.BSE_IDX,01/07/2025,10:10:57,103498.23,0,0,0,0,0,0
SMEIPO.BSE_IDX,01/07/2025,10:11:05,103494.67,0,0,0,0,0,0
SMEIPO.BSE_IDX,01/07/2025,10:11:13,103494.67,0,0,0,0,0,0
SMEIPO.BSE_IDX,01/07/2025,10:11:22,103494.67,0,0,0,0,0,0
SMEIPO.BSE_IDX,01/07/2025,10:11:29,103494.67,0,0,0,0,0,0
SMEIPO.BSE_IDX,01/07/2025,10:11:37,103494.67,0,0,0,0,0,0
SMEIPO.BSE_IDX,01/07/2025,10:11:45,103494.67,0,0,0,0,0,0
SMEIPO.BSE_IDX,01/07/2025,10:11:53,103494.67,0,0,0,0,0,0
SMEIPO.BSE_IDX,01/07/2025,10:12:01,103494.67,0,0,0,0,0,0
SMEIPO.BSE_IDX,01/07/2025,10:12:09,103494.67,0,0,0,0,0,0
SMEIPO.BSE_IDX,01/07/2025,10:12:17,103494.67,0,0,0,0,0,0
SMEIPO.BSE_IDX,01/07/2025,10:12:25,103494.67,0,0,0,0,0,0
SMEIPO.BSE_IDX,01/07/2025,10:12:33,103494.67,0,0,0,0,0,0
SMEIPO.BSE_IDX,01/07/2025,10:12:41,103494.67,0,0,0,0,0,0
SMEIPO.BSE_IDX,01/07/2025,10:12:49,103494.67,0,0,0,0,0,0
SMEIPO.BSE_IDX,01/07/2025,10:12:57,103494.67,0,0,0,0,0,0
SMEIPO.BSE_IDX,01/07/2025,10:13:05,103494.67,0,0,0,0,0,0
SMEIPO.BSE_IDX,01/07/2025,10:13:13,103477.91,0,0,0,0,0,0
SMEIPO.BSE_IDX,01/07/2025,10:13:21,103477.91,0,0,0,0,0,0
SMEIPO.BSE_IDX,01/07/2025,10:13:29,103477.91,0,0,0,0,0,0
SMEIPO.BSE_IDX,01/07/2025,10:13:37,103476.37,0,0,0,0,0,0
SMEIPO.BSE_IDX,01/07/2025,10:13:45,103476.37,0,0,0,0,0,0
SMEIPO.BSE_IDX,01/07/2025,10:13:53,103476.37,0,0,0,0,0,0
SMEIPO.BSE_IDX,01/07/2025,10:14:01,103497.69,0,0,0,0,0,0
SMEIPO.BSE_IDX,01/07/2025,10:14:09,103497.69,0,0,0,0,0,0
SMEIPO.BSE_IDX,01/07/2025,10:14:17,103500.48,0,0,0,0,0,0
SMEIPO.BSE_IDX,01/07/2025,10:14:25,103500.48,0,0,0,0,0,0
SMEIPO.BSE_IDX,01/07/2025,10:14:33,103500.48,0,0,0,0,0,0
SMEIPO.BSE_IDX,01/07/2025,10:14:41,103500.48,0,0,0,0,0,0
SMEIPO.BSE_IDX,01/07/2025,10:14:49,103463.84,0,0,0,0,0,0
SMEIPO.BSE_IDX,01/07/2025,10:14:57,103457.14,0,0,0,0,0,0
SMEIPO.BSE_IDX,01/07/2025,10:15:05,103453.75,0,0,0,0,0,0
SMEIPO.BSE_IDX,01/07/2025,10:15:13,103431.64,0,0,0,0,0,0
SMEIPO.BSE_IDX,01/07/2025,10:15:21,103431.64,0,0,0,0,0,0
SMEIPO.BSE_IDX,01/07/2025,10:15:29,103428.18,0,0,0,0,0,0
SMEIPO.BSE_IDX,01/07/2025,10:15:37,103430.83,0,0,0,0,0,0
SMEIPO.BSE_IDX,01/07/2025,10:15:45,103436.29,0,0,0,0,0,0
SMEIPO.BSE_IDX,01/07/2025,10:15:53,103436.29,0,0,0,0,0,0
SMEIPO.BSE_IDX,01/07/2025,10:16:01,103433.51,0,0,0,0,0,0
SMEIPO.BSE_IDX,01/07/2025,10:16:09,103446.9,0,0,0,0,0,0
SMEIPO.BSE_IDX,01/07/2025,10:16:17,103446.9,0,0,0,0,0,0
SMEIPO.BSE_IDX,01/07/2025,10:16:25,103446.9,0,0,0,0,0,0
SMEIPO.BSE_IDX,01/07/2025,10:16:33,103443.67,0,0,0,0,0,0
SMEIPO.BSE_IDX,01/07/2025,10:16:41,103443.67,0,0,0,0,0,0
SMEIPO.BSE_IDX,01/07/2025,10:16:49,103443.67,0,0,0,0,0,0
SMEIPO.BSE_IDX,01/07/2025,10:16:57,103423.06,0,0,0,0,0,0
SMEIPO.BSE_IDX,01/07/2025,10:17:05,103446.14,0,0,0,0,0,0
SMEIPO.BSE_IDX,01/07/2025,10:17:13,103446.14,0,0,0,0,0,0
SMEIPO.BSE_IDX,01/07/2025,10:17:21,103417.12,0,0,0,0,0,0
SMEIPO.BSE_IDX,01/07/2025,10:17:29,103417.12,0,0,0,0,0,0
SMEIPO.BSE_IDX,01/07/2025,10:17:37,103417.12,0,0,0,0,0,0
SMEIPO.BSE_IDX,01/07/2025,10:17:45,103417.12,0,0,0,0,0,0
SMEIPO.BSE_IDX,01/07/2025,10:17:53,103417.12,0,0,0,0,0,0
SMEIPO.BSE_IDX,01/07/2025,10:18:01,103417.12,0,0,0,0,0,0
SMEIPO.BSE_IDX,01/07/2025,10:18:09,103414.17,0,0,0,0,0,0
SMEIPO.BSE_IDX,01/07/2025,10:18:17,103414.17,0,0,0,0,0,0
SMEIPO.BSE_IDX,01/07/2025,10:18:25,103402.43,0,0,0,0,0,0
SMEIPO.BSE_IDX,01/07/2025,10:18:33,103402.43,0,0,0,0,0,0
SMEIPO.BSE_IDX,01/07/2025,10:18:41,103399.82,0,0,0,0,0,0
SMEIPO.BSE_IDX,01/07/2025,10:18:49,103396.88,0,0,0,0,0,0
SMEIPO.BSE_IDX,01/07/2025,10:18:57,103396.88,0,0,0,0,0,0
SMEIPO.BSE_IDX,01/07/2025,10:19:05,103396.88,0,0,0,0,0,0
SMEIPO.BSE_IDX,01/07/2025,10:19:13,103396.88,0,0,0,0,0,0
SMEIPO.BSE_IDX,01/07/2025,10:19:21,103396.88,0,0,0,0,0,0
SMEIPO.BSE_IDX,01/07/2025,10:19:29,103396.88,0,0,0,0,0,0
SMEIPO.BSE_IDX,01/07/2025,10:19:37,103396.88,0,0,0,0,0,0
SMEIPO.BSE_IDX,01/07/2025,10:19:45,103396.88,0,0,0,0,0,0
SMEIPO.BSE_IDX,01/07/2025,10:19:53,103396.88,0,0,0,0,0,0
SMEIPO.BSE_IDX,01/07/2025,10:20:01,103396.88,0,0,0,0,0,0
SMEIPO.BSE_IDX,01/07/2025,10:20:09,103396.88,0,0,0,0,0,0
SMEIPO.BSE_IDX,01/07/2025,10:20:17,103396.88,0,0,0,0,0,0
SMEIPO.BSE_IDX,01/07/2025,10:20:25,103434.79,0,0,0,0,0,0
SMEIPO.BSE_IDX,01/07/2025,10:20:33,103456.08,0,0,0,0,0,0
SMEIPO.BSE_IDX,01/07/2025,10:20:41,103456.08,0,0,0,0,0,0
SMEIPO.BSE_IDX,01/07/2025,10:20:49,103478.88,0,0,0,0,0,0
SMEIPO.BSE_IDX,01/07/2025,10:20:57,103478.88,0,0,0,0,0,0
SMEIPO.BSE_IDX,01/07/2025,10:21:05,103478.88,0,0,0,0,0,0
SMEIPO.BSE_IDX,01/07/2025,10:21:13,103484.58,0,0,0,0,0,0
SMEIPO.BSE_IDX,01/07/2025,10:21:21,103484.58,0,0,0,0,0,0
SMEIPO.BSE_IDX,01/07/2025,10:21:29,103484.58,0,0,0,0,0,0
SMEIPO.BSE_IDX,01/07/2025,10:21:37,103484.58,0,0,0,0,0,0
SMEIPO.BSE_IDX,01/07/2025,10:21:45,103484.58,0,0,0,0,0,0
SMEIPO.BSE_IDX,01/07/2025,10:21:53,103476.2,0,0,0,0,0,0
SMEIPO.BSE_IDX,01/07/2025,10:22:01,103476.2,0,0,0,0,0,0
SMEIPO.BSE_IDX,01/07/2025,10:22:09,103448.47,0,0,0,0,0,0
SMEIPO.BSE_IDX,01/07/2025,10:22:17,103448.47,0,0,0,0,0,0
SMEIPO.BSE_IDX,01/07/2025,10:22:25,103448.47,0,0,0,0,0,0
SMEIPO.BSE_IDX,01/07/2025,10:22:33,103448.47,0,0,0,0,0,0
SMEIPO.BSE_IDX,01/07/2025,10:22:41,103448.47,0,0,0,0,0,0
SMEIPO.BSE_IDX,01/07/2025,10:22:49,103454.56,0,0,0,0,0,0
SMEIPO.BSE_IDX,01/07/2025,10:22:57,103454.56,0,0,0,0,0,0
SMEIPO.BSE_IDX,01/07/2025,10:23:05,103451.52,0,0,0,0,0,0
SMEIPO.BSE_IDX,01/07/2025,10:23:13,103419.52,0,0,0,0,0,0
SMEIPO.BSE_IDX,01/07/2025,10:23:21,103419.52,0,0,0,0,0,0
SMEIPO.BSE_IDX,01/07/2025,10:23:29,103419.52,0,0,0,0,0,0
SMEIPO.BSE_IDX,01/07/2025,10:23:37,103466.06,0,0,0,0,0,0
SMEIPO.BSE_IDX,01/07/2025,10:23:45,103480.94,0,0,0,0,0,0
SMEIPO.BSE_IDX,01/07/2025,10:23:53,103480.94,0,0,0,0,0,0
SMEIPO.BSE_IDX,01/07/2025,10:24:01,103480.94,0,0,0,0,0,0
SMEIPO.BSE_IDX,01/07/2025,10:24:09,103482.21,0,0,0,0,0,0
SMEIPO.BSE_IDX,01/07/2025,10:24:17,103482.21,0,0,0,0,0,0
SMEIPO.BSE_IDX,01/07/2025,10:24:25,103482.21,0,0,0,0,0,0
SMEIPO.BSE_IDX,01/07/2025,10:24:33,103482.21,0,0,0,0,0,0
SMEIPO.BSE_IDX,01/07/2025,10:24:41,103482.21,0,0,0,0,0,0
SMEIPO.BSE_IDX,01/07/2025,10:24:49,103482.21,0,0,0,0,0,0
SMEIPO.BSE_IDX,01/07/2025,10:24:57,103467.33,0,0,0,0,0,0
SMEIPO.BSE_IDX,01/07/2025,10:25:05,103467.33,0,0,0,0,0,0
SMEIPO.BSE_IDX,01/07/2025,10:25:13,103467.33,0,0,0,0,0,0
SMEIPO.BSE_IDX,01/07/2025,10:25:21,103467.33,0,0,0,0,0,0
SMEIPO.BSE_IDX,01/07/2025,10:25:29,103445.94,0,0,0,0,0,0
SMEIPO.BSE_IDX,01/07/2025,10:25:37,103445.94,0,0,0,0,0,0
SMEIPO.BSE_IDX,01/07/2025,10:25:45,103422.78,0,0,0,0,0,0
SMEIPO.BSE_IDX,01/07/2025,10:25:53,103410.58,0,0,0,0,0,0
SMEIPO.BSE_IDX,01/07/2025,10:26:01,103395.61,0,0,0,0,0,0
SMEIPO.BSE_IDX,01/07/2025,10:26:09,103395.61,0,0,0,0,0,0
SMEIPO.BSE_IDX,01/07/2025,10:26:17,103394.54,0,0,0,0,0,0
SMEIPO.BSE_IDX,01/07/2025,10:26:25,103394.54,0,0,0,0,0,0
SMEIPO.BSE_IDX,01/07/2025,10:26:33,103394.54,0,0,0,0,0,0
SMEIPO.BSE_IDX,01/07/2025,10:26:41,103380.14,0,0,0,0,0,0
SMEIPO.BSE_IDX,01/07/2025,10:26:49,103380.14,0,0,0,0,0,0
SMEIPO.BSE_IDX,01/07/2025,10:26:57,103380.14,0,0,0,0,0,0
SMEIPO.BSE_IDX,01/07/2025,10:27:05,103398.99,0,0,0,0,0,0
SMEIPO.BSE_IDX,01/07/2025,10:27:13,103398.99,0,0,0,0,0,0
SMEIPO.BSE_IDX,01/07/2025,10:27:21,103394.59,0,0,0,0,0,0
SMEIPO.BSE_IDX,01/07/2025,10:27:29,103394.59,0,0,0,0,0,0
SMEIPO.BSE_IDX,01/07/2025,10:27:37,103394.59,0,0,0,0,0,0
SMEIPO.BSE_IDX,01/07/2025,10:27:45,103394.59,0,0,0,0,0,0
SMEIPO.BSE_IDX,01/07/2025,10:27:53,103389.63,0,0,0,0,0,0
SMEIPO.BSE_IDX,01/07/2025,10:28:01,103455.22,0,0,0,0,0,0
SMEIPO.BSE_IDX,01/07/2025,10:28:09,103455.22,0,0,0,0,0,0
SMEIPO.BSE_IDX,01/07/2025,10:28:17,103440.94,0,0,0,0,0,0
SMEIPO.BSE_IDX,01/07/2025,10:28:25,103440.94,0,0,0,0,0,0
SMEIPO.BSE_IDX,01/07/2025,10:28:33,103440.94,0,0,0,0,0,0
SMEIPO.BSE_IDX,01/07/2025,10:28:41,103440.94,0,0,0,0,0,0
SMEIPO.BSE_IDX,01/07/2025,10:28:49,103440.94,0,0,0,0,0,0
SMEIPO.BSE_IDX,01/07/2025,10:28:57,103440.94,0,0,0,0,0,0
SMEIPO.BSE_IDX,01/07/2025,10:29:05,103440.94,0,0,0,0,0,0
SMEIPO.BSE_IDX,01/07/2025,10:29:13,103440.94,0,0,0,0,0,0
SMEIPO.BSE_IDX,01/07/2025,10:29:21,103440.94,0,0,0,0,0,0
SMEIPO.BSE_IDX,01/07/2025,10:29:29,103440.94,0,0,0,0,0,0
SMEIPO.BSE_IDX,01/07/2025,10:29:37,103440.94,0,0,0,0,0,0
SMEIPO.BSE_IDX,01/07/2025,10:29:46,103436.3,0,0,0,0,0,0
SMEIPO.BSE_IDX,01/07/2025,10:29:54,103436.3,0,0,0,0,0,0
SMEIPO.BSE_IDX,01/07/2025,10:30:01,103436.3,0,0,0,0,0,0
SMEIPO.BSE_IDX,01/07/2025,10:30:09,103446.09,0,0,0,0,0,0
SMEIPO.BSE_IDX,01/07/2025,10:30:17,103445.81,0,0,0,0,0,0
SMEIPO.BSE_IDX,01/07/2025,10:30:25,103494.04,0,0,0,0,0,0
SMEIPO.BSE_IDX,01/07/2025,10:30:33,103506.32,0,0,0,0,0,0
SMEIPO.BSE_IDX,01/07/2025,10:30:41,103506.32,0,0,0,0,0,0
SMEIPO.BSE_IDX,01/07/2025,10:30:49,103506.32,0,0,0,0,0,0
SMEIPO.BSE_IDX,01/07/2025,10:30:57,103506.32,0,0,0,0,0,0
SMEIPO.BSE_IDX,01/07/2025,10:31:05,103506.32,0,0,0,0,0,0
SMEIPO.BSE_IDX,01/07/2025,10:31:13,103506.32,0,0,0,0,0,0
SMEIPO.BSE_IDX,01/07/2025,10:31:21,103506.32,0,0,0,0,0,0
SMEIPO.BSE_IDX,01/07/2025,10:31:29,103487.47,0,0,0,0,0,0
SMEIPO.BSE_IDX,01/07/2025,10:31:37,103487.47,0,0,0,0,0,0
SMEIPO.BSE_IDX,01/07/2025,10:31:45,103487.47,0,0,0,0,0,0
SMEIPO.BSE_IDX,01/07/2025,10:31:53,103487.47,0,0,0,0,0,0
SMEIPO.BSE_IDX,01/07/2025,10:32:01,103487.47,0,0,0,0,0,0
SMEIPO.BSE_IDX,01/07/2025,10:32:09,103487.47,0,0,0,0,0,0
SMEIPO.BSE_IDX,01/07/2025,10:32:17,103505.57,0,0,0,0,0,0
SMEIPO.BSE_IDX,01/07/2025,10:32:25,103495.65,0,0,0,0,0,0
SMEIPO.BSE_IDX,01/07/2025,10:32:33,103495.65,0,0,0,0,0,0
SMEIPO.BSE_IDX,01/07/2025,10:32:41,103495.65,0,0,0,0,0,0
SMEIPO.BSE_IDX,01/07/2025,10:32:49,103495.65,0,0,0,0,0,0
SMEIPO.BSE_IDX,01/07/2025,10:32:57,103484.63,0,0,0,0,0,0
SMEIPO.BSE_IDX,01/07/2025,10:33:05,103498.25,0,0,0,0,0,0
SMEIPO.BSE_IDX,01/07/2025,10:33:13,103498.25,0,0,0,0,0,0
SMEIPO.BSE_IDX,01/07/2025,10:33:21,103498.25,0,0,0,0,0,0
SMEIPO.BSE_IDX,01/07/2025,10:33:29,103498.25,0,0,0,0,0,0
SMEIPO.BSE_IDX,01/07/2025,10:33:37,103498.25,0,0,0,0,0,0
SMEIPO.BSE_IDX,01/07/2025,10:33:45,103498.25,0,0,0,0,0,0
SMEIPO.BSE_IDX,01/07/2025,10:33:53,103498.25,0,0,0,0,0,0
SMEIPO.BSE_IDX,01/07/2025,10:34:01,103498.25,0,0,0,0,0,0
SMEIPO.BSE_IDX,01/07/2025,10:34:09,103498.25,0,0,0,0,0,0
SMEIPO.BSE_IDX,01/07/2025,10:34:17,103498.25,0,0,0,0,0,0
SMEIPO.BSE_IDX,01/07/2025,10:34:25,103498.25,0,0,0,0,0,0
SMEIPO.BSE_IDX,01/07/2025,10:34:33,103498.25,0,0,0,0,0,0
SMEIPO.BSE_IDX,01/07/2025,10:34:41,103498.25,0,0,0,0,0,0
SMEIPO.BSE_IDX,01/07/2025,10:34:49,103498.25,0,0,0,0,0,0
SMEIPO.BSE_IDX,01/07/2025,10:34:58,103498.25,0,0,0,0,0,0
SMEIPO.BSE_IDX,01/07/2025,10:35:06,103498.25,0,0,0,0,0,0
SMEIPO.BSE_IDX,01/07/2025,10:35:14,103498.25,0,0,0,0,0,0
SMEIPO.BSE_IDX,01/07/2025,10:35:21,103584.17,0,0,0,0,0,0
SMEIPO.BSE_IDX,01/07/2025,10:35:29,103584.17,0,0,0,0,0,0
SMEIPO.BSE_IDX,01/07/2025,10:35:37,103584.17,0,0,0,0,0,0
SMEIPO.BSE_IDX,01/07/2025,10:35:45,103584.17,0,0,0,0,0,0
SMEIPO.BSE_IDX,01/07/2025,10:35:54,103584.17,0,0,0,0,0,0
SMEIPO.BSE_IDX,01/07/2025,10:36:02,103584.17,0,0,0,0,0,0
SMEIPO.BSE_IDX,01/07/2025,10:36:10,103578.81,0,0,0,0,0,0
SMEIPO.BSE_IDX,01/07/2025,10:36:17,103578.81,0,0,0,0,0,0
SMEIPO.BSE_IDX,01/07/2025,10:36:25,103578.81,0,0,0,0,0,0
SMEIPO.BSE_IDX,01/07/2025,10:36:34,103492.26,0,0,0,0,0,0
SMEIPO.BSE_IDX,01/07/2025,10:36:42,103492.26,0,0,0,0,0,0
SMEIPO.BSE_IDX,01/07/2025,10:36:49,103492.26,0,0,0,0,0,0
SMEIPO.BSE_IDX,01/07/2025,10:36:58,103492.26,0,0,0,0,0,0
SMEIPO.BSE_IDX,01/07/2025,10:37:05,103531.1,0,0,0,0,0,0
SMEIPO.BSE_IDX,01/07/2025,10:37:14,103531.1,0,0,0,0,0,0
SMEIPO.BSE_IDX,01/07/2025,10:37:21,103531.1,0,0,0,0,0,0
SMEIPO.BSE_IDX,01/07/2025,10:37:30,103531.1,0,0,0,0,0,0
SMEIPO.BSE_IDX,01/07/2025,10:37:38,103531.1,0,0,0,0,0,0
SMEIPO.BSE_IDX,01/07/2025,10:37:46,103531.1,0,0,0,0,0,0
SMEIPO.BSE_IDX,01/07/2025,10:37:54,103531.1,0,0,0,0,0,0
SMEIPO.BSE_IDX,01/07/2025,10:38:02,103531.1,0,0,0,0,0,0
SMEIPO.BSE_IDX,01/07/2025,10:38:10,103531.1,0,0,0,0,0,0
SMEIPO.BSE_IDX,01/07/2025,10:38:18,103531.1,0,0,0,0,0,0
SMEIPO.BSE_IDX,01/07/2025,10:38:26,103531.1,0,0,0,0,0,0
SMEIPO.BSE_IDX,01/07/2025,10:38:34,103531.1,0,0,0,0,0,0
SMEIPO.BSE_IDX,01/07/2025,10:38:42,103531.1,0,0,0,0,0,0
SMEIPO.BSE_IDX,01/07/2025,10:38:50,103531.1,0,0,0,0,0,0
SMEIPO.BSE_IDX,01/07/2025,10:38:58,103531.1,0,0,0,0,0,0
SMEIPO.BSE_IDX,01/07/2025,10:39:06,103531.1,0,0,0,0,0,0
SMEIPO.BSE_IDX,01/07/2025,10:39:14,103531.1,0,0,0,0,0,0
SMEIPO.BSE_IDX,01/07/2025,10:39:22,103531.1,0,0,0,0,0,0
SMEIPO.BSE_IDX,01/07/2025,10:39:30,103531.1,0,0,0,0,0,0
SMEIPO.BSE_IDX,01/07/2025,10:39:38,103709.27,0,0,0,0,0,0
SMEIPO.BSE_IDX,01/07/2025,10:39:46,103709.27,0,0,0,0,0,0
SMEIPO.BSE_IDX,01/07/2025,10:39:54,103709.03,0,0,0,0,0,0
SMEIPO.BSE_IDX,01/07/2025,10:40:02,103709.03,0,0,0,0,0,0
SMEIPO.BSE_IDX,01/07/2025,10:40:10,103709.03,0,0,0,0,0,0
SMEIPO.BSE_IDX,01/07/2025,10:40:18,103710.84,0,0,0,0,0,0
SMEIPO.BSE_IDX,01/07/2025,10:40:26,103710.84,0,0,0,0,0,0
SMEIPO.BSE_IDX,01/07/2025,10:40:34,103710.84,0,0,0,0,0,0
SMEIPO.BSE_IDX,01/07/2025,10:40:42,103710.84,0,0,0,0,0,0
SMEIPO.BSE_IDX,01/07/2025,10:40:50,103713.88,0,0,0,0,0,0
SMEIPO.BSE_IDX,01/07/2025,10:40:58,103713.88,0,0,0,0,0,0
SMEIPO.BSE_IDX,01/07/2025,10:41:06,103713.88,0,0,0,0,0,0
SMEIPO.BSE_IDX,01/07/2025,10:41:14,103713.88,0,0,0,0,0,0
SMEIPO.BSE_IDX,01/07/2025,10:41:22,103713.88,0,0,0,0,0,0
SMEIPO.BSE_IDX,01/07/2025,10:41:30,103713.88,0,0,0,0,0,0
SMEIPO.BSE_IDX,01/07/2025,10:41:38,103713.88,0,0,0,0,0,0
SMEIPO.BSE_IDX,01/07/2025,10:41:46,103713.88,0,0,0,0,0,0
SMEIPO.BSE_IDX,01/07/2025,10:41:54,103713.88,0,0,0,0,0,0
SMEIPO.BSE_IDX,01/07/2025,10:42:02,103713.88,0,0,0,0,0,0
SMEIPO.BSE_IDX,01/07/2025,10:42:10,103713.88,0,0,0,0,0,0
SMEIPO.BSE_IDX,01/07/2025,10:42:18,103710.78,0,0,0,0,0,0
SMEIPO.BSE_IDX,01/07/2025,10:42:26,103711.42,0,0,0,0,0,0
SMEIPO.BSE_IDX,01/07/2025,10:42:34,103711.42,0,0,0,0,0,0
SMEIPO.BSE_IDX,01/07/2025,10:42:42,103711.42,0,0,0,0,0,0
SMEIPO.BSE_IDX,01/07/2025,10:42:50,103711.42,0,0,0,0,0,0
SMEIPO.BSE_IDX,01/07/2025,10:42:58,103711.42,0,0,0,0,0,0
SMEIPO.BSE_IDX,01/07/2025,10:43:06,103711.42,0,0,0,0,0,0
SMEIPO.BSE_IDX,01/07/2025,10:43:14,103711.42,0,0,0,0,0,0
SMEIPO.BSE_IDX,01/07/2025,10:43:22,103711.42,0,0,0,0,0,0
SMEIPO.BSE_IDX,01/07/2025,10:43:30,103711.42,0,0,0,0,0,0
SMEIPO.BSE_IDX,01/07/2025,10:43:38,103711.42,0,0,0,0,0,0
SMEIPO.BSE_IDX,01/07/2025,10:43:46,103711.42,0,0,0,0,0,0
SMEIPO.BSE_IDX,01/07/2025,10:43:54,103711.42,0,0,0,0,0,0
SMEIPO.BSE_IDX,01/07/2025,10:44:02,103698.78,0,0,0,0,0,0
SMEIPO.BSE_IDX,01/07/2025,10:44:10,103698.78,0,0,0,0,0,0
SMEIPO.BSE_IDX,01/07/2025,10:44:18,103711.18,0,0,0,0,0,0
SMEIPO.BSE_IDX,01/07/2025,10:44:26,103724.45,0,0,0,0,0,0
SMEIPO.BSE_IDX,01/07/2025,10:44:34,103724.45,0,0,0,0,0,0
SMEIPO.BSE_IDX,01/07/2025,10:44:42,103724.45,0,0,0,0,0,0
SMEIPO.BSE_IDX,01/07/2025,10:44:50,103736.45,0,0,0,0,0,0
SMEIPO.BSE_IDX,01/07/2025,10:44:58,103736.45,0,0,0,0,0,0
SMEIPO.BSE_IDX,01/07/2025,10:45:07,103736.45,0,0,0,0,0,0
SMEIPO.BSE_IDX,01/07/2025,10:45:14,103736.45,0,0,0,0,0,0
SMEIPO.BSE_IDX,01/07/2025,10:45:22,103736.45,0,0,0,0,0,0
SMEIPO.BSE_IDX,01/07/2025,10:45:30,103736.45,0,0,0,0,0,0
SMEIPO.BSE_IDX,01/07/2025,10:45:38,103670.86,0,0,0,0,0,0
SMEIPO.BSE_IDX,01/07/2025,10:45:46,103670.86,0,0,0,0,0,0
SMEIPO.BSE_IDX,01/07/2025,10:45:54,103668.93,0,0,0,0,0,0
SMEIPO.BSE_IDX,01/07/2025,10:46:02,103668.93,0,0,0,0,0,0
SMEIPO.BSE_IDX,01/07/2025,10:46:10,103668.93,0,0,0,0,0,0
SMEIPO.BSE_IDX,01/07/2025,10:46:18,103668.93,0,0,0,0,0,0
SMEIPO.BSE_IDX,01/07/2025,10:46:26,103668.93,0,0,0,0,0,0
SMEIPO.BSE_IDX,01/07/2025,10:46:34,103668.93,0,0,0,0,0,0
SMEIPO.BSE_IDX,01/07/2025,10:46:42,103668.93,0,0,0,0,0,0
SMEIPO.BSE_IDX,01/07/2025,10:46:50,103668.93,0,0,0,0,0,0
SMEIPO.BSE_IDX,01/07/2025,10:46:58,103668.93,0,0,0,0,0,0
SMEIPO.BSE_IDX,01/07/2025,10:47:06,103668.93,0,0,0,0,0,0
SMEIPO.BSE_IDX,01/07/2025,10:47:14,103658.27,0,0,0,0,0,0
SMEIPO.BSE_IDX,01/07/2025,10:47:22,103657.29,0,0,0,0,0,0
SMEIPO.BSE_IDX,01/07/2025,10:47:30,103657.29,0,0,0,0,0,0
SMEIPO.BSE_IDX,01/07/2025,10:47:38,103657.29,0,0,0,0,0,0
SMEIPO.BSE_IDX,01/07/2025,10:47:46,103657.29,0,0,0,0,0,0
SMEIPO.BSE_IDX,01/07/2025,10:47:54,103657.29,0,0,0,0,0,0
SMEIPO.BSE_IDX,01/07/2025,10:48:02,103657.29,0,0,0,0,0,0
SMEIPO.BSE_IDX,01/07/2025,10:48:10,103681.13,0,0,0,0,0,0
SMEIPO.BSE_IDX,01/07/2025,10:48:18,103681.13,0,0,0,0,0,0
SMEIPO.BSE_IDX,01/07/2025,10:48:26,103681.13,0,0,0,0,0,0
SMEIPO.BSE_IDX,01/07/2025,10:48:34,103681.13,0,0,0,0,0,0
SMEIPO.BSE_IDX,01/07/2025,10:48:42,103681.13,0,0,0,0,0,0
SMEIPO.BSE_IDX,01/07/2025,10:48:50,103681.13,0,0,0,0,0,0
SMEIPO.BSE_IDX,01/07/2025,10:48:58,103681.13,0,0,0,0,0,0
SMEIPO.BSE_IDX,01/07/2025,10:49:06,103681.13,0,0,0,0,0,0
SMEIPO.BSE_IDX,01/07/2025,10:49:14,103681.13,0,0,0,0,0,0
SMEIPO.BSE_IDX,01/07/2025,10:49:22,103681.13,0,0,0,0,0,0
SMEIPO.BSE_IDX,01/07/2025,10:49:30,103681.13,0,0,0,0,0,0
SMEIPO.BSE_IDX,01/07/2025,10:49:38,103681.13,0,0,0,0,0,0
SMEIPO.BSE_IDX,01/07/2025,10:49:46,103681.13,0,0,0,0,0,0
SMEIPO.BSE_IDX,01/07/2025,10:49:54,103681.13,0,0,0,0,0,0
SMEIPO.BSE_IDX,01/07/2025,10:50:02,103681.13,0,0,0,0,0,0
SMEIPO.BSE_IDX,01/07/2025,10:50:10,103681.13,0,0,0,0,0,0
SMEIPO.BSE_IDX,01/07/2025,10:50:18,103687.09,0,0,0,0,0,0
SMEIPO.BSE_IDX,01/07/2025,10:50:26,103687.09,0,0,0,0,0,0
SMEIPO.BSE_IDX,01/07/2025,10:50:34,103687.09,0,0,0,0,0,0
SMEIPO.BSE_IDX,01/07/2025,10:50:42,103687.09,0,0,0,0,0,0
SMEIPO.BSE_IDX,01/07/2025,10:50:50,103687.09,0,0,0,0,0,0
SMEIPO.BSE_IDX,01/07/2025,10:50:58,103687.09,0,0,0,0,0,0
SMEIPO.BSE_IDX,01/07/2025,10:51:06,103687.09,0,0,0,0,0,0
SMEIPO.BSE_IDX,01/07/2025,10:51:14,103687.09,0,0,0,0,0,0
SMEIPO.BSE_IDX,01/07/2025,10:51:22,103749.63,0,0,0,0,0,0
SMEIPO.BSE_IDX,01/07/2025,10:51:30,103749.63,0,0,0,0,0,0
SMEIPO.BSE_IDX,01/07/2025,10:51:38,103691.75,0,0,0,0,0,0
SMEIPO.BSE_IDX,01/07/2025,10:51:46,103691.75,0,0,0,0,0,0
SMEIPO.BSE_IDX,01/07/2025,10:51:54,103691.75,0,0,0,0,0,0
SMEIPO.BSE_IDX,01/07/2025,10:52:02,103691.75,0,0,0,0,0,0
SMEIPO.BSE_IDX,01/07/2025,10:52:10,103697.83,0,0,0,0,0,0
SMEIPO.BSE_IDX,01/07/2025,10:52:18,103697.83,0,0,0,0,0,0
SMEIPO.BSE_IDX,01/07/2025,10:52:26,103679.72,0,0,0,0,0,0
SMEIPO.BSE_IDX,01/07/2025,10:52:34,103679.72,0,0,0,0,0,0
SMEIPO.BSE_IDX,01/07/2025,10:52:43,103679.72,0,0,0,0,0,0
SMEIPO.BSE_IDX,01/07/2025,10:52:50,103685.08,0,0,0,0,0,0
SMEIPO.BSE_IDX,01/07/2025,10:52:58,103684.37,0,0,0,0,0,0
SMEIPO.BSE_IDX,01/07/2025,10:53:06,103682.27,0,0,0,0,0,0
SMEIPO.BSE_IDX,01/07/2025,10:53:14,103682.27,0,0,0,0,0,0
SMEIPO.BSE_IDX,01/07/2025,10:53:22,103682.27,0,0,0,0,0,0
SMEIPO.BSE_IDX,01/07/2025,10:53:30,103682,0,0,0,0,0,0
SMEIPO.BSE_IDX,01/07/2025,10:53:38,103682,0,0,0,0,0,0
SMEIPO.BSE_IDX,01/07/2025,10:53:46,103682,0,0,0,0,0,0
SMEIPO.BSE_IDX,01/07/2025,10:53:54,103682,0,0,0,0,0,0
SMEIPO.BSE_IDX,01/07/2025,10:54:02,103682,0,0,0,0,0,0
SMEIPO.BSE_IDX,01/07/2025,10:54:10,103682,0,0,0,0,0,0
SMEIPO.BSE_IDX,01/07/2025,10:54:18,103682,0,0,0,0,0,0
SMEIPO.BSE_IDX,01/07/2025,10:54:26,103682,0,0,0,0,0,0
SMEIPO.BSE_IDX,01/07/2025,10:54:34,103682,0,0,0,0,0,0
SMEIPO.BSE_IDX,01/07/2025,10:54:42,103682,0,0,0,0,0,0
SMEIPO.BSE_IDX,01/07/2025,10:54:51,103670.55,0,0,0,0,0,0
SMEIPO.BSE_IDX,01/07/2025,10:54:58,103676.2,0,0,0,0,0,0
SMEIPO.BSE_IDX,01/07/2025,10:55:06,103682.89,0,0,0,0,0,0
SMEIPO.BSE_IDX,01/07/2025,10:55:14,103682.89,0,0,0,0,0,0
SMEIPO.BSE_IDX,01/07/2025,10:55:22,103682.89,0,0,0,0,0,0
SMEIPO.BSE_IDX,01/07/2025,10:55:30,103682.89,0,0,0,0,0,0
SMEIPO.BSE_IDX,01/07/2025,10:55:38,103682.89,0,0,0,0,0,0
SMEIPO.BSE_IDX,01/07/2025,10:55:46,103556.28,0,0,0,0,0,0
SMEIPO.BSE_IDX,01/07/2025,10:55:54,103556.28,0,0,0,0,0,0
SMEIPO.BSE_IDX,01/07/2025,10:56:02,103556.28,0,0,0,0,0,0
SMEIPO.BSE_IDX,01/07/2025,10:56:10,103556.28,0,0,0,0,0,0
SMEIPO.BSE_IDX,01/07/2025,10:56:18,103556.28,0,0,0,0,0,0
SMEIPO.BSE_IDX,01/07/2025,10:56:26,103556.28,0,0,0,0,0,0
SMEIPO.BSE_IDX,01/07/2025,10:56:34,103543.64,0,0,0,0,0,0
SMEIPO.BSE_IDX,01/07/2025,10:56:42,103543.64,0,0,0,0,0,0
SMEIPO.BSE_IDX,01/07/2025,10:56:50,103543.64,0,0,0,0,0,0
SMEIPO.BSE_IDX,01/07/2025,10:56:58,103543.64,0,0,0,0,0,0
SMEIPO.BSE_IDX,01/07/2025,10:57:06,103543.64,0,0,0,0,0,0
SMEIPO.BSE_IDX,01/07/2025,10:57:14,103543.64,0,0,0,0,0,0
SMEIPO.BSE_IDX,01/07/2025,10:57:22,103543.64,0,0,0,0,0,0
SMEIPO.BSE_IDX,01/07/2025,10:57:30,103543.64,0,0,0,0,0,0
SMEIPO.BSE_IDX,01/07/2025,10:57:39,103543.64,0,0,0,0,0,0
SMEIPO.BSE_IDX,01/07/2025,10:57:46,103543.64,0,0,0,0,0,0
SMEIPO.BSE_IDX,01/07/2025,10:57:54,103543.64,0,0,0,0,0,0
SMEIPO.BSE_IDX,01/07/2025,10:58:02,103543.64,0,0,0,0,0,0
SMEIPO.BSE_IDX,01/07/2025,10:58:10,103543.64,0,0,0,0,0,0
SMEIPO.BSE_IDX,01/07/2025,10:58:18,103543.64,0,0,0,0,0,0
SMEIPO.BSE_IDX,01/07/2025,10:58:26,103543.64,0,0,0,0,0,0
SMEIPO.BSE_IDX,01/07/2025,10:58:34,103543.64,0,0,0,0,0,0
SMEIPO.BSE_IDX,01/07/2025,10:58:42,103543.64,0,0,0,0,0,0
SMEIPO.BSE_IDX,01/07/2025,10:58:50,103543.64,0,0,0,0,0,0
SMEIPO.BSE_IDX,01/07/2025,10:58:58,103543.64,0,0,0,0,0,0
SMEIPO.BSE_IDX,01/07/2025,10:59:06,103543.64,0,0,0,0,0,0
SMEIPO.BSE_IDX,01/07/2025,10:59:14,103543.64,0,0,0,0,0,0
SMEIPO.BSE_IDX,01/07/2025,10:59:22,103542.65,0,0,0,0,0,0
SMEIPO.BSE_IDX,01/07/2025,10:59:30,103542.65,0,0,0,0,0,0
SMEIPO.BSE_IDX,01/07/2025,10:59:38,103542.65,0,0,0,0,0,0
SMEIPO.BSE_IDX,01/07/2025,10:59:47,103542.65,0,0,0,0,0,0
SMEIPO.BSE_IDX,01/07/2025,10:59:55,103542.65,0,0,0,0,0,0
SMEIPO.BSE_IDX,01/07/2025,11:00:03,103542.65,0,0,0,0,0,0
SMEIPO.BSE_IDX,01/07/2025,11:00:11,103542.65,0,0,0,0,0,0
SMEIPO.BSE_IDX,01/07/2025,11:00:18,103542.65,0,0,0,0,0,0
SMEIPO.BSE_IDX,01/07/2025,11:00:26,103542.65,0,0,0,0,0,0
SMEIPO.BSE_IDX,01/07/2025,11:00:34,103542.65,0,0,0,0,0,0
SMEIPO.BSE_IDX,01/07/2025,11:00:42,103542.65,0,0,0,0,0,0
SMEIPO.BSE_IDX,01/07/2025,11:00:50,103542.65,0,0,0,0,0,0
SMEIPO.BSE_IDX,01/07/2025,11:00:58,103542.65,0,0,0,0,0,0
SMEIPO.BSE_IDX,01/07/2025,11:01:06,103542.65,0,0,0,0,0,0
SMEIPO.BSE_IDX,01/07/2025,11:01:15,103542.65,0,0,0,0,0,0
SMEIPO.BSE_IDX,01/07/2025,11:01:22,103550.74,0,0,0,0,0,0
SMEIPO.BSE_IDX,01/07/2025,11:01:30,103550.74,0,0,0,0,0,0
SMEIPO.BSE_IDX,01/07/2025,11:01:38,103550.74,0,0,0,0,0,0
SMEIPO.BSE_IDX,01/07/2025,11:01:46,103550.74,0,0,0,0,0,0
SMEIPO.BSE_IDX,01/07/2025,11:01:54,103550.74,0,0,0,0,0,0
SMEIPO.BSE_IDX,01/07/2025,11:02:02,103550.74,0,0,0,0,0,0
SMEIPO.BSE_IDX,01/07/2025,11:02:10,103550.74,0,0,0,0,0,0
SMEIPO.BSE_IDX,01/07/2025,11:02:18,103547.31,0,0,0,0,0,0
SMEIPO.BSE_IDX,01/07/2025,11:02:27,103547.31,0,0,0,0,0,0
SMEIPO.BSE_IDX,01/07/2025,11:02:34,103547.31,0,0,0,0,0,0
SMEIPO.BSE_IDX,01/07/2025,11:02:42,103547.31,0,0,0,0,0,0
SMEIPO.BSE_IDX,01/07/2025,11:02:51,103547.31,0,0,0,0,0,0
SMEIPO.BSE_IDX,01/07/2025,11:02:58,103547.31,0,0,0,0,0,0
SMEIPO.BSE_IDX,01/07/2025,11:03:06,103547.31,0,0,0,0,0,0
SMEIPO.BSE_IDX,01/07/2025,11:03:14,103547.31,0,0,0,0,0,0
SMEIPO.BSE_IDX,01/07/2025,11:03:22,103544.74,0,0,0,0,0,0
SMEIPO.BSE_IDX,01/07/2025,11:03:31,103501.15,0,0,0,0,0,0
SMEIPO.BSE_IDX,01/07/2025,11:03:38,103501.15,0,0,0,0,0,0
SMEIPO.BSE_IDX,01/07/2025,11:03:46,103501.15,0,0,0,0,0,0
SMEIPO.BSE_IDX,01/07/2025,11:03:54,103535.13,0,0,0,0,0,0
SMEIPO.BSE_IDX,01/07/2025,11:04:02,103535.13,0,0,0,0,0,0
SMEIPO.BSE_IDX,01/07/2025,11:04:10,103535.13,0,0,0,0,0,0
SMEIPO.BSE_IDX,01/07/2025,11:04:18,103580.55,0,0,0,0,0,0
SMEIPO.BSE_IDX,01/07/2025,11:04:27,103580.55,0,0,0,0,0,0
SMEIPO.BSE_IDX,01/07/2025,11:04:34,103580.55,0,0,0,0,0,0
SMEIPO.BSE_IDX,01/07/2025,11:04:42,103580.55,0,0,0,0,0,0
SMEIPO.BSE_IDX,01/07/2025,11:04:51,103579.89,0,0,0,0,0,0
SMEIPO.BSE_IDX,01/07/2025,11:04:58,103579.89,0,0,0,0,0,0
SMEIPO.BSE_IDX,01/07/2025,11:05:06,103579.89,0,0,0,0,0,0
SMEIPO.BSE_IDX,01/07/2025,11:05:14,103615.99,0,0,0,0,0,0
SMEIPO.BSE_IDX,01/07/2025,11:05:22,103619.71,0,0,0,0,0,0
SMEIPO.BSE_IDX,01/07/2025,11:05:30,103619.71,0,0,0,0,0,0
SMEIPO.BSE_IDX,01/07/2025,11:05:38,103619.71,0,0,0,0,0,0
SMEIPO.BSE_IDX,01/07/2025,11:05:46,103587.37,0,0,0,0,0,0
SMEIPO.BSE_IDX,01/07/2025,11:05:54,103587.37,0,0,0,0,0,0
SMEIPO.BSE_IDX,01/07/2025,11:06:02,103587.37,0,0,0,0,0,0
SMEIPO.BSE_IDX,01/07/2025,11:06:11,103587.37,0,0,0,0,0,0
SMEIPO.BSE_IDX,01/07/2025,11:06:19,103587.37,0,0,0,0,0,0
SMEIPO.BSE_IDX,01/07/2025,11:06:26,103587.37,0,0,0,0,0,0
SMEIPO.BSE_IDX,01/07/2025,11:06:34,103587.37,0,0,0,0,0,0
SMEIPO.BSE_IDX,01/07/2025,11:06:42,103587.37,0,0,0,0,0,0
SMEIPO.BSE_IDX,01/07/2025,11:06:50,103537.46,0,0,0,0,0,0
SMEIPO.BSE_IDX,01/07/2025,11:06:58,103537.46,0,0,0,0,0,0
SMEIPO.BSE_IDX,01/07/2025,11:07:06,103537.46,0,0,0,0,0,0
SMEIPO.BSE_IDX,01/07/2025,11:07:15,103538.12,0,0,0,0,0,0
SMEIPO.BSE_IDX,01/07/2025,11:07:22,103538.12,0,0,0,0,0,0
SMEIPO.BSE_IDX,01/07/2025,11:07:30,103538.12,0,0,0,0,0,0
SMEIPO.BSE_IDX,01/07/2025,11:07:38,103538.12,0,0,0,0,0,0
SMEIPO.BSE_IDX,01/07/2025,11:07:46,103538.12,0,0,0,0,0,0
SMEIPO.BSE_IDX,01/07/2025,11:07:54,103538.12,0,0,0,0,0,0
SMEIPO.BSE_IDX,01/07/2025,11:08:02,103538.12,0,0,0,0,0,0
SMEIPO.BSE_IDX,01/07/2025,11:08:11,103531.18,0,0,0,0,0,0
SMEIPO.BSE_IDX,01/07/2025,11:08:18,103531.18,0,0,0,0,0,0
SMEIPO.BSE_IDX,01/07/2025,11:08:26,103497.67,0,0,0,0,0,0
SMEIPO.BSE_IDX,01/07/2025,11:08:35,103497.67,0,0,0,0,0,0
SMEIPO.BSE_IDX,01/07/2025,11:08:43,103497.67,0,0,0,0,0,0
SMEIPO.BSE_IDX,01/07/2025,11:08:51,103497.67,0,0,0,0,0,0
SMEIPO.BSE_IDX,01/07/2025,11:08:58,103497.67,0,0,0,0,0,0
SMEIPO.BSE_IDX,01/07/2025,11:09:07,103497.67,0,0,0,0,0,0
SMEIPO.BSE_IDX,01/07/2025,11:09:15,103497.67,0,0,0,0,0,0
SMEIPO.BSE_IDX,01/07/2025,11:09:23,103497.67,0,0,0,0,0,0
SMEIPO.BSE_IDX,01/07/2025,11:09:31,103497.67,0,0,0,0,0,0
SMEIPO.BSE_IDX,01/07/2025,11:09:39,103456.41,0,0,0,0,0,0
SMEIPO.BSE_IDX,01/07/2025,11:09:46,103418.79,0,0,0,0,0,0
SMEIPO.BSE_IDX,01/07/2025,11:09:55,103418.79,0,0,0,0,0,0
SMEIPO.BSE_IDX,01/07/2025,11:10:03,103418.79,0,0,0,0,0,0
SMEIPO.BSE_IDX,01/07/2025,11:10:11,103418.79,0,0,0,0,0,0
SMEIPO.BSE_IDX,01/07/2025,11:10:19,103416.72,0,0,0,0,0,0
SMEIPO.BSE_IDX,01/07/2025,11:10:27,103485.03,0,0,0,0,0,0
SMEIPO.BSE_IDX,01/07/2025,11:10:35,103483.66,0,0,0,0,0,0
SMEIPO.BSE_IDX,01/07/2025,11:10:43,103479.31,0,0,0,0,0,0
SMEIPO.BSE_IDX,01/07/2025,11:10:51,103479.31,0,0,0,0,0,0
SMEIPO.BSE_IDX,01/07/2025,11:10:59,103479.31,0,0,0,0,0,0
SMEIPO.BSE_IDX,01/07/2025,11:11:07,103479.31,0,0,0,0,0,0
SMEIPO.BSE_IDX,01/07/2025,11:11:15,103479.31,0,0,0,0,0,0
SMEIPO.BSE_IDX,01/07/2025,11:11:23,103479.31,0,0,0,0,0,0
SMEIPO.BSE_IDX,01/07/2025,11:11:31,103479.31,0,0,0,0,0,0
SMEIPO.BSE_IDX,01/07/2025,11:11:39,103475.94,0,0,0,0,0,0
SMEIPO.BSE_IDX,01/07/2025,11:11:47,103475.94,0,0,0,0,0,0
SMEIPO.BSE_IDX,01/07/2025,11:11:55,103475.94,0,0,0,0,0,0
SMEIPO.BSE_IDX,01/07/2025,11:12:03,103475.94,0,0,0,0,0,0
SMEIPO.BSE_IDX,01/07/2025,11:12:11,103475.94,0,0,0,0,0,0
SMEIPO.BSE_IDX,01/07/2025,11:12:19,103475.94,0,0,0,0,0,0
SMEIPO.BSE_IDX,01/07/2025,11:12:27,103475.94,0,0,0,0,0,0
SMEIPO.BSE_IDX,01/07/2025,11:12:35,103475.94,0,0,0,0,0,0
SMEIPO.BSE_IDX,01/07/2025,11:12:43,103475.94,0,0,0,0,0,0
SMEIPO.BSE_IDX,01/07/2025,11:12:51,103475.94,0,0,0,0,0,0
SMEIPO.BSE_IDX,01/07/2025,11:12:59,103475.94,0,0,0,0,0,0
SMEIPO.BSE_IDX,01/07/2025,11:13:07,103475.94,0,0,0,0,0,0
SMEIPO.BSE_IDX,01/07/2025,11:13:16,103475.94,0,0,0,0,0,0
SMEIPO.BSE_IDX,01/07/2025,11:13:23,103475.94,0,0,0,0,0,0
SMEIPO.BSE_IDX,01/07/2025,11:13:31,103475.94,0,0,0,0,0,0
SMEIPO.BSE_IDX,01/07/2025,11:13:39,103475.94,0,0,0,0,0,0
SMEIPO.BSE_IDX,01/07/2025,11:13:47,103476.46,0,0,0,0,0,0
SMEIPO.BSE_IDX,01/07/2025,11:13:55,103462.42,0,0,0,0,0,0
SMEIPO.BSE_IDX,01/07/2025,11:14:03,103466.77,0,0,0,0,0,0
SMEIPO.BSE_IDX,01/07/2025,11:14:11,103466.27,0,0,0,0,0,0
SMEIPO.BSE_IDX,01/07/2025,11:14:19,103452.88,0,0,0,0,0,0
SMEIPO.BSE_IDX,01/07/2025,11:14:27,103452.88,0,0,0,0,0,0
SMEIPO.BSE_IDX,01/07/2025,11:14:35,103452.88,0,0,0,0,0,0
SMEIPO.BSE_IDX,01/07/2025,11:14:43,103452.88,0,0,0,0,0,0
SMEIPO.BSE_IDX,01/07/2025,11:14:51,103452.88,0,0,0,0,0,0
SMEIPO.BSE_IDX,01/07/2025,11:14:59,103452.88,0,0,0,0,0,0
SMEIPO.BSE_IDX,01/07/2025,11:15:07,103442.13,0,0,0,0,0,0
SMEIPO.BSE_IDX,01/07/2025,11:15:15,103489.39,0,0,0,0,0,0
SMEIPO.BSE_IDX,01/07/2025,11:15:23,103489.39,0,0,0,0,0,0
SMEIPO.BSE_IDX,01/07/2025,11:15:31,103489.39,0,0,0,0,0,0
SMEIPO.BSE_IDX,01/07/2025,11:15:39,103489.39,0,0,0,0,0,0
SMEIPO.BSE_IDX,01/07/2025,11:15:47,103489.39,0,0,0,0,0,0
SMEIPO.BSE_IDX,01/07/2025,11:15:56,103489.39,0,0,0,0,0,0
SMEIPO.BSE_IDX,01/07/2025,11:16:03,103489.39,0,0,0,0,0,0
SMEIPO.BSE_IDX,01/07/2025,11:16:11,103489.39,0,0,0,0,0,0
SMEIPO.BSE_IDX,01/07/2025,11:16:19,103489.39,0,0,0,0,0,0
SMEIPO.BSE_IDX,01/07/2025,11:16:27,103489.39,0,0,0,0,0,0
SMEIPO.BSE_IDX,01/07/2025,11:16:35,103489.39,0,0,0,0,0,0
SMEIPO.BSE_IDX,01/07/2025,11:16:43,103489.39,0,0,0,0,0,0
SMEIPO.BSE_IDX,01/07/2025,11:16:51,103489.39,0,0,0,0,0,0
SMEIPO.BSE_IDX,01/07/2025,11:16:59,103489.39,0,0,0,0,0,0
SMEIPO.BSE_IDX,01/07/2025,11:17:07,103489.39,0,0,0,0,0,0
SMEIPO.BSE_IDX,01/07/2025,11:17:15,103489.39,0,0,0,0,0,0
SMEIPO.BSE_IDX,01/07/2025,11:17:23,103489.39,0,0,0,0,0,0
SMEIPO.BSE_IDX,01/07/2025,11:17:31,103485.9,0,0,0,0,0,0
SMEIPO.BSE_IDX,01/07/2025,11:17:39,103485.9,0,0,0,0,0,0
SMEIPO.BSE_IDX,01/07/2025,11:17:47,103485.9,0,0,0,0,0,0
SMEIPO.BSE_IDX,01/07/2025,11:17:57,103485.9,0,0,0,0,0,0
SMEIPO.BSE_IDX,01/07/2025,11:18:03,103485.9,0,0,0,0,0,0
SMEIPO.BSE_IDX,01/07/2025,11:18:11,103485.9,0,0,0,0,0,0
SMEIPO.BSE_IDX,01/07/2025,11:18:19,103485.9,0,0,0,0,0,0
SMEIPO.BSE_IDX,01/07/2025,11:18:27,103485.9,0,0,0,0,0,0
SMEIPO.BSE_IDX,01/07/2025,11:18:35,103485.9,0,0,0,0,0,0
SMEIPO.BSE_IDX,01/07/2025,11:18:44,103485.9,0,0,0,0,0,0
SMEIPO.BSE_IDX,01/07/2025,11:18:51,103481.93,0,0,0,0,0,0
SMEIPO.BSE_IDX,01/07/2025,11:18:59,103494.96,0,0,0,0,0,0
SMEIPO.BSE_IDX,01/07/2025,11:19:08,103494.96,0,0,0,0,0,0
SMEIPO.BSE_IDX,01/07/2025,11:19:15,103494.96,0,0,0,0,0,0
SMEIPO.BSE_IDX,01/07/2025,11:19:23,103494.96,0,0,0,0,0,0
SMEIPO.BSE_IDX,01/07/2025,11:19:31,103494.96,0,0,0,0,0,0
SMEIPO.BSE_IDX,01/07/2025,11:19:39,103494.96,0,0,0,0,0,0
SMEIPO.BSE_IDX,01/07/2025,11:19:47,103494.96,0,0,0,0,0,0
SMEIPO.BSE_IDX,01/07/2025,11:19:55,103505.34,0,0,0,0,0,0
SMEIPO.BSE_IDX,01/07/2025,11:20:03,103505.34,0,0,0,0,0,0
SMEIPO.BSE_IDX,01/07/2025,11:20:11,103505.34,0,0,0,0,0,0
SMEIPO.BSE_IDX,01/07/2025,11:20:19,103502.08,0,0,0,0,0,0
SMEIPO.BSE_IDX,01/07/2025,11:20:27,103502.08,0,0,0,0,0,0
SMEIPO.BSE_IDX,01/07/2025,11:20:35,103502.08,0,0,0,0,0,0
SMEIPO.BSE_IDX,01/07/2025,11:20:43,103502.08,0,0,0,0,0,0
SMEIPO.BSE_IDX,01/07/2025,11:20:51,103502.08,0,0,0,0,0,0
SMEIPO.BSE_IDX,01/07/2025,11:20:59,103502.08,0,0,0,0,0,0
SMEIPO.BSE_IDX,01/07/2025,11:21:07,103502.08,0,0,0,0,0,0
SMEIPO.BSE_IDX,01/07/2025,11:21:15,103502.08,0,0,0,0,0,0
SMEIPO.BSE_IDX,01/07/2025,11:21:24,103502.08,0,0,0,0,0,0
SMEIPO.BSE_IDX,01/07/2025,11:21:31,103502.08,0,0,0,0,0,0
SMEIPO.BSE_IDX,01/07/2025,11:21:39,103502.08,0,0,0,0,0,0
SMEIPO.BSE_IDX,01/07/2025,11:21:47,103502.08,0,0,0,0,0,0
SMEIPO.BSE_IDX,01/07/2025,11:21:56,103484.41,0,0,0,0,0,0
SMEIPO.BSE_IDX,01/07/2025,11:22:03,103484.41,0,0,0,0,0,0
SMEIPO.BSE_IDX,01/07/2025,11:22:11,103484.41,0,0,0,0,0,0
SMEIPO.BSE_IDX,01/07/2025,11:22:19,103484.41,0,0,0,0,0,0
SMEIPO.BSE_IDX,01/07/2025,11:22:28,103484.41,0,0,0,0,0,0
SMEIPO.BSE_IDX,01/07/2025,11:22:35,103484.41,0,0,0,0,0,0
SMEIPO.BSE_IDX,01/07/2025,11:22:43,103484.41,0,0,0,0,0,0
SMEIPO.BSE_IDX,01/07/2025,11:22:51,103484.41,0,0,0,0,0,0
SMEIPO.BSE_IDX,01/07/2025,11:22:59,103484.41,0,0,0,0,0,0
SMEIPO.BSE_IDX,01/07/2025,11:23:07,103484.41,0,0,0,0,0,0
SMEIPO.BSE_IDX,01/07/2025,11:23:15,103484.41,0,0,0,0,0,0
SMEIPO.BSE_IDX,01/07/2025,11:23:23,103484.41,0,0,0,0,0,0
SMEIPO.BSE_IDX,01/07/2025,11:23:31,103484.41,0,0,0,0,0,0
SMEIPO.BSE_IDX,01/07/2025,11:23:39,103484.41,0,0,0,0,0,0
SMEIPO.BSE_IDX,01/07/2025,11:23:47,103484.41,0,0,0,0,0,0
SMEIPO.BSE_IDX,01/07/2025,11:23:55,103466.32,0,0,0,0,0,0
SMEIPO.BSE_IDX,01/07/2025,11:24:04,103466.32,0,0,0,0,0,0
SMEIPO.BSE_IDX,01/07/2025,11:24:11,103466.32,0,0,0,0,0,0
SMEIPO.BSE_IDX,01/07/2025,11:24:19,103470.29,0,0,0,0,0,0
SMEIPO.BSE_IDX,01/07/2025,11:24:27,103470.29,0,0,0,0,0,0
SMEIPO.BSE_IDX,01/07/2025,11:24:35,103470.29,0,0,0,0,0,0
SMEIPO.BSE_IDX,01/07/2025,11:24:43,103470.29,0,0,0,0,0,0
SMEIPO.BSE_IDX,01/07/2025,11:24:52,103470.29,0,0,0,0,0,0
SMEIPO.BSE_IDX,01/07/2025,11:25:00,103470.29,0,0,0,0,0,0
SMEIPO.BSE_IDX,01/07/2025,11:25:07,103470.29,0,0,0,0,0,0
SMEIPO.BSE_IDX,01/07/2025,11:25:15,103465.54,0,0,0,0,0,0
SMEIPO.BSE_IDX,01/07/2025,11:25:23,103471.86,0,0,0,0,0,0
SMEIPO.BSE_IDX,01/07/2025,11:25:31,103471.86,0,0,0,0,0,0
SMEIPO.BSE_IDX,01/07/2025,11:25:41,103471.86,0,0,0,0,0,0
SMEIPO.BSE_IDX,01/07/2025,11:25:47,103466.9,0,0,0,0,0,0
SMEIPO.BSE_IDX,01/07/2025,11:25:55,103466.9,0,0,0,0,0,0
SMEIPO.BSE_IDX,01/07/2025,11:26:03,103466.9,0,0,0,0,0,0
SMEIPO.BSE_IDX,01/07/2025,11:26:11,103466.9,0,0,0,0,0,0
SMEIPO.BSE_IDX,01/07/2025,11:26:19,103466.9,0,0,0,0,0,0
SMEIPO.BSE_IDX,01/07/2025,11:26:27,103466.9,0,0,0,0,0,0
SMEIPO.BSE_IDX,01/07/2025,11:26:35,103464.42,0,0,0,0,0,0
SMEIPO.BSE_IDX,01/07/2025,11:26:43,103464.42,0,0,0,0,0,0
SMEIPO.BSE_IDX,01/07/2025,11:26:51,103464.42,0,0,0,0,0,0
SMEIPO.BSE_IDX,01/07/2025,11:26:59,103464.42,0,0,0,0,0,0
SMEIPO.BSE_IDX,01/07/2025,11:27:07,103464.42,0,0,0,0,0,0
SMEIPO.BSE_IDX,01/07/2025,11:27:15,103464.58,0,0,0,0,0,0
SMEIPO.BSE_IDX,01/07/2025,11:27:23,103464.58,0,0,0,0,0,0
SMEIPO.BSE_IDX,01/07/2025,11:27:31,103464.58,0,0,0,0,0,0
SMEIPO.BSE_IDX,01/07/2025,11:27:39,103464.58,0,0,0,0,0,0
SMEIPO.BSE_IDX,01/07/2025,11:27:47,103464.58,0,0,0,0,0,0
SMEIPO.BSE_IDX,01/07/2025,11:27:55,103464.58,0,0,0,0,0,0
SMEIPO.BSE_IDX,01/07/2025,11:28:03,103464.58,0,0,0,0,0,0
SMEIPO.BSE_IDX,01/07/2025,11:28:11,103464.58,0,0,0,0,0,0
SMEIPO.BSE_IDX,01/07/2025,11:28:19,103457.63,0,0,0,0,0,0
SMEIPO.BSE_IDX,01/07/2025,11:28:27,103457.63,0,0,0,0,0,0
SMEIPO.BSE_IDX,01/07/2025,11:28:36,103451.31,0,0,0,0,0,0
SMEIPO.BSE_IDX,01/07/2025,11:28:43,103451.31,0,0,0,0,0,0
SMEIPO.BSE_IDX,01/07/2025,11:28:51,103451.31,0,0,0,0,0,0
SMEIPO.BSE_IDX,01/07/2025,11:28:59,103451.31,0,0,0,0,0,0
SMEIPO.BSE_IDX,01/07/2025,11:29:07,103451.31,0,0,0,0,0,0
SMEIPO.BSE_IDX,01/07/2025,11:29:16,103451.31,0,0,0,0,0,0
SMEIPO.BSE_IDX,01/07/2025,11:29:24,103451.31,0,0,0,0,0,0
SMEIPO.BSE_IDX,01/07/2025,11:29:31,103451.31,0,0,0,0,0,0
SMEIPO.BSE_IDX,01/07/2025,11:29:39,103451.31,0,0,0,0,0,0
SMEIPO.BSE_IDX,01/07/2025,11:29:47,103451.31,0,0,0,0,0,0
SMEIPO.BSE_IDX,01/07/2025,11:29:55,103451.31,0,0,0,0,0,0
SMEIPO.BSE_IDX,01/07/2025,11:30:03,103451.31,0,0,0,0,0,0
SMEIPO.BSE_IDX,01/07/2025,11:30:11,103451.31,0,0,0,0,0,0
SMEIPO.BSE_IDX,01/07/2025,11:30:19,103451.31,0,0,0,0,0,0
SMEIPO.BSE_IDX,01/07/2025,11:30:27,103457.51,0,0,0,0,0,0
SMEIPO.BSE_IDX,01/07/2025,11:30:35,103457.51,0,0,0,0,0,0
SMEIPO.BSE_IDX,01/07/2025,11:30:43,103457.51,0,0,0,0,0,0
SMEIPO.BSE_IDX,01/07/2025,11:30:51,103457.51,0,0,0,0,0,0
SMEIPO.BSE_IDX,01/07/2025,11:30:59,103457.51,0,0,0,0,0,0
SMEIPO.BSE_IDX,01/07/2025,11:31:07,103472.91,0,0,0,0,0,0
SMEIPO.BSE_IDX,01/07/2025,11:31:15,103472.91,0,0,0,0,0,0
SMEIPO.BSE_IDX,01/07/2025,11:31:23,103489.27,0,0,0,0,0,0
SMEIPO.BSE_IDX,01/07/2025,11:31:31,103470.43,0,0,0,0,0,0
SMEIPO.BSE_IDX,01/07/2025,11:31:39,103470.43,0,0,0,0,0,0
SMEIPO.BSE_IDX,01/07/2025,11:31:47,103470.43,0,0,0,0,0,0
SMEIPO.BSE_IDX,01/07/2025,11:31:55,103470.43,0,0,0,0,0,0
SMEIPO.BSE_IDX,01/07/2025,11:32:04,103470.43,0,0,0,0,0,0
SMEIPO.BSE_IDX,01/07/2025,11:32:11,103470.43,0,0,0,0,0,0
SMEIPO.BSE_IDX,01/07/2025,11:32:19,103470.43,0,0,0,0,0,0
SMEIPO.BSE_IDX,01/07/2025,11:32:27,103468.42,0,0,0,0,0,0
SMEIPO.BSE_IDX,01/07/2025,11:32:35,103468.42,0,0,0,0,0,0
SMEIPO.BSE_IDX,01/07/2025,11:32:43,103468.42,0,0,0,0,0,0
SMEIPO.BSE_IDX,01/07/2025,11:32:51,103471.17,0,0,0,0,0,0
SMEIPO.BSE_IDX,01/07/2025,11:32:59,103471.17,0,0,0,0,0,0
SMEIPO.BSE_IDX,01/07/2025,11:33:07,103471.17,0,0,0,0,0,0
SMEIPO.BSE_IDX,01/07/2025,11:33:15,103471.17,0,0,0,0,0,0
SMEIPO.BSE_IDX,01/07/2025,11:33:23,103471.17,0,0,0,0,0,0
SMEIPO.BSE_IDX,01/07/2025,11:33:31,103471.17,0,0,0,0,0,0
SMEIPO.BSE_IDX,01/07/2025,11:33:39,103471.17,0,0,0,0,0,0
SMEIPO.BSE_IDX,01/07/2025,11:33:47,103471.17,0,0,0,0,0,0
SMEIPO.BSE_IDX,01/07/2025,11:33:55,103458.54,0,0,0,0,0,0
SMEIPO.BSE_IDX,01/07/2025,11:34:03,103458.54,0,0,0,0,0,0
SMEIPO.BSE_IDX,01/07/2025,11:34:12,103459.31,0,0,0,0,0,0
SMEIPO.BSE_IDX,01/07/2025,11:34:19,103459.31,0,0,0,0,0,0
SMEIPO.BSE_IDX,01/07/2025,11:34:27,103459.31,0,0,0,0,0,0
SMEIPO.BSE_IDX,01/07/2025,11:34:35,103459.31,0,0,0,0,0,0
SMEIPO.BSE_IDX,01/07/2025,11:34:43,103459.31,0,0,0,0,0,0
SMEIPO.BSE_IDX,01/07/2025,11:34:51,103459.31,0,0,0,0,0,0
SMEIPO.BSE_IDX,01/07/2025,11:34:59,103458.81,0,0,0,0,0,0
SMEIPO.BSE_IDX,01/07/2025,11:35:07,103458.81,0,0,0,0,0,0
SMEIPO.BSE_IDX,01/07/2025,11:35:16,103438.57,0,0,0,0,0,0
SMEIPO.BSE_IDX,01/07/2025,11:35:23,103438.57,0,0,0,0,0,0
SMEIPO.BSE_IDX,01/07/2025,11:35:32,103438.57,0,0,0,0,0,0
SMEIPO.BSE_IDX,01/07/2025,11:35:39,103438.57,0,0,0,0,0,0
SMEIPO.BSE_IDX,01/07/2025,11:35:47,103438.57,0,0,0,0,0,0
SMEIPO.BSE_IDX,01/07/2025,11:35:55,103442.59,0,0,0,0,0,0
SMEIPO.BSE_IDX,01/07/2025,11:36:04,103442.59,0,0,0,0,0,0
SMEIPO.BSE_IDX,01/07/2025,11:36:11,103442.59,0,0,0,0,0,0
SMEIPO.BSE_IDX,01/07/2025,11:36:19,103441.63,0,0,0,0,0,0
SMEIPO.BSE_IDX,01/07/2025,11:36:28,103441.63,0,0,0,0,0,0
SMEIPO.BSE_IDX,01/07/2025,11:36:35,103408.6,0,0,0,0,0,0
SMEIPO.BSE_IDX,01/07/2025,11:36:43,103408.6,0,0,0,0,0,0
SMEIPO.BSE_IDX,01/07/2025,11:36:54,103408.6,0,0,0,0,0,0
SMEIPO.BSE_IDX,01/07/2025,11:36:59,103420.71,0,0,0,0,0,0
SMEIPO.BSE_IDX,01/07/2025,11:37:07,103419.75,0,0,0,0,0,0
SMEIPO.BSE_IDX,01/07/2025,11:37:15,103418.34,0,0,0,0,0,0
SMEIPO.BSE_IDX,01/07/2025,11:37:23,103400.25,0,0,0,0,0,0
SMEIPO.BSE_IDX,01/07/2025,11:37:31,103400.25,0,0,0,0,0,0
SMEIPO.BSE_IDX,01/07/2025,11:37:41,103400.25,0,0,0,0,0,0
SMEIPO.BSE_IDX,01/07/2025,11:37:47,103400.25,0,0,0,0,0,0
SMEIPO.BSE_IDX,01/07/2025,11:37:55,103400.25,0,0,0,0,0,0
SMEIPO.BSE_IDX,01/07/2025,11:38:03,103400.25,0,0,0,0,0,0
SMEIPO.BSE_IDX,01/07/2025,11:38:11,103393.37,0,0,0,0,0,0
SMEIPO.BSE_IDX,01/07/2025,11:38:20,103393.37,0,0,0,0,0,0
SMEIPO.BSE_IDX,01/07/2025,11:38:27,103392.53,0,0,0,0,0,0
SMEIPO.BSE_IDX,01/07/2025,11:38:35,103392.53,0,0,0,0,0,0
SMEIPO.BSE_IDX,01/07/2025,11:38:43,103392.53,0,0,0,0,0,0
SMEIPO.BSE_IDX,01/07/2025,11:38:51,103392.53,0,0,0,0,0,0
SMEIPO.BSE_IDX,01/07/2025,11:38:59,103392.53,0,0,0,0,0,0
SMEIPO.BSE_IDX,01/07/2025,11:39:07,103392.53,0,0,0,0,0,0
SMEIPO.BSE_IDX,01/07/2025,11:39:16,103392.53,0,0,0,0,0,0
SMEIPO.BSE_IDX,01/07/2025,11:39:23,103392.53,0,0,0,0,0,0
SMEIPO.BSE_IDX,01/07/2025,11:39:31,103392.53,0,0,0,0,0,0
SMEIPO.BSE_IDX,01/07/2025,11:39:39,103392.53,0,0,0,0,0,0
SMEIPO.BSE_IDX,01/07/2025,11:39:47,103421.47,0,0,0,0,0,0
SMEIPO.BSE_IDX,01/07/2025,11:39:55,103421.47,0,0,0,0,0,0
SMEIPO.BSE_IDX,01/07/2025,11:40:03,103421.47,0,0,0,0,0,0
SMEIPO.BSE_IDX,01/07/2025,11:40:11,103421.61,0,0,0,0,0,0
SMEIPO.BSE_IDX,01/07/2025,11:40:19,103421.61,0,0,0,0,0,0
SMEIPO.BSE_IDX,01/07/2025,11:40:27,103421.43,0,0,0,0,0,0
SMEIPO.BSE_IDX,01/07/2025,11:40:35,103421.43,0,0,0,0,0,0
SMEIPO.BSE_IDX,01/07/2025,11:40:43,103421.43,0,0,0,0,0,0
SMEIPO.BSE_IDX,01/07/2025,11:40:51,103421.43,0,0,0,0,0,0
SMEIPO.BSE_IDX,01/07/2025,11:41:00,103415.96,0,0,0,0,0,0
SMEIPO.BSE_IDX,01/07/2025,11:41:07,103415.96,0,0,0,0,0,0
SMEIPO.BSE_IDX,01/07/2025,11:41:15,103415.96,0,0,0,0,0,0
SMEIPO.BSE_IDX,01/07/2025,11:41:24,103407.54,0,0,0,0,0,0
SMEIPO.BSE_IDX,01/07/2025,11:41:32,103408.23,0,0,0,0,0,0
SMEIPO.BSE_IDX,01/07/2025,11:41:39,103408.23,0,0,0,0,0,0
SMEIPO.BSE_IDX,01/07/2025,11:41:48,103408.23,0,0,0,0,0,0
SMEIPO.BSE_IDX,01/07/2025,11:41:56,103408.23,0,0,0,0,0,0
SMEIPO.BSE_IDX,01/07/2025,11:42:04,103420.72,0,0,0,0,0,0
SMEIPO.BSE_IDX,01/07/2025,11:42:12,103420.72,0,0,0,0,0,0
SMEIPO.BSE_IDX,01/07/2025,11:42:20,103420.72,0,0,0,0,0,0
SMEIPO.BSE_IDX,01/07/2025,11:42:28,103435.6,0,0,0,0,0,0
SMEIPO.BSE_IDX,01/07/2025,11:42:36,103435.6,0,0,0,0,0,0
SMEIPO.BSE_IDX,01/07/2025,11:42:44,103438.43,0,0,0,0,0,0
SMEIPO.BSE_IDX,01/07/2025,11:42:52,103426.08,0,0,0,0,0,0
SMEIPO.BSE_IDX,01/07/2025,11:43:00,103426.08,0,0,0,0,0,0
SMEIPO.BSE_IDX,01/07/2025,11:43:08,103426.08,0,0,0,0,0,0
SMEIPO.BSE_IDX,01/07/2025,11:43:16,103426.08,0,0,0,0,0,0
SMEIPO.BSE_IDX,01/07/2025,11:43:24,103426.08,0,0,0,0,0,0
SMEIPO.BSE_IDX,01/07/2025,11:43:32,103426.08,0,0,0,0,0,0
SMEIPO.BSE_IDX,01/07/2025,11:43:40,103426.08,0,0,0,0,0,0
SMEIPO.BSE_IDX,01/07/2025,11:43:48,103426.08,0,0,0,0,0,0
SMEIPO.BSE_IDX,01/07/2025,11:43:56,103426.08,0,0,0,0,0,0
SMEIPO.BSE_IDX,01/07/2025,11:44:04,103426.08,0,0,0,0,0,0
SMEIPO.BSE_IDX,01/07/2025,11:44:12,103426.08,0,0,0,0,0,0
SMEIPO.BSE_IDX,01/07/2025,11:44:20,103426.08,0,0,0,0,0,0
SMEIPO.BSE_IDX,01/07/2025,11:44:28,103426.08,0,0,0,0,0,0
SMEIPO.BSE_IDX,01/07/2025,11:44:36,103426.08,0,0,0,0,0,0
SMEIPO.BSE_IDX,01/07/2025,11:44:44,103426.08,0,0,0,0,0,0
SMEIPO.BSE_IDX,01/07/2025,11:44:52,103426.08,0,0,0,0,0,0
SMEIPO.BSE_IDX,01/07/2025,11:45:00,103426.08,0,0,0,0,0,0
SMEIPO.BSE_IDX,01/07/2025,11:45:08,103398.11,0,0,0,0,0,0
SMEIPO.BSE_IDX,01/07/2025,11:45:16,103398.11,0,0,0,0,0,0
SMEIPO.BSE_IDX,01/07/2025,11:45:24,103398.11,0,0,0,0,0,0
SMEIPO.BSE_IDX,01/07/2025,11:45:32,103398.11,0,0,0,0,0,0
SMEIPO.BSE_IDX,01/07/2025,11:45:40,103398.11,0,0,0,0,0,0
SMEIPO.BSE_IDX,01/07/2025,11:45:48,103398.11,0,0,0,0,0,0
SMEIPO.BSE_IDX,01/07/2025,11:45:56,103398.11,0,0,0,0,0,0
SMEIPO.BSE_IDX,01/07/2025,11:46:04,103398.11,0,0,0,0,0,0
SMEIPO.BSE_IDX,01/07/2025,11:46:12,103398.11,0,0,0,0,0,0
SMEIPO.BSE_IDX,01/07/2025,11:46:20,103398.11,0,0,0,0,0,0
SMEIPO.BSE_IDX,01/07/2025,11:46:28,103398.11,0,0,0,0,0,0
SMEIPO.BSE_IDX,01/07/2025,11:46:36,103398.11,0,0,0,0,0,0
SMEIPO.BSE_IDX,01/07/2025,11:46:44,103398.11,0,0,0,0,0,0
SMEIPO.BSE_IDX,01/07/2025,11:46:52,103398.11,0,0,0,0,0,0
SMEIPO.BSE_IDX,01/07/2025,11:47:00,103391.79,0,0,0,0,0,0
SMEIPO.BSE_IDX,01/07/2025,11:47:08,103391.79,0,0,0,0,0,0
SMEIPO.BSE_IDX,01/07/2025,11:47:16,103391.79,0,0,0,0,0,0
SMEIPO.BSE_IDX,01/07/2025,11:47:24,103385.44,0,0,0,0,0,0
SMEIPO.BSE_IDX,01/07/2025,11:47:32,103385.44,0,0,0,0,0,0
SMEIPO.BSE_IDX,01/07/2025,11:47:40,103385.44,0,0,0,0,0,0
SMEIPO.BSE_IDX,01/07/2025,11:47:48,103386.43,0,0,0,0,0,0
SMEIPO.BSE_IDX,01/07/2025,11:47:56,103386.43,0,0,0,0,0,0
SMEIPO.BSE_IDX,01/07/2025,11:48:04,103386.43,0,0,0,0,0,0
SMEIPO.BSE_IDX,01/07/2025,11:48:12,103386.43,0,0,0,0,0,0
SMEIPO.BSE_IDX,01/07/2025,11:48:20,103386.43,0,0,0,0,0,0
SMEIPO.BSE_IDX,01/07/2025,11:48:28,103385.44,0,0,0,0,0,0
SMEIPO.BSE_IDX,01/07/2025,11:48:36,103385.44,0,0,0,0,0,0
SMEIPO.BSE_IDX,01/07/2025,11:48:44,103385.44,0,0,0,0,0,0
SMEIPO.BSE_IDX,01/07/2025,11:48:52,103384.29,0,0,0,0,0,0
SMEIPO.BSE_IDX,01/07/2025,11:49:01,103384.29,0,0,0,0,0,0
SMEIPO.BSE_IDX,01/07/2025,11:49:09,103384.29,0,0,0,0,0,0
SMEIPO.BSE_IDX,01/07/2025,11:49:16,103373.09,0,0,0,0,0,0
SMEIPO.BSE_IDX,01/07/2025,11:49:24,103373.09,0,0,0,0,0,0
SMEIPO.BSE_IDX,01/07/2025,11:49:32,103374.58,0,0,0,0,0,0
SMEIPO.BSE_IDX,01/07/2025,11:49:40,103417.19,0,0,0,0,0,0
SMEIPO.BSE_IDX,01/07/2025,11:49:49,103417.19,0,0,0,0,0,0
SMEIPO.BSE_IDX,01/07/2025,11:49:56,103417.19,0,0,0,0,0,0
SMEIPO.BSE_IDX,01/07/2025,11:50:04,103422.79,0,0,0,0,0,0
SMEIPO.BSE_IDX,01/07/2025,11:50:12,103423.76,0,0,0,0,0,0
SMEIPO.BSE_IDX,01/07/2025,11:50:20,103423.76,0,0,0,0,0,0
SMEIPO.BSE_IDX,01/07/2025,11:50:28,103418.07,0,0,0,0,0,0
SMEIPO.BSE_IDX,01/07/2025,11:50:36,103418.07,0,0,0,0,0,0
SMEIPO.BSE_IDX,01/07/2025,11:50:44,103418.07,0,0,0,0,0,0
SMEIPO.BSE_IDX,01/07/2025,11:50:52,103418.07,0,0,0,0,0,0
SMEIPO.BSE_IDX,01/07/2025,11:51:00,103418.07,0,0,0,0,0,0
SMEIPO.BSE_IDX,01/07/2025,11:51:08,103413.49,0,0,0,0,0,0
SMEIPO.BSE_IDX,01/07/2025,11:51:16,103413.49,0,0,0,0,0,0
SMEIPO.BSE_IDX,01/07/2025,11:51:24,103419.69,0,0,0,0,0,0
SMEIPO.BSE_IDX,01/07/2025,11:51:32,103444.46,0,0,0,0,0,0
SMEIPO.BSE_IDX,01/07/2025,11:51:40,103444.46,0,0,0,0,0,0
SMEIPO.BSE_IDX,01/07/2025,11:51:48,103444.46,0,0,0,0,0,0
SMEIPO.BSE_IDX,01/07/2025,11:51:56,103441.02,0,0,0,0,0,0
SMEIPO.BSE_IDX,01/07/2025,11:52:04,103441.02,0,0,0,0,0,0
SMEIPO.BSE_IDX,01/07/2025,11:52:12,103441.02,0,0,0,0,0,0
SMEIPO.BSE_IDX,01/07/2025,11:52:20,103441.02,0,0,0,0,0,0
SMEIPO.BSE_IDX,01/07/2025,11:52:28,103441.02,0,0,0,0,0,0
SMEIPO.BSE_IDX,01/07/2025,11:52:36,103441.02,0,0,0,0,0,0
SMEIPO.BSE_IDX,01/07/2025,11:52:44,103441.02,0,0,0,0,0,0
SMEIPO.BSE_IDX,01/07/2025,11:52:52,103441.02,0,0,0,0,0,0
SMEIPO.BSE_IDX,01/07/2025,11:53:00,103441.02,0,0,0,0,0,0
SMEIPO.BSE_IDX,01/07/2025,11:53:08,103441.02,0,0,0,0,0,0
SMEIPO.BSE_IDX,01/07/2025,11:53:16,103441.02,0,0,0,0,0,0
SMEIPO.BSE_IDX,01/07/2025,11:53:24,103441.02,0,0,0,0,0,0
SMEIPO.BSE_IDX,01/07/2025,11:53:32,103439.53,0,0,0,0,0,0
SMEIPO.BSE_IDX,01/07/2025,11:53:40,103439.53,0,0,0,0,0,0
SMEIPO.BSE_IDX,01/07/2025,11:53:48,103439.53,0,0,0,0,0,0
SMEIPO.BSE_IDX,01/07/2025,11:53:56,103449.36,0,0,0,0,0,0
SMEIPO.BSE_IDX,01/07/2025,11:54:04,103449.36,0,0,0,0,0,0
SMEIPO.BSE_IDX,01/07/2025,11:54:12,103444.78,0,0,0,0,0,0
SMEIPO.BSE_IDX,01/07/2025,11:54:20,103444.78,0,0,0,0,0,0
SMEIPO.BSE_IDX,01/07/2025,11:54:28,103444.78,0,0,0,0,0,0
SMEIPO.BSE_IDX,01/07/2025,11:54:36,103444.78,0,0,0,0,0,0
SMEIPO.BSE_IDX,01/07/2025,11:54:44,103444.78,0,0,0,0,0,0
SMEIPO.BSE_IDX,01/07/2025,11:54:52,103444.78,0,0,0,0,0,0
SMEIPO.BSE_IDX,01/07/2025,11:55:00,103444.78,0,0,0,0,0,0
SMEIPO.BSE_IDX,01/07/2025,11:55:08,103444.78,0,0,0,0,0,0
SMEIPO.BSE_IDX,01/07/2025,11:55:17,103444.78,0,0,0,0,0,0
SMEIPO.BSE_IDX,01/07/2025,11:55:24,103444.78,0,0,0,0,0,0
SMEIPO.BSE_IDX,01/07/2025,11:55:32,103444.78,0,0,0,0,0,0
SMEIPO.BSE_IDX,01/07/2025,11:55:40,103444.78,0,0,0,0,0,0
SMEIPO.BSE_IDX,01/07/2025,11:55:48,103446.27,0,0,0,0,0,0
SMEIPO.BSE_IDX,01/07/2025,11:55:56,103446.27,0,0,0,0,0,0
SMEIPO.BSE_IDX,01/07/2025,11:56:05,103446.27,0,0,0,0,0,0
SMEIPO.BSE_IDX,01/07/2025,11:56:12,103446.27,0,0,0,0,0,0
SMEIPO.BSE_IDX,01/07/2025,11:56:20,103446.27,0,0,0,0,0,0
SMEIPO.BSE_IDX,01/07/2025,11:56:28,103446.27,0,0,0,0,0,0
SMEIPO.BSE_IDX,01/07/2025,11:56:36,103446.27,0,0,0,0,0,0
SMEIPO.BSE_IDX,01/07/2025,11:56:44,103446.27,0,0,0,0,0,0
SMEIPO.BSE_IDX,01/07/2025,11:56:52,103446.27,0,0,0,0,0,0
SMEIPO.BSE_IDX,01/07/2025,11:57:00,103446.27,0,0,0,0,0,0
SMEIPO.BSE_IDX,01/07/2025,11:57:08,103446.27,0,0,0,0,0,0
SMEIPO.BSE_IDX,01/07/2025,11:57:16,103446.27,0,0,0,0,0,0
SMEIPO.BSE_IDX,01/07/2025,11:57:24,103446.27,0,0,0,0,0,0
SMEIPO.BSE_IDX,01/07/2025,11:57:32,103446.27,0,0,0,0,0,0
SMEIPO.BSE_IDX,01/07/2025,11:57:40,103446.27,0,0,0,0,0,0
SMEIPO.BSE_IDX,01/07/2025,11:57:48,103446.27,0,0,0,0,0,0
SMEIPO.BSE_IDX,01/07/2025,11:57:56,103442.06,0,0,0,0,0,0
SMEIPO.BSE_IDX,01/07/2025,11:58:04,103442.06,0,0,0,0,0,0
SMEIPO.BSE_IDX,01/07/2025,11:58:12,103442.06,0,0,0,0,0,0
SMEIPO.BSE_IDX,01/07/2025,11:58:20,103442.06,0,0,0,0,0,0
SMEIPO.BSE_IDX,01/07/2025,11:58:28,103442.06,0,0,0,0,0,0
SMEIPO.BSE_IDX,01/07/2025,11:58:36,103442.06,0,0,0,0,0,0
SMEIPO.BSE_IDX,01/07/2025,11:58:44,103442.06,0,0,0,0,0,0
SMEIPO.BSE_IDX,01/07/2025,11:58:52,103442.06,0,0,0,0,0,0
SMEIPO.BSE_IDX,01/07/2025,11:59:00,103442.06,0,0,0,0,0,0
SMEIPO.BSE_IDX,01/07/2025,11:59:08,103442.06,0,0,0,0,0,0
SMEIPO.BSE_IDX,01/07/2025,11:59:16,103442.06,0,0,0,0,0,0
SMEIPO.BSE_IDX,01/07/2025,11:59:24,103442.06,0,0,0,0,0,0
SMEIPO.BSE_IDX,01/07/2025,11:59:32,103442.06,0,0,0,0,0,0
SMEIPO.BSE_IDX,01/07/2025,11:59:40,103442.06,0,0,0,0,0,0
SMEIPO.BSE_IDX,01/07/2025,11:59:48,103442.06,0,0,0,0,0,0
SMEIPO.BSE_IDX,01/07/2025,11:59:56,103442.06,0,0,0,0,0,0
SMEIPO.BSE_IDX,01/07/2025,12:00:05,103442.06,0,0,0,0,0,0
SMEIPO.BSE_IDX,01/07/2025,12:00:12,103442.06,0,0,0,0,0,0
SMEIPO.BSE_IDX,01/07/2025,12:00:20,103442.06,0,0,0,0,0,0
SMEIPO.BSE_IDX,01/07/2025,12:00:28,103442.06,0,0,0,0,0,0
SMEIPO.BSE_IDX,01/07/2025,12:00:37,103442.06,0,0,0,0,0,0
SMEIPO.BSE_IDX,01/07/2025,12:00:44,103442.06,0,0,0,0,0,0
SMEIPO.BSE_IDX,01/07/2025,12:00:52,103442.06,0,0,0,0,0,0
SMEIPO.BSE_IDX,01/07/2025,12:01:00,103442.06,0,0,0,0,0,0
SMEIPO.BSE_IDX,01/07/2025,12:01:08,103432.63,0,0,0,0,0,0
SMEIPO.BSE_IDX,01/07/2025,12:01:16,103432.63,0,0,0,0,0,0
SMEIPO.BSE_IDX,01/07/2025,12:01:24,103432.63,0,0,0,0,0,0
SMEIPO.BSE_IDX,01/07/2025,12:01:32,103422.81,0,0,0,0,0,0
SMEIPO.BSE_IDX,01/07/2025,12:01:40,103422.81,0,0,0,0,0,0
SMEIPO.BSE_IDX,01/07/2025,12:01:48,103422.81,0,0,0,0,0,0
SMEIPO.BSE_IDX,01/07/2025,12:01:57,103422.81,0,0,0,0,0,0
SMEIPO.BSE_IDX,01/07/2025,12:02:04,103422.1,0,0,0,0,0,0
SMEIPO.BSE_IDX,01/07/2025,12:02:12,103416.3,0,0,0,0,0,0
SMEIPO.BSE_IDX,01/07/2025,12:02:20,103416.3,0,0,0,0,0,0
SMEIPO.BSE_IDX,01/07/2025,12:02:28,103416.3,0,0,0,0,0,0
SMEIPO.BSE_IDX,01/07/2025,12:02:36,103416.3,0,0,0,0,0,0
SMEIPO.BSE_IDX,01/07/2025,12:02:44,103416.3,0,0,0,0,0,0
SMEIPO.BSE_IDX,01/07/2025,12:02:52,103416.3,0,0,0,0,0,0
SMEIPO.BSE_IDX,01/07/2025,12:03:00,103416.3,0,0,0,0,0,0
SMEIPO.BSE_IDX,01/07/2025,12:03:08,103416.3,0,0,0,0,0,0
SMEIPO.BSE_IDX,01/07/2025,12:03:17,103416.3,0,0,0,0,0,0
SMEIPO.BSE_IDX,01/07/2025,12:03:24,103416.3,0,0,0,0,0,0
SMEIPO.BSE_IDX,01/07/2025,12:03:32,103412.74,0,0,0,0,0,0
SMEIPO.BSE_IDX,01/07/2025,12:03:40,103412.74,0,0,0,0,0,0
SMEIPO.BSE_IDX,01/07/2025,12:03:48,103412.74,0,0,0,0,0,0
SMEIPO.BSE_IDX,01/07/2025,12:03:56,103412.74,0,0,0,0,0,0
SMEIPO.BSE_IDX,01/07/2025,12:04:04,103412.74,0,0,0,0,0,0
SMEIPO.BSE_IDX,01/07/2025,12:04:12,103412.74,0,0,0,0,0,0
SMEIPO.BSE_IDX,01/07/2025,12:04:20,103424.33,0,0,0,0,0,0
SMEIPO.BSE_IDX,01/07/2025,12:04:28,103406.24,0,0,0,0,0,0
SMEIPO.BSE_IDX,01/07/2025,12:04:36,103406.24,0,0,0,0,0,0
SMEIPO.BSE_IDX,01/07/2025,12:04:44,103406.24,0,0,0,0,0,0
SMEIPO.BSE_IDX,01/07/2025,12:04:52,103406.24,0,0,0,0,0,0
SMEIPO.BSE_IDX,01/07/2025,12:05:01,103406.24,0,0,0,0,0,0
SMEIPO.BSE_IDX,01/07/2025,12:05:08,103406.24,0,0,0,0,0,0
SMEIPO.BSE_IDX,01/07/2025,12:05:16,103406.24,0,0,0,0,0,0
SMEIPO.BSE_IDX,01/07/2025,12:05:24,103406.24,0,0,0,0,0,0
SMEIPO.BSE_IDX,01/07/2025,12:05:32,103406.24,0,0,0,0,0,0
SMEIPO.BSE_IDX,01/07/2025,12:05:40,103406.24,0,0,0,0,0,0
SMEIPO.BSE_IDX,01/07/2025,12:05:48,103406.24,0,0,0,0,0,0
SMEIPO.BSE_IDX,01/07/2025,12:05:56,103406.24,0,0,0,0,0,0
SMEIPO.BSE_IDX,01/07/2025,12:06:04,103406.24,0,0,0,0,0,0
SMEIPO.BSE_IDX,01/07/2025,12:06:12,103406.24,0,0,0,0,0,0
SMEIPO.BSE_IDX,01/07/2025,12:06:20,103370.97,0,0,0,0,0,0
SMEIPO.BSE_IDX,01/07/2025,12:06:28,103370.97,0,0,0,0,0,0
SMEIPO.BSE_IDX,01/07/2025,12:06:36,103370.97,0,0,0,0,0,0
SMEIPO.BSE_IDX,01/07/2025,12:06:44,103370.97,0,0,0,0,0,0
SMEIPO.BSE_IDX,01/07/2025,12:06:53,103370.97,0,0,0,0,0,0
SMEIPO.BSE_IDX,01/07/2025,12:07:00,103370.97,0,0,0,0,0,0
SMEIPO.BSE_IDX,01/07/2025,12:07:08,103370.97,0,0,0,0,0,0
SMEIPO.BSE_IDX,01/07/2025,12:07:16,103370.97,0,0,0,0,0,0
SMEIPO.BSE_IDX,01/07/2025,12:07:24,103377.25,0,0,0,0,0,0
SMEIPO.BSE_IDX,01/07/2025,12:07:32,103378.51,0,0,0,0,0,0
SMEIPO.BSE_IDX,01/07/2025,12:07:40,103376.62,0,0,0,0,0,0
SMEIPO.BSE_IDX,01/07/2025,12:07:48,103376.62,0,0,0,0,0,0
SMEIPO.BSE_IDX,01/07/2025,12:07:56,103376.62,0,0,0,0,0,0
SMEIPO.BSE_IDX,01/07/2025,12:08:04,103376.62,0,0,0,0,0,0
SMEIPO.BSE_IDX,01/07/2025,12:08:12,103376.62,0,0,0,0,0,0
SMEIPO.BSE_IDX,01/07/2025,12:08:20,103376.62,0,0,0,0,0,0
SMEIPO.BSE_IDX,01/07/2025,12:08:28,103376.62,0,0,0,0,0,0
SMEIPO.BSE_IDX,01/07/2025,12:08:36,103376.8,0,0,0,0,0,0
SMEIPO.BSE_IDX,01/07/2025,12:08:44,103376.8,0,0,0,0,0,0
SMEIPO.BSE_IDX,01/07/2025,12:08:52,103376.8,0,0,0,0,0,0
SMEIPO.BSE_IDX,01/07/2025,12:09:00,103376.8,0,0,0,0,0,0
SMEIPO.BSE_IDX,01/07/2025,12:09:08,103376.8,0,0,0,0,0,0
SMEIPO.BSE_IDX,01/07/2025,12:09:16,103376.8,0,0,0,0,0,0
SMEIPO.BSE_IDX,01/07/2025,12:09:25,103376.8,0,0,0,0,0,0
SMEIPO.BSE_IDX,01/07/2025,12:09:32,103376.8,0,0,0,0,0,0
SMEIPO.BSE_IDX,01/07/2025,12:09:40,103376.8,0,0,0,0,0,0
SMEIPO.BSE_IDX,01/07/2025,12:09:48,103376.8,0,0,0,0,0,0
SMEIPO.BSE_IDX,01/07/2025,12:09:57,103376.8,0,0,0,0,0,0
SMEIPO.BSE_IDX,01/07/2025,12:10:05,103376.8,0,0,0,0,0,0
SMEIPO.BSE_IDX,01/07/2025,12:10:13,103376.8,0,0,0,0,0,0
SMEIPO.BSE_IDX,01/07/2025,12:10:22,103376.8,0,0,0,0,0,0
SMEIPO.BSE_IDX,01/07/2025,12:10:28,103376.8,0,0,0,0,0,0
SMEIPO.BSE_IDX,01/07/2025,12:10:36,103376.8,0,0,0,0,0,0
SMEIPO.BSE_IDX,01/07/2025,12:10:45,103376.8,0,0,0,0,0,0
SMEIPO.BSE_IDX,01/07/2025,12:10:52,103376.8,0,0,0,0,0,0
SMEIPO.BSE_IDX,01/07/2025,12:11:00,103376.8,0,0,0,0,0,0
SMEIPO.BSE_IDX,01/07/2025,12:11:08,103376.8,0,0,0,0,0,0
SMEIPO.BSE_IDX,01/07/2025,12:11:17,103376.8,0,0,0,0,0,0
SMEIPO.BSE_IDX,01/07/2025,12:11:24,103376.8,0,0,0,0,0,0
SMEIPO.BSE_IDX,01/07/2025,12:11:32,103376.8,0,0,0,0,0,0
SMEIPO.BSE_IDX,01/07/2025,12:11:40,103346.57,0,0,0,0,0,0
SMEIPO.BSE_IDX,01/07/2025,12:11:49,103346.57,0,0,0,0,0,0
SMEIPO.BSE_IDX,01/07/2025,12:11:57,103346.57,0,0,0,0,0,0
SMEIPO.BSE_IDX,01/07/2025,12:12:05,103360.81,0,0,0,0,0,0
SMEIPO.BSE_IDX,01/07/2025,12:12:13,103360.81,0,0,0,0,0,0
SMEIPO.BSE_IDX,01/07/2025,12:12:21,103360.81,0,0,0,0,0,0
SMEIPO.BSE_IDX,01/07/2025,12:12:29,103360.81,0,0,0,0,0,0
SMEIPO.BSE_IDX,01/07/2025,12:12:37,103360.81,0,0,0,0,0,0
SMEIPO.BSE_IDX,01/07/2025,12:12:45,103360.81,0,0,0,0,0,0
SMEIPO.BSE_IDX,01/07/2025,12:12:53,103360.81,0,0,0,0,0,0
SMEIPO.BSE_IDX,01/07/2025,12:13:01,103360.81,0,0,0,0,0,0
SMEIPO.BSE_IDX,01/07/2025,12:13:09,103360.81,0,0,0,0,0,0
SMEIPO.BSE_IDX,01/07/2025,12:13:17,103360.81,0,0,0,0,0,0
SMEIPO.BSE_IDX,01/07/2025,12:13:25,103348.18,0,0,0,0,0,0
SMEIPO.BSE_IDX,01/07/2025,12:13:33,103348.18,0,0,0,0,0,0
SMEIPO.BSE_IDX,01/07/2025,12:13:41,103348.18,0,0,0,0,0,0
SMEIPO.BSE_IDX,01/07/2025,12:13:49,103348.18,0,0,0,0,0,0
SMEIPO.BSE_IDX,01/07/2025,12:13:57,103348.18,0,0,0,0,0,0
SMEIPO.BSE_IDX,01/07/2025,12:14:05,103348.18,0,0,0,0,0,0
SMEIPO.BSE_IDX,01/07/2025,12:14:13,103448.62,0,0,0,0,0,0
SMEIPO.BSE_IDX,01/07/2025,12:14:21,103448.62,0,0,0,0,0,0
SMEIPO.BSE_IDX,01/07/2025,12:14:29,103448.62,0,0,0,0,0,0
SMEIPO.BSE_IDX,01/07/2025,12:14:37,103448.62,0,0,0,0,0,0
SMEIPO.BSE_IDX,01/07/2025,12:14:46,103357.28,0,0,0,0,0,0
SMEIPO.BSE_IDX,01/07/2025,12:14:54,103354.02,0,0,0,0,0,0
SMEIPO.BSE_IDX,01/07/2025,12:15:01,103354.02,0,0,0,0,0,0
SMEIPO.BSE_IDX,01/07/2025,12:15:09,103354.02,0,0,0,0,0,0
SMEIPO.BSE_IDX,01/07/2025,12:15:17,103354.02,0,0,0,0,0,0
SMEIPO.BSE_IDX,01/07/2025,12:15:25,103354.02,0,0,0,0,0,0
SMEIPO.BSE_IDX,01/07/2025,12:15:33,103354.02,0,0,0,0,0,0
SMEIPO.BSE_IDX,01/07/2025,12:15:41,103354.02,0,0,0,0,0,0
SMEIPO.BSE_IDX,01/07/2025,12:15:49,103424.14,0,0,0,0,0,0
SMEIPO.BSE_IDX,01/07/2025,12:15:57,103245.98,0,0,0,0,0,0
SMEIPO.BSE_IDX,01/07/2025,12:16:05,103243.26,0,0,0,0,0,0
SMEIPO.BSE_IDX,01/07/2025,12:16:13,103243.26,0,0,0,0,0,0
SMEIPO.BSE_IDX,01/07/2025,12:16:21,103243.26,0,0,0,0,0,0
SMEIPO.BSE_IDX,01/07/2025,12:16:29,103243.26,0,0,0,0,0,0
SMEIPO.BSE_IDX,01/07/2025,12:16:37,103243.26,0,0,0,0,0,0
SMEIPO.BSE_IDX,01/07/2025,12:16:45,103243.26,0,0,0,0,0,0
SMEIPO.BSE_IDX,01/07/2025,12:16:53,103214.32,0,0,0,0,0,0
SMEIPO.BSE_IDX,01/07/2025,12:17:01,103224.85,0,0,0,0,0,0
SMEIPO.BSE_IDX,01/07/2025,12:17:09,103224.85,0,0,0,0,0,0
SMEIPO.BSE_IDX,01/07/2025,12:17:17,103224.85,0,0,0,0,0,0
SMEIPO.BSE_IDX,01/07/2025,12:17:25,103224.85,0,0,0,0,0,0
SMEIPO.BSE_IDX,01/07/2025,12:17:33,103224.85,0,0,0,0,0,0
SMEIPO.BSE_IDX,01/07/2025,12:17:41,103224.85,0,0,0,0,0,0
SMEIPO.BSE_IDX,01/07/2025,12:17:49,103224.85,0,0,0,0,0,0
SMEIPO.BSE_IDX,01/07/2025,12:17:57,103223.79,0,0,0,0,0,0
SMEIPO.BSE_IDX,01/07/2025,12:18:05,103223.79,0,0,0,0,0,0
SMEIPO.BSE_IDX,01/07/2025,12:18:13,103223.79,0,0,0,0,0,0
SMEIPO.BSE_IDX,01/07/2025,12:18:21,103223.51,0,0,0,0,0,0
SMEIPO.BSE_IDX,01/07/2025,12:18:29,103223.51,0,0,0,0,0,0
SMEIPO.BSE_IDX,01/07/2025,12:18:37,103223.79,0,0,0,0,0,0
SMEIPO.BSE_IDX,01/07/2025,12:18:45,103223.79,0,0,0,0,0,0
SMEIPO.BSE_IDX,01/07/2025,12:18:53,103209.55,0,0,0,0,0,0
SMEIPO.BSE_IDX,01/07/2025,12:19:01,103209.55,0,0,0,0,0,0
SMEIPO.BSE_IDX,01/07/2025,12:19:09,103209.55,0,0,0,0,0,0
SMEIPO.BSE_IDX,01/07/2025,12:19:17,103209.55,0,0,0,0,0,0
SMEIPO.BSE_IDX,01/07/2025,12:19:25,103209.55,0,0,0,0,0,0
SMEIPO.BSE_IDX,01/07/2025,12:19:33,103209.55,0,0,0,0,0,0
SMEIPO.BSE_IDX,01/07/2025,12:19:41,103209.55,0,0,0,0,0,0
SMEIPO.BSE_IDX,01/07/2025,12:19:49,103209.55,0,0,0,0,0,0
SMEIPO.BSE_IDX,01/07/2025,12:19:57,103209.55,0,0,0,0,0,0
SMEIPO.BSE_IDX,01/07/2025,12:20:05,103209.55,0,0,0,0,0,0
SMEIPO.BSE_IDX,01/07/2025,12:20:13,103209.55,0,0,0,0,0,0
SMEIPO.BSE_IDX,01/07/2025,12:20:21,103209.55,0,0,0,0,0,0
SMEIPO.BSE_IDX,01/07/2025,12:20:29,103209.55,0,0,0,0,0,0
SMEIPO.BSE_IDX,01/07/2025,12:20:37,103209.18,0,0,0,0,0,0
SMEIPO.BSE_IDX,01/07/2025,12:20:45,103209.18,0,0,0,0,0,0
SMEIPO.BSE_IDX,01/07/2025,12:20:53,103209.18,0,0,0,0,0,0
SMEIPO.BSE_IDX,01/07/2025,12:21:01,103209.18,0,0,0,0,0,0
SMEIPO.BSE_IDX,01/07/2025,12:21:09,103209.18,0,0,0,0,0,0
SMEIPO.BSE_IDX,01/07/2025,12:21:17,103209.18,0,0,0,0,0,0
SMEIPO.BSE_IDX,01/07/2025,12:21:25,103219.84,0,0,0,0,0,0
SMEIPO.BSE_IDX,01/07/2025,12:21:33,103219.84,0,0,0,0,0,0
SMEIPO.BSE_IDX,01/07/2025,12:21:41,103219.84,0,0,0,0,0,0
SMEIPO.BSE_IDX,01/07/2025,12:21:49,103219.84,0,0,0,0,0,0
SMEIPO.BSE_IDX,01/07/2025,12:21:57,103219.84,0,0,0,0,0,0
SMEIPO.BSE_IDX,01/07/2025,12:22:05,103219.84,0,0,0,0,0,0
SMEIPO.BSE_IDX,01/07/2025,12:22:13,103219.84,0,0,0,0,0,0
SMEIPO.BSE_IDX,01/07/2025,12:22:21,103219.84,0,0,0,0,0,0
SMEIPO.BSE_IDX,01/07/2025,12:22:29,103219.84,0,0,0,0,0,0
SMEIPO.BSE_IDX,01/07/2025,12:22:37,103219.84,0,0,0,0,0,0
SMEIPO.BSE_IDX,01/07/2025,12:22:45,103219.84,0,0,0,0,0,0
SMEIPO.BSE_IDX,01/07/2025,12:22:53,103219.84,0,0,0,0,0,0
SMEIPO.BSE_IDX,01/07/2025,12:23:02,103216.02,0,0,0,0,0,0
SMEIPO.BSE_IDX,01/07/2025,12:23:09,103216.02,0,0,0,0,0,0
SMEIPO.BSE_IDX,01/07/2025,12:23:17,103216.02,0,0,0,0,0,0
SMEIPO.BSE_IDX,01/07/2025,12:23:25,103216.02,0,0,0,0,0,0
SMEIPO.BSE_IDX,01/07/2025,12:23:33,103216.02,0,0,0,0,0,0
SMEIPO.BSE_IDX,01/07/2025,12:23:41,103216.02,0,0,0,0,0,0
SMEIPO.BSE_IDX,01/07/2025,12:23:49,103216.02,0,0,0,0,0,0
SMEIPO.BSE_IDX,01/07/2025,12:23:57,103216.02,0,0,0,0,0,0
SMEIPO.BSE_IDX,01/07/2025,12:24:05,103216.02,0,0,0,0,0,0
SMEIPO.BSE_IDX,01/07/2025,12:24:13,103216.02,0,0,0,0,0,0
SMEIPO.BSE_IDX,01/07/2025,12:24:21,103216.02,0,0,0,0,0,0
SMEIPO.BSE_IDX,01/07/2025,12:24:29,103216.02,0,0,0,0,0,0
SMEIPO.BSE_IDX,01/07/2025,12:24:37,103216.02,0,0,0,0,0,0
SMEIPO.BSE_IDX,01/07/2025,12:24:45,103216.02,0,0,0,0,0,0
SMEIPO.BSE_IDX,01/07/2025,12:24:53,103228.1,0,0,0,0,0,0
SMEIPO.BSE_IDX,01/07/2025,12:25:01,103228.1,0,0,0,0,0,0
SMEIPO.BSE_IDX,01/07/2025,12:25:09,103228.1,0,0,0,0,0,0
SMEIPO.BSE_IDX,01/07/2025,12:25:17,103228.1,0,0,0,0,0,0
SMEIPO.BSE_IDX,01/07/2025,12:25:25,103228.1,0,0,0,0,0,0
SMEIPO.BSE_IDX,01/07/2025,12:25:33,103228.1,0,0,0,0,0,0
SMEIPO.BSE_IDX,01/07/2025,12:25:41,103228.1,0,0,0,0,0,0
SMEIPO.BSE_IDX,01/07/2025,12:25:49,103228.1,0,0,0,0,0,0
SMEIPO.BSE_IDX,01/07/2025,12:25:57,103228.1,0,0,0,0,0,0
SMEIPO.BSE_IDX,01/07/2025,12:26:05,103228.1,0,0,0,0,0,0
SMEIPO.BSE_IDX,01/07/2025,12:26:13,103228.1,0,0,0,0,0,0
SMEIPO.BSE_IDX,01/07/2025,12:26:21,103228.1,0,0,0,0,0,0
SMEIPO.BSE_IDX,01/07/2025,12:26:31,103228.1,0,0,0,0,0,0
SMEIPO.BSE_IDX,01/07/2025,12:26:37,103228.1,0,0,0,0,0,0
SMEIPO.BSE_IDX,01/07/2025,12:26:45,103228.1,0,0,0,0,0,0
SMEIPO.BSE_IDX,01/07/2025,12:26:53,103228.1,0,0,0,0,0,0
SMEIPO.BSE_IDX,01/07/2025,12:27:01,103228.1,0,0,0,0,0,0
SMEIPO.BSE_IDX,01/07/2025,12:27:09,103228.1,0,0,0,0,0,0
SMEIPO.BSE_IDX,01/07/2025,12:27:17,103228.1,0,0,0,0,0,0
SMEIPO.BSE_IDX,01/07/2025,12:27:25,103228.1,0,0,0,0,0,0
SMEIPO.BSE_IDX,01/07/2025,12:27:33,103228.1,0,0,0,0,0,0
SMEIPO.BSE_IDX,01/07/2025,12:27:41,103228.1,0,0,0,0,0,0
SMEIPO.BSE_IDX,01/07/2025,12:27:49,103228.1,0,0,0,0,0,0
SMEIPO.BSE_IDX,01/07/2025,12:27:57,103212.53,0,0,0,0,0,0
SMEIPO.BSE_IDX,01/07/2025,12:28:05,103212.53,0,0,0,0,0,0
SMEIPO.BSE_IDX,01/07/2025,12:28:13,103212.53,0,0,0,0,0,0
SMEIPO.BSE_IDX,01/07/2025,12:28:21,103212.64,0,0,0,0,0,0
SMEIPO.BSE_IDX,01/07/2025,12:28:29,103212.53,0,0,0,0,0,0
SMEIPO.BSE_IDX,01/07/2025,12:28:37,103212.53,0,0,0,0,0,0
SMEIPO.BSE_IDX,01/07/2025,12:28:45,103212.53,0,0,0,0,0,0
SMEIPO.BSE_IDX,01/07/2025,12:28:53,103212.53,0,0,0,0,0,0
SMEIPO.BSE_IDX,01/07/2025,12:29:01,103212.53,0,0,0,0,0,0
SMEIPO.BSE_IDX,01/07/2025,12:29:10,103212.53,0,0,0,0,0,0
SMEIPO.BSE_IDX,01/07/2025,12:29:18,103212.53,0,0,0,0,0,0
SMEIPO.BSE_IDX,01/07/2025,12:29:25,103212.53,0,0,0,0,0,0
SMEIPO.BSE_IDX,01/07/2025,12:29:33,103212.53,0,0,0,0,0,0
SMEIPO.BSE_IDX,01/07/2025,12:29:41,103212.53,0,0,0,0,0,0
SMEIPO.BSE_IDX,01/07/2025,12:29:49,103212.53,0,0,0,0,0,0
SMEIPO.BSE_IDX,01/07/2025,12:29:57,103212.53,0,0,0,0,0,0
SMEIPO.BSE_IDX,01/07/2025,12:30:05,103212.53,0,0,0,0,0,0
SMEIPO.BSE_IDX,01/07/2025,12:30:13,103212.53,0,0,0,0,0,0
SMEIPO.BSE_IDX,01/07/2025,12:30:22,103212.53,0,0,0,0,0,0
SMEIPO.BSE_IDX,01/07/2025,12:30:29,103212.53,0,0,0,0,0,0
SMEIPO.BSE_IDX,01/07/2025,12:30:37,103206.25,0,0,0,0,0,0
SMEIPO.BSE_IDX,01/07/2025,12:30:45,103206.25,0,0,0,0,0,0
SMEIPO.BSE_IDX,01/07/2025,12:30:53,103208.81,0,0,0,0,0,0
SMEIPO.BSE_IDX,01/07/2025,12:31:01,103208.81,0,0,0,0,0,0
SMEIPO.BSE_IDX,01/07/2025,12:31:09,103208.81,0,0,0,0,0,0
SMEIPO.BSE_IDX,01/07/2025,12:31:17,103208.81,0,0,0,0,0,0
SMEIPO.BSE_IDX,01/07/2025,12:31:25,103208.81,0,0,0,0,0,0
SMEIPO.BSE_IDX,01/07/2025,12:31:34,103208.81,0,0,0,0,0,0
SMEIPO.BSE_IDX,01/07/2025,12:31:41,103208.81,0,0,0,0,0,0
SMEIPO.BSE_IDX,01/07/2025,12:31:49,103208.81,0,0,0,0,0,0
SMEIPO.BSE_IDX,01/07/2025,12:31:57,103208.81,0,0,0,0,0,0
SMEIPO.BSE_IDX,01/07/2025,12:32:05,103208.81,0,0,0,0,0,0
SMEIPO.BSE_IDX,01/07/2025,12:32:13,103208.81,0,0,0,0,0,0
SMEIPO.BSE_IDX,01/07/2025,12:32:21,103207.81,0,0,0,0,0,0
SMEIPO.BSE_IDX,01/07/2025,12:32:29,103207.81,0,0,0,0,0,0
SMEIPO.BSE_IDX,01/07/2025,12:32:37,103207.81,0,0,0,0,0,0
SMEIPO.BSE_IDX,01/07/2025,12:32:45,103207.81,0,0,0,0,0,0
SMEIPO.BSE_IDX,01/07/2025,12:32:53,103169.23,0,0,0,0,0,0
SMEIPO.BSE_IDX,01/07/2025,12:33:01,103169.23,0,0,0,0,0,0
SMEIPO.BSE_IDX,01/07/2025,12:33:09,103169.23,0,0,0,0,0,0
SMEIPO.BSE_IDX,01/07/2025,12:33:17,103169.23,0,0,0,0,0,0
SMEIPO.BSE_IDX,01/07/2025,12:33:26,103169.23,0,0,0,0,0,0
SMEIPO.BSE_IDX,01/07/2025,12:33:33,103169.23,0,0,0,0,0,0
SMEIPO.BSE_IDX,01/07/2025,12:33:41,103169.23,0,0,0,0,0,0
SMEIPO.BSE_IDX,01/07/2025,12:33:49,103039.72,0,0,0,0,0,0
SMEIPO.BSE_IDX,01/07/2025,12:33:57,103039.72,0,0,0,0,0,0
SMEIPO.BSE_IDX,01/07/2025,12:34:05,103039.72,0,0,0,0,0,0
SMEIPO.BSE_IDX,01/07/2025,12:34:13,103039.72,0,0,0,0,0,0
SMEIPO.BSE_IDX,01/07/2025,12:34:21,103042.7,0,0,0,0,0,0
SMEIPO.BSE_IDX,01/07/2025,12:34:29,103042.7,0,0,0,0,0,0
SMEIPO.BSE_IDX,01/07/2025,12:34:37,103042.7,0,0,0,0,0,0
SMEIPO.BSE_IDX,01/07/2025,12:34:45,103042.7,0,0,0,0,0,0
SMEIPO.BSE_IDX,01/07/2025,12:34:53,103071.64,0,0,0,0,0,0
SMEIPO.BSE_IDX,01/07/2025,12:35:01,103079.95,0,0,0,0,0,0
SMEIPO.BSE_IDX,01/07/2025,12:35:09,103078.27,0,0,0,0,0,0
SMEIPO.BSE_IDX,01/07/2025,12:35:17,103078.98,0,0,0,0,0,0
SMEIPO.BSE_IDX,01/07/2025,12:35:25,103078.98,0,0,0,0,0,0
SMEIPO.BSE_IDX,01/07/2025,12:35:33,103078.98,0,0,0,0,0,0
SMEIPO.BSE_IDX,01/07/2025,12:35:41,103072.66,0,0,0,0,0,0
SMEIPO.BSE_IDX,01/07/2025,12:35:49,103089.79,0,0,0,0,0,0
SMEIPO.BSE_IDX,01/07/2025,12:35:57,103095.4,0,0,0,0,0,0
SMEIPO.BSE_IDX,01/07/2025,12:36:05,103095.4,0,0,0,0,0,0
SMEIPO.BSE_IDX,01/07/2025,12:36:13,103279.65,0,0,0,0,0,0
SMEIPO.BSE_IDX,01/07/2025,12:36:21,103279.65,0,0,0,0,0,0
SMEIPO.BSE_IDX,01/07/2025,12:36:29,103279.65,0,0,0,0,0,0
SMEIPO.BSE_IDX,01/07/2025,12:36:37,103279.65,0,0,0,0,0,0
SMEIPO.BSE_IDX,01/07/2025,12:36:45,103279.65,0,0,0,0,0,0
SMEIPO.BSE_IDX,01/07/2025,12:36:53,103279.65,0,0,0,0,0,0
SMEIPO.BSE_IDX,01/07/2025,12:37:01,103279.65,0,0,0,0,0,0
SMEIPO.BSE_IDX,01/07/2025,12:37:09,103279.65,0,0,0,0,0,0
SMEIPO.BSE_IDX,01/07/2025,12:37:17,103279.65,0,0,0,0,0,0
SMEIPO.BSE_IDX,01/07/2025,12:37:25,103279.51,0,0,0,0,0,0
SMEIPO.BSE_IDX,01/07/2025,12:37:33,103279.51,0,0,0,0,0,0
SMEIPO.BSE_IDX,01/07/2025,12:37:41,103279.51,0,0,0,0,0,0
SMEIPO.BSE_IDX,01/07/2025,12:37:49,103279.51,0,0,0,0,0,0
SMEIPO.BSE_IDX,01/07/2025,12:37:57,103279.51,0,0,0,0,0,0
SMEIPO.BSE_IDX,01/07/2025,12:38:05,103279.51,0,0,0,0,0,0
SMEIPO.BSE_IDX,01/07/2025,12:38:13,103279.51,0,0,0,0,0,0
SMEIPO.BSE_IDX,01/07/2025,12:38:22,103279.51,0,0,0,0,0,0
SMEIPO.BSE_IDX,01/07/2025,12:38:29,103279.51,0,0,0,0,0,0
SMEIPO.BSE_IDX,01/07/2025,12:38:39,103279.51,0,0,0,0,0,0
SMEIPO.BSE_IDX,01/07/2025,12:38:45,103279.51,0,0,0,0,0,0
SMEIPO.BSE_IDX,01/07/2025,12:38:53,103279.51,0,0,0,0,0,0
SMEIPO.BSE_IDX,01/07/2025,12:39:01,103279.51,0,0,0,0,0,0
SMEIPO.BSE_IDX,01/07/2025,12:39:10,103279.51,0,0,0,0,0,0
SMEIPO.BSE_IDX,01/07/2025,12:39:17,103279.51,0,0,0,0,0,0
SMEIPO.BSE_IDX,01/07/2025,12:39:25,103279.51,0,0,0,0,0,0
SMEIPO.BSE_IDX,01/07/2025,12:39:34,103279.51,0,0,0,0,0,0
SMEIPO.BSE_IDX,01/07/2025,12:39:42,103279.51,0,0,0,0,0,0
SMEIPO.BSE_IDX,01/07/2025,12:39:49,103279.51,0,0,0,0,0,0
SMEIPO.BSE_IDX,01/07/2025,12:39:57,103279.51,0,0,0,0,0,0
SMEIPO.BSE_IDX,01/07/2025,12:40:05,103279.51,0,0,0,0,0,0
SMEIPO.BSE_IDX,01/07/2025,12:40:14,103279.51,0,0,0,0,0,0
SMEIPO.BSE_IDX,01/07/2025,12:40:21,103279.51,0,0,0,0,0,0
SMEIPO.BSE_IDX,01/07/2025,12:40:29,103279.51,0,0,0,0,0,0
SMEIPO.BSE_IDX,01/07/2025,12:40:37,103286.95,0,0,0,0,0,0
SMEIPO.BSE_IDX,01/07/2025,12:40:45,103286.95,0,0,0,0,0,0
SMEIPO.BSE_IDX,01/07/2025,12:40:54,103286.95,0,0,0,0,0,0
SMEIPO.BSE_IDX,01/07/2025,12:41:01,103286.95,0,0,0,0,0,0
SMEIPO.BSE_IDX,01/07/2025,12:41:09,103286.95,0,0,0,0,0,0
SMEIPO.BSE_IDX,01/07/2025,12:41:17,103286.95,0,0,0,0,0,0
SMEIPO.BSE_IDX,01/07/2025,12:41:25,103286.95,0,0,0,0,0,0
SMEIPO.BSE_IDX,01/07/2025,12:41:33,103286.95,0,0,0,0,0,0
SMEIPO.BSE_IDX,01/07/2025,12:41:41,103286.95,0,0,0,0,0,0
SMEIPO.BSE_IDX,01/07/2025,12:41:49,103286.95,0,0,0,0,0,0
SMEIPO.BSE_IDX,01/07/2025,12:41:57,103286.95,0,0,0,0,0,0
SMEIPO.BSE_IDX,01/07/2025,12:42:05,103286.95,0,0,0,0,0,0
SMEIPO.BSE_IDX,01/07/2025,12:42:13,103297.43,0,0,0,0,0,0
SMEIPO.BSE_IDX,01/07/2025,12:42:21,103297.43,0,0,0,0,0,0
SMEIPO.BSE_IDX,01/07/2025,12:42:29,103274.28,0,0,0,0,0,0
SMEIPO.BSE_IDX,01/07/2025,12:42:37,103274.28,0,0,0,0,0,0
SMEIPO.BSE_IDX,01/07/2025,12:42:45,103274.28,0,0,0,0,0,0
SMEIPO.BSE_IDX,01/07/2025,12:42:53,103280.56,0,0,0,0,0,0
SMEIPO.BSE_IDX,01/07/2025,12:43:01,103280.56,0,0,0,0,0,0
SMEIPO.BSE_IDX,01/07/2025,12:43:10,103280.56,0,0,0,0,0,0
SMEIPO.BSE_IDX,01/07/2025,12:43:17,103280.56,0,0,0,0,0,0
SMEIPO.BSE_IDX,01/07/2025,12:43:26,103280.56,0,0,0,0,0,0
SMEIPO.BSE_IDX,01/07/2025,12:43:33,103280.56,0,0,0,0,0,0
SMEIPO.BSE_IDX,01/07/2025,12:43:41,103280.56,0,0,0,0,0,0
SMEIPO.BSE_IDX,01/07/2025,12:43:49,103173.8,0,0,0,0,0,0
SMEIPO.BSE_IDX,01/07/2025,12:43:58,103181.61,0,0,0,0,0,0
SMEIPO.BSE_IDX,01/07/2025,12:44:05,103181.61,0,0,0,0,0,0
SMEIPO.BSE_IDX,01/07/2025,12:44:14,103181.61,0,0,0,0,0,0
SMEIPO.BSE_IDX,01/07/2025,12:44:21,103181.61,0,0,0,0,0,0
SMEIPO.BSE_IDX,01/07/2025,12:44:29,103181.61,0,0,0,0,0,0
SMEIPO.BSE_IDX,01/07/2025,12:44:38,103181.61,0,0,0,0,0,0
SMEIPO.BSE_IDX,01/07/2025,12:44:45,103181.61,0,0,0,0,0,0
SMEIPO.BSE_IDX,01/07/2025,12:44:53,103181.33,0,0,0,0,0,0
SMEIPO.BSE_IDX,01/07/2025,12:45:01,103161.78,0,0,0,0,0,0
SMEIPO.BSE_IDX,01/07/2025,12:45:11,103161.78,0,0,0,0,0,0
SMEIPO.BSE_IDX,01/07/2025,12:45:17,103158.81,0,0,0,0,0,0
SMEIPO.BSE_IDX,01/07/2025,12:45:25,103158.81,0,0,0,0,0,0
SMEIPO.BSE_IDX,01/07/2025,12:45:34,103158.81,0,0,0,0,0,0
SMEIPO.BSE_IDX,01/07/2025,12:45:42,103158.81,0,0,0,0,0,0
SMEIPO.BSE_IDX,01/07/2025,12:45:50,103158.81,0,0,0,0,0,0
SMEIPO.BSE_IDX,01/07/2025,12:45:58,103158.81,0,0,0,0,0,0
SMEIPO.BSE_IDX,01/07/2025,12:46:06,103158.81,0,0,0,0,0,0
SMEIPO.BSE_IDX,01/07/2025,12:46:14,103158.81,0,0,0,0,0,0
SMEIPO.BSE_IDX,01/07/2025,12:46:22,103158.81,0,0,0,0,0,0
SMEIPO.BSE_IDX,01/07/2025,12:46:30,103158.81,0,0,0,0,0,0
SMEIPO.BSE_IDX,01/07/2025,12:46:38,103158.81,0,0,0,0,0,0
SMEIPO.BSE_IDX,01/07/2025,12:46:46,103158.81,0,0,0,0,0,0
SMEIPO.BSE_IDX,01/07/2025,12:46:54,103158.81,0,0,0,0,0,0
SMEIPO.BSE_IDX,01/07/2025,12:47:02,103158.81,0,0,0,0,0,0
SMEIPO.BSE_IDX,01/07/2025,12:47:10,103158.81,0,0,0,0,0,0
SMEIPO.BSE_IDX,01/07/2025,12:47:18,103164.26,0,0,0,0,0,0
SMEIPO.BSE_IDX,01/07/2025,12:47:26,103164.26,0,0,0,0,0,0
SMEIPO.BSE_IDX,01/07/2025,12:47:34,103164.26,0,0,0,0,0,0
SMEIPO.BSE_IDX,01/07/2025,12:47:42,103164.26,0,0,0,0,0,0
SMEIPO.BSE_IDX,01/07/2025,12:47:50,103164.26,0,0,0,0,0,0
SMEIPO.BSE_IDX,01/07/2025,12:47:58,103164.26,0,0,0,0,0,0
SMEIPO.BSE_IDX,01/07/2025,12:48:06,103164.26,0,0,0,0,0,0
SMEIPO.BSE_IDX,01/07/2025,12:48:14,103164.26,0,0,0,0,0,0
SMEIPO.BSE_IDX,01/07/2025,12:48:22,103164.26,0,0,0,0,0,0
SMEIPO.BSE_IDX,01/07/2025,12:48:30,103181.1,0,0,0,0,0,0
SMEIPO.BSE_IDX,01/07/2025,12:48:38,103181.1,0,0,0,0,0,0
SMEIPO.BSE_IDX,01/07/2025,12:48:46,103181.97,0,0,0,0,0,0
SMEIPO.BSE_IDX,01/07/2025,12:48:54,103192.35,0,0,0,0,0,0
SMEIPO.BSE_IDX,01/07/2025,12:49:02,103192.35,0,0,0,0,0,0
SMEIPO.BSE_IDX,01/07/2025,12:49:10,103199.83,0,0,0,0,0,0
SMEIPO.BSE_IDX,01/07/2025,12:49:18,103199.83,0,0,0,0,0,0
SMEIPO.BSE_IDX,01/07/2025,12:49:26,103199.83,0,0,0,0,0,0
SMEIPO.BSE_IDX,01/07/2025,12:49:34,103199.83,0,0,0,0,0,0
SMEIPO.BSE_IDX,01/07/2025,12:49:42,103199.83,0,0,0,0,0,0
SMEIPO.BSE_IDX,01/07/2025,12:49:50,103199.83,0,0,0,0,0,0
SMEIPO.BSE_IDX,01/07/2025,12:49:58,103157.5,0,0,0,0,0,0
SMEIPO.BSE_IDX,01/07/2025,12:50:06,103157.5,0,0,0,0,0,0
SMEIPO.BSE_IDX,01/07/2025,12:50:14,103157.5,0,0,0,0,0,0
