Ticker,Date,Time,LTP,BuyPrice,BuyQty,SellPrice,SellQty,LTQ,OpenInterest
SML250.BSE_IDX,01/07/2025,09:00:07,7087.27,0,0,0,0,0,0
SML250.BSE_IDX,01/07/2025,09:00:15,7071.02,0,0,0,0,0,0
SML250.BSE_IDX,01/07/2025,09:00:23,7082.45,0,0,0,0,0,0
SML250.BSE_IDX,01/07/2025,09:00:31,7092.51,0,0,0,0,0,0
SML250.BSE_IDX,01/07/2025,09:00:39,7092.84,0,0,0,0,0,0
SML250.BSE_IDX,01/07/2025,09:00:47,7094.74,0,0,0,0,0,0
SML250.BSE_IDX,01/07/2025,09:00:55,7093.75,0,0,0,0,0,0
SML250.BSE_IDX,01/07/2025,09:01:03,7101.86,0,0,0,0,0,0
SML250.BSE_IDX,01/07/2025,09:01:11,7104.14,0,0,0,0,0,0
SML250.BSE_IDX,01/07/2025,09:01:19,7109.87,0,0,0,0,0,0
SML250.BSE_IDX,01/07/2025,09:01:27,7110.09,0,0,0,0,0,0
SML250.BSE_IDX,01/07/2025,09:01:35,7101.06,0,0,0,0,0,0
SML250.BSE_IDX,01/07/2025,09:01:43,7112.81,0,0,0,0,0,0
SML250.BSE_IDX,01/07/2025,09:01:51,7108.31,0,0,0,0,0,0
SML250.BSE_IDX,01/07/2025,09:01:59,7109.9,0,0,0,0,0,0
SML250.BSE_IDX,01/07/2025,09:02:07,7108.62,0,0,0,0,0,0
SML250.BSE_IDX,01/07/2025,09:02:15,7108.36,0,0,0,0,0,0
SML250.BSE_IDX,01/07/2025,09:02:23,7107.62,0,0,0,0,0,0
SML250.BSE_IDX,01/07/2025,09:02:31,7108.41,0,0,0,0,0,0
SML250.BSE_IDX,01/07/2025,09:02:39,7114.43,0,0,0,0,0,0
SML250.BSE_IDX,01/07/2025,09:02:47,7107.3,0,0,0,0,0,0
SML250.BSE_IDX,01/07/2025,09:02:55,7106.24,0,0,0,0,0,0
SML250.BSE_IDX,01/07/2025,09:03:03,7107.72,0,0,0,0,0,0
SML250.BSE_IDX,01/07/2025,09:03:11,7107.57,0,0,0,0,0,0
SML250.BSE_IDX,01/07/2025,09:03:19,7107.61,0,0,0,0,0,0
SML250.BSE_IDX,01/07/2025,09:03:27,7107.72,0,0,0,0,0,0
SML250.BSE_IDX,01/07/2025,09:03:35,7107.21,0,0,0,0,0,0
SML250.BSE_IDX,01/07/2025,09:03:43,7107.23,0,0,0,0,0,0
SML250.BSE_IDX,01/07/2025,09:03:51,7106.69,0,0,0,0,0,0
SML250.BSE_IDX,01/07/2025,09:03:59,7107.62,0,0,0,0,0,0
SML250.BSE_IDX,01/07/2025,09:04:07,7108.04,0,0,0,0,0,0
SML250.BSE_IDX,01/07/2025,09:04:15,7107.1,0,0,0,0,0,0
SML250.BSE_IDX,01/07/2025,09:04:23,7107.03,0,0,0,0,0,0
SML250.BSE_IDX,01/07/2025,09:04:31,7106.12,0,0,0,0,0,0
SML250.BSE_IDX,01/07/2025,09:04:39,7106.04,0,0,0,0,0,0
SML250.BSE_IDX,01/07/2025,09:04:47,7105.54,0,0,0,0,0,0
SML250.BSE_IDX,01/07/2025,09:04:55,7106.57,0,0,0,0,0,0
SML250.BSE_IDX,01/07/2025,09:05:03,7105.87,0,0,0,0,0,0
SML250.BSE_IDX,01/07/2025,09:05:11,7109.35,0,0,0,0,0,0
SML250.BSE_IDX,01/07/2025,09:05:19,7105.07,0,0,0,0,0,0
SML250.BSE_IDX,01/07/2025,09:05:27,7106.35,0,0,0,0,0,0
SML250.BSE_IDX,01/07/2025,09:05:35,7105.15,0,0,0,0,0,0
SML250.BSE_IDX,01/07/2025,09:05:43,7105.03,0,0,0,0,0,0
SML250.BSE_IDX,01/07/2025,09:05:51,7106.89,0,0,0,0,0,0
SML250.BSE_IDX,01/07/2025,09:05:59,7104.66,0,0,0,0,0,0
SML250.BSE_IDX,01/07/2025,09:06:07,7104.53,0,0,0,0,0,0
SML250.BSE_IDX,01/07/2025,09:06:15,7100.02,0,0,0,0,0,0
SML250.BSE_IDX,01/07/2025,09:06:23,7099.94,0,0,0,0,0,0
SML250.BSE_IDX,01/07/2025,09:06:31,7104.5,0,0,0,0,0,0
SML250.BSE_IDX,01/07/2025,09:06:39,7105.05,0,0,0,0,0,0
SML250.BSE_IDX,01/07/2025,09:06:47,7107.91,0,0,0,0,0,0
SML250.BSE_IDX,01/07/2025,09:06:55,7109.68,0,0,0,0,0,0
SML250.BSE_IDX,01/07/2025,09:07:04,7108.26,0,0,0,0,0,0
SML250.BSE_IDX,01/07/2025,09:07:11,7108.26,0,0,0,0,0,0
SML250.BSE_IDX,01/07/2025,09:07:19,7108.26,0,0,0,0,0,0
SML250.BSE_IDX,01/07/2025,09:07:27,7108.26,0,0,0,0,0,0
SML250.BSE_IDX,01/07/2025,09:07:35,7108.26,0,0,0,0,0,0
SML250.BSE_IDX,01/07/2025,09:07:43,7108.26,0,0,0,0,0,0
SML250.BSE_IDX,01/07/2025,09:07:51,7108.26,0,0,0,0,0,0
SML250.BSE_IDX,01/07/2025,09:07:59,7108.26,0,0,0,0,0,0
SML250.BSE_IDX,01/07/2025,09:08:07,7108.26,0,0,0,0,0,0
SML250.BSE_IDX,01/07/2025,09:08:15,7108.26,0,0,0,0,0,0
SML250.BSE_IDX,01/07/2025,09:08:23,7108.26,0,0,0,0,0,0
SML250.BSE_IDX,01/07/2025,09:08:31,7108.26,0,0,0,0,0,0
SML250.BSE_IDX,01/07/2025,09:08:39,7108.26,0,0,0,0,0,0
SML250.BSE_IDX,01/07/2025,09:08:47,7108.26,0,0,0,0,0,0
SML250.BSE_IDX,01/07/2025,09:08:55,7108.26,0,0,0,0,0,0
SML250.BSE_IDX,01/07/2025,09:09:03,7108.01,0,0,0,0,0,0
SML250.BSE_IDX,01/07/2025,09:09:11,7108.01,0,0,0,0,0,0
SML250.BSE_IDX,01/07/2025,09:09:19,7108.01,0,0,0,0,0,0
SML250.BSE_IDX,01/07/2025,09:09:27,7108.01,0,0,0,0,0,0
SML250.BSE_IDX,01/07/2025,09:09:35,7108.01,0,0,0,0,0,0
SML250.BSE_IDX,01/07/2025,09:09:43,7108.01,0,0,0,0,0,0
SML250.BSE_IDX,01/07/2025,09:09:51,7108.01,0,0,0,0,0,0
SML250.BSE_IDX,01/07/2025,09:09:59,7108.01,0,0,0,0,0,0
SML250.BSE_IDX,01/07/2025,09:10:07,7108.01,0,0,0,0,0,0
SML250.BSE_IDX,01/07/2025,09:10:15,7108.01,0,0,0,0,0,0
SML250.BSE_IDX,01/07/2025,09:10:23,7108.01,0,0,0,0,0,0
SML250.BSE_IDX,01/07/2025,09:10:31,7108.01,0,0,0,0,0,0
SML250.BSE_IDX,01/07/2025,09:10:39,7108.01,0,0,0,0,0,0
SML250.BSE_IDX,01/07/2025,09:10:47,7108.01,0,0,0,0,0,0
SML250.BSE_IDX,01/07/2025,09:10:55,7108.01,0,0,0,0,0,0
SML250.BSE_IDX,01/07/2025,09:11:03,7108.01,0,0,0,0,0,0
SML250.BSE_IDX,01/07/2025,09:11:11,7108.01,0,0,0,0,0,0
SML250.BSE_IDX,01/07/2025,09:11:19,7108.01,0,0,0,0,0,0
SML250.BSE_IDX,01/07/2025,09:11:27,7108.01,0,0,0,0,0,0
SML250.BSE_IDX,01/07/2025,09:11:35,7108.01,0,0,0,0,0,0
SML250.BSE_IDX,01/07/2025,09:11:43,7108.01,0,0,0,0,0,0
SML250.BSE_IDX,01/07/2025,09:11:51,7108.01,0,0,0,0,0,0
SML250.BSE_IDX,01/07/2025,09:11:59,7108.01,0,0,0,0,0,0
SML250.BSE_IDX,01/07/2025,09:12:07,7108.01,0,0,0,0,0,0
SML250.BSE_IDX,01/07/2025,09:12:16,7108.01,0,0,0,0,0,0
SML250.BSE_IDX,01/07/2025,09:12:23,7108.01,0,0,0,0,0,0
SML250.BSE_IDX,01/07/2025,09:12:31,7108.01,0,0,0,0,0,0
SML250.BSE_IDX,01/07/2025,09:12:39,7108.01,0,0,0,0,0,0
SML250.BSE_IDX,01/07/2025,09:12:47,7108.01,0,0,0,0,0,0
SML250.BSE_IDX,01/07/2025,09:12:55,7108.01,0,0,0,0,0,0
SML250.BSE_IDX,01/07/2025,09:13:03,7108.01,0,0,0,0,0,0
SML250.BSE_IDX,01/07/2025,09:13:11,7108.01,0,0,0,0,0,0
SML250.BSE_IDX,01/07/2025,09:13:19,7108.01,0,0,0,0,0,0
SML250.BSE_IDX,01/07/2025,09:13:27,7108.01,0,0,0,0,0,0
SML250.BSE_IDX,01/07/2025,09:13:35,7108.01,0,0,0,0,0,0
SML250.BSE_IDX,01/07/2025,09:13:43,7108.01,0,0,0,0,0,0
SML250.BSE_IDX,01/07/2025,09:13:51,7108.01,0,0,0,0,0,0
SML250.BSE_IDX,01/07/2025,09:13:59,7108.01,0,0,0,0,0,0
SML250.BSE_IDX,01/07/2025,09:14:07,7108.01,0,0,0,0,0,0
SML250.BSE_IDX,01/07/2025,09:14:15,7108.01,0,0,0,0,0,0
SML250.BSE_IDX,01/07/2025,09:14:23,7108.01,0,0,0,0,0,0
SML250.BSE_IDX,01/07/2025,09:14:31,7108.01,0,0,0,0,0,0
SML250.BSE_IDX,01/07/2025,09:14:39,7108.01,0,0,0,0,0,0
SML250.BSE_IDX,01/07/2025,09:14:47,7108.01,0,0,0,0,0,0
SML250.BSE_IDX,01/07/2025,09:14:55,7108.01,0,0,0,0,0,0
SML250.BSE_IDX,01/07/2025,09:15:04,7112.23,0,0,0,0,0,0
SML250.BSE_IDX,01/07/2025,09:15:11,7109.67,0,0,0,0,0,0
SML250.BSE_IDX,01/07/2025,09:15:19,7106.86,0,0,0,0,0,0
SML250.BSE_IDX,01/07/2025,09:15:27,7101.98,0,0,0,0,0,0
SML250.BSE_IDX,01/07/2025,09:15:35,7101.22,0,0,0,0,0,0
SML250.BSE_IDX,01/07/2025,09:15:43,7104.01,0,0,0,0,0,0
SML250.BSE_IDX,01/07/2025,09:15:51,7103.69,0,0,0,0,0,0
SML250.BSE_IDX,01/07/2025,09:15:59,7104.82,0,0,0,0,0,0
SML250.BSE_IDX,01/07/2025,09:16:07,7102.38,0,0,0,0,0,0
SML250.BSE_IDX,01/07/2025,09:16:15,7104.8,0,0,0,0,0,0
SML250.BSE_IDX,01/07/2025,09:16:24,7105.53,0,0,0,0,0,0
SML250.BSE_IDX,01/07/2025,09:16:31,7104.15,0,0,0,0,0,0
SML250.BSE_IDX,01/07/2025,09:16:39,7105.76,0,0,0,0,0,0
SML250.BSE_IDX,01/07/2025,09:16:48,7106.98,0,0,0,0,0,0
SML250.BSE_IDX,01/07/2025,09:16:55,7107.96,0,0,0,0,0,0
SML250.BSE_IDX,01/07/2025,09:17:03,7107.83,0,0,0,0,0,0
SML250.BSE_IDX,01/07/2025,09:17:12,7108.39,0,0,0,0,0,0
SML250.BSE_IDX,01/07/2025,09:17:19,7108.58,0,0,0,0,0,0
SML250.BSE_IDX,01/07/2025,09:17:27,7108.06,0,0,0,0,0,0
SML250.BSE_IDX,01/07/2025,09:17:35,7107.88,0,0,0,0,0,0
SML250.BSE_IDX,01/07/2025,09:17:44,7107.97,0,0,0,0,0,0
SML250.BSE_IDX,01/07/2025,09:17:51,7107.28,0,0,0,0,0,0
SML250.BSE_IDX,01/07/2025,09:17:59,7107.28,0,0,0,0,0,0
SML250.BSE_IDX,01/07/2025,09:18:07,7106.84,0,0,0,0,0,0
SML250.BSE_IDX,01/07/2025,09:18:15,7105.08,0,0,0,0,0,0
SML250.BSE_IDX,01/07/2025,09:18:23,7105.16,0,0,0,0,0,0
SML250.BSE_IDX,01/07/2025,09:18:31,7105.22,0,0,0,0,0,0
SML250.BSE_IDX,01/07/2025,09:18:39,7106.14,0,0,0,0,0,0
SML250.BSE_IDX,01/07/2025,09:18:47,7107.01,0,0,0,0,0,0
SML250.BSE_IDX,01/07/2025,09:18:56,7108.06,0,0,0,0,0,0
SML250.BSE_IDX,01/07/2025,09:19:03,7107.66,0,0,0,0,0,0
SML250.BSE_IDX,01/07/2025,09:19:11,7106.4,0,0,0,0,0,0
SML250.BSE_IDX,01/07/2025,09:19:19,7107.28,0,0,0,0,0,0
SML250.BSE_IDX,01/07/2025,09:19:28,7107.42,0,0,0,0,0,0
SML250.BSE_IDX,01/07/2025,09:19:35,7108.09,0,0,0,0,0,0
SML250.BSE_IDX,01/07/2025,09:19:43,7107.23,0,0,0,0,0,0
SML250.BSE_IDX,01/07/2025,09:19:52,7106.81,0,0,0,0,0,0
SML250.BSE_IDX,01/07/2025,09:19:59,7107.43,0,0,0,0,0,0
SML250.BSE_IDX,01/07/2025,09:20:07,7108.35,0,0,0,0,0,0
SML250.BSE_IDX,01/07/2025,09:20:15,7108.5,0,0,0,0,0,0
SML250.BSE_IDX,01/07/2025,09:20:24,7107.14,0,0,0,0,0,0
SML250.BSE_IDX,01/07/2025,09:20:31,7106.02,0,0,0,0,0,0
SML250.BSE_IDX,01/07/2025,09:20:39,7106.5,0,0,0,0,0,0
SML250.BSE_IDX,01/07/2025,09:20:47,7106.2,0,0,0,0,0,0
SML250.BSE_IDX,01/07/2025,09:20:55,7105.81,0,0,0,0,0,0
SML250.BSE_IDX,01/07/2025,09:21:03,7106.37,0,0,0,0,0,0
SML250.BSE_IDX,01/07/2025,09:21:11,7106.07,0,0,0,0,0,0
SML250.BSE_IDX,01/07/2025,09:21:19,7106.93,0,0,0,0,0,0
SML250.BSE_IDX,01/07/2025,09:21:27,7106.25,0,0,0,0,0,0
SML250.BSE_IDX,01/07/2025,09:21:36,7106.45,0,0,0,0,0,0
SML250.BSE_IDX,01/07/2025,09:21:43,7106.76,0,0,0,0,0,0
SML250.BSE_IDX,01/07/2025,09:21:51,7107.62,0,0,0,0,0,0
SML250.BSE_IDX,01/07/2025,09:21:59,7107.49,0,0,0,0,0,0
SML250.BSE_IDX,01/07/2025,09:22:07,7107.33,0,0,0,0,0,0
SML250.BSE_IDX,01/07/2025,09:22:15,7106.79,0,0,0,0,0,0
SML250.BSE_IDX,01/07/2025,09:22:23,7107.13,0,0,0,0,0,0
SML250.BSE_IDX,01/07/2025,09:22:31,7107.54,0,0,0,0,0,0
SML250.BSE_IDX,01/07/2025,09:22:39,7107.99,0,0,0,0,0,0
SML250.BSE_IDX,01/07/2025,09:22:47,7108.2,0,0,0,0,0,0
SML250.BSE_IDX,01/07/2025,09:22:55,7108.34,0,0,0,0,0,0
SML250.BSE_IDX,01/07/2025,09:23:03,7108.76,0,0,0,0,0,0
SML250.BSE_IDX,01/07/2025,09:23:11,7108.94,0,0,0,0,0,0
SML250.BSE_IDX,01/07/2025,09:23:19,7108.78,0,0,0,0,0,0
SML250.BSE_IDX,01/07/2025,09:23:27,7108.59,0,0,0,0,0,0
SML250.BSE_IDX,01/07/2025,09:23:35,7108.58,0,0,0,0,0,0
SML250.BSE_IDX,01/07/2025,09:23:44,7108.49,0,0,0,0,0,0
SML250.BSE_IDX,01/07/2025,09:23:51,7107.92,0,0,0,0,0,0
SML250.BSE_IDX,01/07/2025,09:23:59,7107.5,0,0,0,0,0,0
SML250.BSE_IDX,01/07/2025,09:24:08,7107.08,0,0,0,0,0,0
SML250.BSE_IDX,01/07/2025,09:24:15,7106.96,0,0,0,0,0,0
SML250.BSE_IDX,01/07/2025,09:24:23,7106.19,0,0,0,0,0,0
SML250.BSE_IDX,01/07/2025,09:24:32,7106.48,0,0,0,0,0,0
SML250.BSE_IDX,01/07/2025,09:24:39,7106.68,0,0,0,0,0,0
SML250.BSE_IDX,01/07/2025,09:24:48,7106.74,0,0,0,0,0,0
SML250.BSE_IDX,01/07/2025,09:24:57,7106.15,0,0,0,0,0,0
SML250.BSE_IDX,01/07/2025,09:25:03,7105.14,0,0,0,0,0,0
SML250.BSE_IDX,01/07/2025,09:25:12,7104.02,0,0,0,0,0,0
SML250.BSE_IDX,01/07/2025,09:25:19,7103.45,0,0,0,0,0,0
SML250.BSE_IDX,01/07/2025,09:25:29,7102.9,0,0,0,0,0,0
SML250.BSE_IDX,01/07/2025,09:25:35,7102.77,0,0,0,0,0,0
SML250.BSE_IDX,01/07/2025,09:25:43,7102.2,0,0,0,0,0,0
SML250.BSE_IDX,01/07/2025,09:25:51,7101.42,0,0,0,0,0,0
SML250.BSE_IDX,01/07/2025,09:25:59,7099.98,0,0,0,0,0,0
SML250.BSE_IDX,01/07/2025,09:26:08,7098.73,0,0,0,0,0,0
SML250.BSE_IDX,01/07/2025,09:26:15,7098.35,0,0,0,0,0,0
SML250.BSE_IDX,01/07/2025,09:26:24,7097.64,0,0,0,0,0,0
SML250.BSE_IDX,01/07/2025,09:26:31,7098.32,0,0,0,0,0,0
SML250.BSE_IDX,01/07/2025,09:26:39,7098.49,0,0,0,0,0,0
SML250.BSE_IDX,01/07/2025,09:26:48,7099.04,0,0,0,0,0,0
SML250.BSE_IDX,01/07/2025,09:26:55,7099.76,0,0,0,0,0,0
SML250.BSE_IDX,01/07/2025,09:27:04,7100.33,0,0,0,0,0,0
SML250.BSE_IDX,01/07/2025,09:27:12,7100.04,0,0,0,0,0,0
SML250.BSE_IDX,01/07/2025,09:27:19,7101.01,0,0,0,0,0,0
SML250.BSE_IDX,01/07/2025,09:27:28,7100.34,0,0,0,0,0,0
SML250.BSE_IDX,01/07/2025,09:27:36,7100.54,0,0,0,0,0,0
SML250.BSE_IDX,01/07/2025,09:27:44,7100.24,0,0,0,0,0,0
SML250.BSE_IDX,01/07/2025,09:27:51,7099.47,0,0,0,0,0,0
SML250.BSE_IDX,01/07/2025,09:28:00,7100.25,0,0,0,0,0,0
SML250.BSE_IDX,01/07/2025,09:28:08,7098.94,0,0,0,0,0,0
SML250.BSE_IDX,01/07/2025,09:28:16,7096.79,0,0,0,0,0,0
SML250.BSE_IDX,01/07/2025,09:28:24,7095.35,0,0,0,0,0,0
SML250.BSE_IDX,01/07/2025,09:28:32,7094.78,0,0,0,0,0,0
SML250.BSE_IDX,01/07/2025,09:28:40,7094.76,0,0,0,0,0,0
SML250.BSE_IDX,01/07/2025,09:28:48,7094.91,0,0,0,0,0,0
SML250.BSE_IDX,01/07/2025,09:28:56,7095.26,0,0,0,0,0,0
SML250.BSE_IDX,01/07/2025,09:29:04,7094.96,0,0,0,0,0,0
SML250.BSE_IDX,01/07/2025,09:29:12,7094.46,0,0,0,0,0,0
SML250.BSE_IDX,01/07/2025,09:29:20,7093.85,0,0,0,0,0,0
SML250.BSE_IDX,01/07/2025,09:29:28,7093.55,0,0,0,0,0,0
SML250.BSE_IDX,01/07/2025,09:29:36,7093.2,0,0,0,0,0,0
SML250.BSE_IDX,01/07/2025,09:29:44,7094.26,0,0,0,0,0,0
SML250.BSE_IDX,01/07/2025,09:29:52,7093.51,0,0,0,0,0,0
SML250.BSE_IDX,01/07/2025,09:30:00,7093.52,0,0,0,0,0,0
SML250.BSE_IDX,01/07/2025,09:30:08,7094.76,0,0,0,0,0,0
SML250.BSE_IDX,01/07/2025,09:30:16,7095.15,0,0,0,0,0,0
SML250.BSE_IDX,01/07/2025,09:30:24,7096.66,0,0,0,0,0,0
SML250.BSE_IDX,01/07/2025,09:30:32,7097.73,0,0,0,0,0,0
SML250.BSE_IDX,01/07/2025,09:30:40,7097.38,0,0,0,0,0,0
SML250.BSE_IDX,01/07/2025,09:30:48,7098.25,0,0,0,0,0,0
SML250.BSE_IDX,01/07/2025,09:30:56,7096.62,0,0,0,0,0,0
SML250.BSE_IDX,01/07/2025,09:31:04,7095.43,0,0,0,0,0,0
SML250.BSE_IDX,01/07/2025,09:31:12,7094.56,0,0,0,0,0,0
SML250.BSE_IDX,01/07/2025,09:31:20,7093.54,0,0,0,0,0,0
SML250.BSE_IDX,01/07/2025,09:31:28,7093.23,0,0,0,0,0,0
SML250.BSE_IDX,01/07/2025,09:31:36,7093.29,0,0,0,0,0,0
SML250.BSE_IDX,01/07/2025,09:31:44,7092.4,0,0,0,0,0,0
SML250.BSE_IDX,01/07/2025,09:31:52,7091.93,0,0,0,0,0,0
SML250.BSE_IDX,01/07/2025,09:32:00,7092.01,0,0,0,0,0,0
SML250.BSE_IDX,01/07/2025,09:32:08,7091.58,0,0,0,0,0,0
SML250.BSE_IDX,01/07/2025,09:32:16,7092.33,0,0,0,0,0,0
SML250.BSE_IDX,01/07/2025,09:32:24,7091.88,0,0,0,0,0,0
SML250.BSE_IDX,01/07/2025,09:32:32,7092.03,0,0,0,0,0,0
SML250.BSE_IDX,01/07/2025,09:32:40,7092.46,0,0,0,0,0,0
SML250.BSE_IDX,01/07/2025,09:32:48,7092.71,0,0,0,0,0,0
SML250.BSE_IDX,01/07/2025,09:32:56,7093.52,0,0,0,0,0,0
SML250.BSE_IDX,01/07/2025,09:33:04,7093.49,0,0,0,0,0,0
SML250.BSE_IDX,01/07/2025,09:33:12,7094.19,0,0,0,0,0,0
SML250.BSE_IDX,01/07/2025,09:33:20,7094.3,0,0,0,0,0,0
SML250.BSE_IDX,01/07/2025,09:33:28,7095.14,0,0,0,0,0,0
SML250.BSE_IDX,01/07/2025,09:33:36,7095.46,0,0,0,0,0,0
SML250.BSE_IDX,01/07/2025,09:33:44,7096.23,0,0,0,0,0,0
SML250.BSE_IDX,01/07/2025,09:33:52,7096.61,0,0,0,0,0,0
SML250.BSE_IDX,01/07/2025,09:34:00,7096.37,0,0,0,0,0,0
SML250.BSE_IDX,01/07/2025,09:34:08,7096.26,0,0,0,0,0,0
SML250.BSE_IDX,01/07/2025,09:34:16,7096.13,0,0,0,0,0,0
SML250.BSE_IDX,01/07/2025,09:34:24,7096.28,0,0,0,0,0,0
SML250.BSE_IDX,01/07/2025,09:34:32,7097.64,0,0,0,0,0,0
SML250.BSE_IDX,01/07/2025,09:34:40,7098.11,0,0,0,0,0,0
SML250.BSE_IDX,01/07/2025,09:34:48,7098.25,0,0,0,0,0,0
SML250.BSE_IDX,01/07/2025,09:34:56,7098.37,0,0,0,0,0,0
SML250.BSE_IDX,01/07/2025,09:35:05,7097.86,0,0,0,0,0,0
SML250.BSE_IDX,01/07/2025,09:35:12,7097.41,0,0,0,0,0,0
SML250.BSE_IDX,01/07/2025,09:35:20,7098.22,0,0,0,0,0,0
SML250.BSE_IDX,01/07/2025,09:35:28,7098.52,0,0,0,0,0,0
SML250.BSE_IDX,01/07/2025,09:35:36,7099.35,0,0,0,0,0,0
SML250.BSE_IDX,01/07/2025,09:35:44,7099.24,0,0,0,0,0,0
SML250.BSE_IDX,01/07/2025,09:35:52,7099.32,0,0,0,0,0,0
SML250.BSE_IDX,01/07/2025,09:36:00,7099.35,0,0,0,0,0,0
SML250.BSE_IDX,01/07/2025,09:36:08,7099.05,0,0,0,0,0,0
SML250.BSE_IDX,01/07/2025,09:36:16,7098.8,0,0,0,0,0,0
SML250.BSE_IDX,01/07/2025,09:36:24,7098.71,0,0,0,0,0,0
SML250.BSE_IDX,01/07/2025,09:36:33,7098.84,0,0,0,0,0,0
SML250.BSE_IDX,01/07/2025,09:36:40,7098.2,0,0,0,0,0,0
SML250.BSE_IDX,01/07/2025,09:36:48,7098.88,0,0,0,0,0,0
SML250.BSE_IDX,01/07/2025,09:36:56,7098.15,0,0,0,0,0,0
SML250.BSE_IDX,01/07/2025,09:37:04,7098.67,0,0,0,0,0,0
SML250.BSE_IDX,01/07/2025,09:37:12,7098.2,0,0,0,0,0,0
SML250.BSE_IDX,01/07/2025,09:37:20,7097.62,0,0,0,0,0,0
SML250.BSE_IDX,01/07/2025,09:37:28,7097.24,0,0,0,0,0,0
SML250.BSE_IDX,01/07/2025,09:37:36,7097.5,0,0,0,0,0,0
SML250.BSE_IDX,01/07/2025,09:37:44,7097.29,0,0,0,0,0,0
SML250.BSE_IDX,01/07/2025,09:37:52,7097.81,0,0,0,0,0,0
SML250.BSE_IDX,01/07/2025,09:38:00,7097.99,0,0,0,0,0,0
SML250.BSE_IDX,01/07/2025,09:38:08,7097.69,0,0,0,0,0,0
SML250.BSE_IDX,01/07/2025,09:38:16,7097.18,0,0,0,0,0,0
SML250.BSE_IDX,01/07/2025,09:38:24,7096.98,0,0,0,0,0,0
SML250.BSE_IDX,01/07/2025,09:38:32,7096.25,0,0,0,0,0,0
SML250.BSE_IDX,01/07/2025,09:38:40,7095.54,0,0,0,0,0,0
SML250.BSE_IDX,01/07/2025,09:38:48,7095.08,0,0,0,0,0,0
SML250.BSE_IDX,01/07/2025,09:38:56,7094.23,0,0,0,0,0,0
SML250.BSE_IDX,01/07/2025,09:39:04,7093.49,0,0,0,0,0,0
SML250.BSE_IDX,01/07/2025,09:39:12,7093.85,0,0,0,0,0,0
SML250.BSE_IDX,01/07/2025,09:39:20,7094.04,0,0,0,0,0,0
SML250.BSE_IDX,01/07/2025,09:39:28,7093.79,0,0,0,0,0,0
SML250.BSE_IDX,01/07/2025,09:39:36,7093.92,0,0,0,0,0,0
SML250.BSE_IDX,01/07/2025,09:39:44,7093.67,0,0,0,0,0,0
SML250.BSE_IDX,01/07/2025,09:39:52,7093.32,0,0,0,0,0,0
SML250.BSE_IDX,01/07/2025,09:40:00,7093.02,0,0,0,0,0,0
SML250.BSE_IDX,01/07/2025,09:40:08,7093.09,0,0,0,0,0,0
SML250.BSE_IDX,01/07/2025,09:40:16,7093.3,0,0,0,0,0,0
SML250.BSE_IDX,01/07/2025,09:40:24,7093.18,0,0,0,0,0,0
SML250.BSE_IDX,01/07/2025,09:40:32,7092.76,0,0,0,0,0,0
SML250.BSE_IDX,01/07/2025,09:40:40,7092.23,0,0,0,0,0,0
SML250.BSE_IDX,01/07/2025,09:40:48,7092.7,0,0,0,0,0,0
SML250.BSE_IDX,01/07/2025,09:40:56,7092.53,0,0,0,0,0,0
SML250.BSE_IDX,01/07/2025,09:41:04,7091.43,0,0,0,0,0,0
SML250.BSE_IDX,01/07/2025,09:41:12,7091.17,0,0,0,0,0,0
SML250.BSE_IDX,01/07/2025,09:41:20,7091.65,0,0,0,0,0,0
SML250.BSE_IDX,01/07/2025,09:41:28,7092.05,0,0,0,0,0,0
SML250.BSE_IDX,01/07/2025,09:41:36,7092.12,0,0,0,0,0,0
SML250.BSE_IDX,01/07/2025,09:41:44,7091.38,0,0,0,0,0,0
SML250.BSE_IDX,01/07/2025,09:41:52,7091.87,0,0,0,0,0,0
SML250.BSE_IDX,01/07/2025,09:42:00,7092.08,0,0,0,0,0,0
SML250.BSE_IDX,01/07/2025,09:42:08,7092.08,0,0,0,0,0,0
SML250.BSE_IDX,01/07/2025,09:42:16,7091.6,0,0,0,0,0,0
SML250.BSE_IDX,01/07/2025,09:42:24,7091.28,0,0,0,0,0,0
SML250.BSE_IDX,01/07/2025,09:42:32,7091.31,0,0,0,0,0,0
SML250.BSE_IDX,01/07/2025,09:42:40,7091.46,0,0,0,0,0,0
SML250.BSE_IDX,01/07/2025,09:42:48,7091.5,0,0,0,0,0,0
SML250.BSE_IDX,01/07/2025,09:42:56,7091.77,0,0,0,0,0,0
SML250.BSE_IDX,01/07/2025,09:43:04,7092.06,0,0,0,0,0,0
SML250.BSE_IDX,01/07/2025,09:43:12,7091.74,0,0,0,0,0,0
SML250.BSE_IDX,01/07/2025,09:43:20,7091.59,0,0,0,0,0,0
SML250.BSE_IDX,01/07/2025,09:43:28,7091.64,0,0,0,0,0,0
SML250.BSE_IDX,01/07/2025,09:43:36,7091.92,0,0,0,0,0,0
SML250.BSE_IDX,01/07/2025,09:43:44,7091.98,0,0,0,0,0,0
SML250.BSE_IDX,01/07/2025,09:43:53,7092.11,0,0,0,0,0,0
SML250.BSE_IDX,01/07/2025,09:44:00,7092.41,0,0,0,0,0,0
SML250.BSE_IDX,01/07/2025,09:44:08,7091.97,0,0,0,0,0,0
SML250.BSE_IDX,01/07/2025,09:44:16,7091.8,0,0,0,0,0,0
SML250.BSE_IDX,01/07/2025,09:44:24,7092.01,0,0,0,0,0,0
SML250.BSE_IDX,01/07/2025,09:44:32,7092.29,0,0,0,0,0,0
SML250.BSE_IDX,01/07/2025,09:44:40,7092.27,0,0,0,0,0,0
SML250.BSE_IDX,01/07/2025,09:44:48,7091.46,0,0,0,0,0,0
SML250.BSE_IDX,01/07/2025,09:44:56,7091.01,0,0,0,0,0,0
SML250.BSE_IDX,01/07/2025,09:45:05,7090.76,0,0,0,0,0,0
SML250.BSE_IDX,01/07/2025,09:45:12,7089.99,0,0,0,0,0,0
SML250.BSE_IDX,01/07/2025,09:45:20,7089.61,0,0,0,0,0,0
SML250.BSE_IDX,01/07/2025,09:45:28,7089.93,0,0,0,0,0,0
SML250.BSE_IDX,01/07/2025,09:45:36,7089.52,0,0,0,0,0,0
SML250.BSE_IDX,01/07/2025,09:45:44,7089.16,0,0,0,0,0,0
SML250.BSE_IDX,01/07/2025,09:45:52,7089.58,0,0,0,0,0,0
SML250.BSE_IDX,01/07/2025,09:46:01,7089.35,0,0,0,0,0,0
SML250.BSE_IDX,01/07/2025,09:46:08,7088.63,0,0,0,0,0,0
SML250.BSE_IDX,01/07/2025,09:46:16,7088.97,0,0,0,0,0,0
SML250.BSE_IDX,01/07/2025,09:46:24,7089.81,0,0,0,0,0,0
SML250.BSE_IDX,01/07/2025,09:46:32,7089.93,0,0,0,0,0,0
SML250.BSE_IDX,01/07/2025,09:46:40,7089.86,0,0,0,0,0,0
SML250.BSE_IDX,01/07/2025,09:46:48,7090.12,0,0,0,0,0,0
SML250.BSE_IDX,01/07/2025,09:46:56,7090.62,0,0,0,0,0,0
SML250.BSE_IDX,01/07/2025,09:47:04,7090.85,0,0,0,0,0,0
SML250.BSE_IDX,01/07/2025,09:47:12,7090.7,0,0,0,0,0,0
SML250.BSE_IDX,01/07/2025,09:47:20,7090.42,0,0,0,0,0,0
SML250.BSE_IDX,01/07/2025,09:47:28,7090.33,0,0,0,0,0,0
SML250.BSE_IDX,01/07/2025,09:47:36,7089.85,0,0,0,0,0,0
SML250.BSE_IDX,01/07/2025,09:47:44,7089.48,0,0,0,0,0,0
SML250.BSE_IDX,01/07/2025,09:47:52,7090.21,0,0,0,0,0,0
SML250.BSE_IDX,01/07/2025,09:48:00,7091.26,0,0,0,0,0,0
SML250.BSE_IDX,01/07/2025,09:48:08,7091.43,0,0,0,0,0,0
SML250.BSE_IDX,01/07/2025,09:48:16,7091.67,0,0,0,0,0,0
SML250.BSE_IDX,01/07/2025,09:48:24,7091.8,0,0,0,0,0,0
SML250.BSE_IDX,01/07/2025,09:48:32,7091.95,0,0,0,0,0,0
SML250.BSE_IDX,01/07/2025,09:48:40,7092.17,0,0,0,0,0,0
SML250.BSE_IDX,01/07/2025,09:48:48,7092.38,0,0,0,0,0,0
SML250.BSE_IDX,01/07/2025,09:48:56,7092.78,0,0,0,0,0,0
SML250.BSE_IDX,01/07/2025,09:49:04,7092.87,0,0,0,0,0,0
SML250.BSE_IDX,01/07/2025,09:49:12,7092.84,0,0,0,0,0,0
SML250.BSE_IDX,01/07/2025,09:49:20,7092.7,0,0,0,0,0,0
SML250.BSE_IDX,01/07/2025,09:49:28,7092.96,0,0,0,0,0,0
SML250.BSE_IDX,01/07/2025,09:49:36,7092.79,0,0,0,0,0,0
SML250.BSE_IDX,01/07/2025,09:49:44,7092.99,0,0,0,0,0,0
SML250.BSE_IDX,01/07/2025,09:49:52,7093.3,0,0,0,0,0,0
SML250.BSE_IDX,01/07/2025,09:50:00,7093.71,0,0,0,0,0,0
SML250.BSE_IDX,01/07/2025,09:50:08,7093.57,0,0,0,0,0,0
SML250.BSE_IDX,01/07/2025,09:50:16,7094.36,0,0,0,0,0,0
SML250.BSE_IDX,01/07/2025,09:50:24,7095.02,0,0,0,0,0,0
SML250.BSE_IDX,01/07/2025,09:50:32,7094.9,0,0,0,0,0,0
SML250.BSE_IDX,01/07/2025,09:50:40,7094.75,0,0,0,0,0,0
SML250.BSE_IDX,01/07/2025,09:50:48,7094.91,0,0,0,0,0,0
SML250.BSE_IDX,01/07/2025,09:50:57,7094.46,0,0,0,0,0,0
SML250.BSE_IDX,01/07/2025,09:51:04,7094.29,0,0,0,0,0,0
SML250.BSE_IDX,01/07/2025,09:51:12,7094.1,0,0,0,0,0,0
SML250.BSE_IDX,01/07/2025,09:51:20,7093.51,0,0,0,0,0,0
SML250.BSE_IDX,01/07/2025,09:51:28,7093.34,0,0,0,0,0,0
SML250.BSE_IDX,01/07/2025,09:51:37,7092.97,0,0,0,0,0,0
SML250.BSE_IDX,01/07/2025,09:51:44,7092.68,0,0,0,0,0,0
SML250.BSE_IDX,01/07/2025,09:51:52,7092.8,0,0,0,0,0,0
SML250.BSE_IDX,01/07/2025,09:52:01,7092.63,0,0,0,0,0,0
SML250.BSE_IDX,01/07/2025,09:52:08,7092.28,0,0,0,0,0,0
SML250.BSE_IDX,01/07/2025,09:52:17,7091.62,0,0,0,0,0,0
SML250.BSE_IDX,01/07/2025,09:52:24,7090.43,0,0,0,0,0,0
SML250.BSE_IDX,01/07/2025,09:52:32,7090.11,0,0,0,0,0,0
SML250.BSE_IDX,01/07/2025,09:52:40,7089.97,0,0,0,0,0,0
SML250.BSE_IDX,01/07/2025,09:52:48,7089.87,0,0,0,0,0,0
SML250.BSE_IDX,01/07/2025,09:52:57,7090.13,0,0,0,0,0,0
SML250.BSE_IDX,01/07/2025,09:53:04,7089.91,0,0,0,0,0,0
SML250.BSE_IDX,01/07/2025,09:53:13,7090.09,0,0,0,0,0,0
SML250.BSE_IDX,01/07/2025,09:53:20,7090.15,0,0,0,0,0,0
SML250.BSE_IDX,01/07/2025,09:53:28,7090.28,0,0,0,0,0,0
SML250.BSE_IDX,01/07/2025,09:53:36,7090.97,0,0,0,0,0,0
SML250.BSE_IDX,01/07/2025,09:53:44,7090.71,0,0,0,0,0,0
SML250.BSE_IDX,01/07/2025,09:53:52,7091.23,0,0,0,0,0,0
SML250.BSE_IDX,01/07/2025,09:54:00,7090.49,0,0,0,0,0,0
SML250.BSE_IDX,01/07/2025,09:54:08,7089.66,0,0,0,0,0,0
SML250.BSE_IDX,01/07/2025,09:54:16,7089.53,0,0,0,0,0,0
SML250.BSE_IDX,01/07/2025,09:54:24,7088.69,0,0,0,0,0,0
SML250.BSE_IDX,01/07/2025,09:54:32,7088.17,0,0,0,0,0,0
SML250.BSE_IDX,01/07/2025,09:54:40,7087.91,0,0,0,0,0,0
SML250.BSE_IDX,01/07/2025,09:54:48,7088.09,0,0,0,0,0,0
SML250.BSE_IDX,01/07/2025,09:54:56,7088.09,0,0,0,0,0,0
SML250.BSE_IDX,01/07/2025,09:55:04,7086.92,0,0,0,0,0,0
SML250.BSE_IDX,01/07/2025,09:55:12,7086.68,0,0,0,0,0,0
SML250.BSE_IDX,01/07/2025,09:55:20,7086.44,0,0,0,0,0,0
SML250.BSE_IDX,01/07/2025,09:55:28,7086.11,0,0,0,0,0,0
SML250.BSE_IDX,01/07/2025,09:55:36,7086.25,0,0,0,0,0,0
SML250.BSE_IDX,01/07/2025,09:55:44,7085.68,0,0,0,0,0,0
SML250.BSE_IDX,01/07/2025,09:55:52,7085.39,0,0,0,0,0,0
SML250.BSE_IDX,01/07/2025,09:56:00,7084.85,0,0,0,0,0,0
SML250.BSE_IDX,01/07/2025,09:56:08,7084.82,0,0,0,0,0,0
SML250.BSE_IDX,01/07/2025,09:56:16,7084.31,0,0,0,0,0,0
SML250.BSE_IDX,01/07/2025,09:56:25,7084.47,0,0,0,0,0,0
SML250.BSE_IDX,01/07/2025,09:56:32,7084.89,0,0,0,0,0,0
SML250.BSE_IDX,01/07/2025,09:56:41,7084.95,0,0,0,0,0,0
SML250.BSE_IDX,01/07/2025,09:56:48,7085.76,0,0,0,0,0,0
SML250.BSE_IDX,01/07/2025,09:56:57,7085.69,0,0,0,0,0,0
SML250.BSE_IDX,01/07/2025,09:57:04,7085.91,0,0,0,0,0,0
SML250.BSE_IDX,01/07/2025,09:57:12,7085.79,0,0,0,0,0,0
SML250.BSE_IDX,01/07/2025,09:57:20,7086.3,0,0,0,0,0,0
SML250.BSE_IDX,01/07/2025,09:57:28,7086.9,0,0,0,0,0,0
SML250.BSE_IDX,01/07/2025,09:57:36,7086.93,0,0,0,0,0,0
SML250.BSE_IDX,01/07/2025,09:57:44,7086.83,0,0,0,0,0,0
SML250.BSE_IDX,01/07/2025,09:57:52,7086.69,0,0,0,0,0,0
SML250.BSE_IDX,01/07/2025,09:58:00,7087.39,0,0,0,0,0,0
SML250.BSE_IDX,01/07/2025,09:58:08,7087.47,0,0,0,0,0,0
SML250.BSE_IDX,01/07/2025,09:58:16,7087.72,0,0,0,0,0,0
SML250.BSE_IDX,01/07/2025,09:58:24,7087.62,0,0,0,0,0,0
SML250.BSE_IDX,01/07/2025,09:58:32,7087.4,0,0,0,0,0,0
SML250.BSE_IDX,01/07/2025,09:58:40,7087.78,0,0,0,0,0,0
SML250.BSE_IDX,01/07/2025,09:58:48,7087.9,0,0,0,0,0,0
SML250.BSE_IDX,01/07/2025,09:58:56,7087.93,0,0,0,0,0,0
SML250.BSE_IDX,01/07/2025,09:59:05,7088.37,0,0,0,0,0,0
SML250.BSE_IDX,01/07/2025,09:59:12,7088.48,0,0,0,0,0,0
SML250.BSE_IDX,01/07/2025,09:59:20,7088.78,0,0,0,0,0,0
SML250.BSE_IDX,01/07/2025,09:59:28,7089.16,0,0,0,0,0,0
SML250.BSE_IDX,01/07/2025,09:59:36,7089.08,0,0,0,0,0,0
SML250.BSE_IDX,01/07/2025,09:59:45,7089.12,0,0,0,0,0,0
SML250.BSE_IDX,01/07/2025,09:59:52,7089.34,0,0,0,0,0,0
SML250.BSE_IDX,01/07/2025,10:00:00,7089,0,0,0,0,0,0
SML250.BSE_IDX,01/07/2025,10:00:08,7089.74,0,0,0,0,0,0
SML250.BSE_IDX,01/07/2025,10:00:16,7090.44,0,0,0,0,0,0
SML250.BSE_IDX,01/07/2025,10:00:24,7089.82,0,0,0,0,0,0
SML250.BSE_IDX,01/07/2025,10:00:32,7089.26,0,0,0,0,0,0
SML250.BSE_IDX,01/07/2025,10:00:40,7089.56,0,0,0,0,0,0
SML250.BSE_IDX,01/07/2025,10:00:48,7089.25,0,0,0,0,0,0
SML250.BSE_IDX,01/07/2025,10:00:56,7089.09,0,0,0,0,0,0
SML250.BSE_IDX,01/07/2025,10:01:04,7087.78,0,0,0,0,0,0
SML250.BSE_IDX,01/07/2025,10:01:12,7087.16,0,0,0,0,0,0
SML250.BSE_IDX,01/07/2025,10:01:21,7086.73,0,0,0,0,0,0
SML250.BSE_IDX,01/07/2025,10:01:28,7086.72,0,0,0,0,0,0
SML250.BSE_IDX,01/07/2025,10:01:36,7086.88,0,0,0,0,0,0
SML250.BSE_IDX,01/07/2025,10:01:44,7087.37,0,0,0,0,0,0
SML250.BSE_IDX,01/07/2025,10:01:52,7086.98,0,0,0,0,0,0
SML250.BSE_IDX,01/07/2025,10:02:00,7087.2,0,0,0,0,0,0
SML250.BSE_IDX,01/07/2025,10:02:08,7087.78,0,0,0,0,0,0
SML250.BSE_IDX,01/07/2025,10:02:17,7087.82,0,0,0,0,0,0
SML250.BSE_IDX,01/07/2025,10:02:24,7087.83,0,0,0,0,0,0
SML250.BSE_IDX,01/07/2025,10:02:32,7087.71,0,0,0,0,0,0
SML250.BSE_IDX,01/07/2025,10:02:41,7087.34,0,0,0,0,0,0
SML250.BSE_IDX,01/07/2025,10:02:49,7087.55,0,0,0,0,0,0
SML250.BSE_IDX,01/07/2025,10:02:56,7087.44,0,0,0,0,0,0
SML250.BSE_IDX,01/07/2025,10:03:04,7086.38,0,0,0,0,0,0
SML250.BSE_IDX,01/07/2025,10:03:13,7084.9,0,0,0,0,0,0
SML250.BSE_IDX,01/07/2025,10:03:20,7084.03,0,0,0,0,0,0
SML250.BSE_IDX,01/07/2025,10:03:29,7082.99,0,0,0,0,0,0
SML250.BSE_IDX,01/07/2025,10:03:37,7082.78,0,0,0,0,0,0
SML250.BSE_IDX,01/07/2025,10:03:45,7082.48,0,0,0,0,0,0
SML250.BSE_IDX,01/07/2025,10:03:53,7082.24,0,0,0,0,0,0
SML250.BSE_IDX,01/07/2025,10:04:01,7082.08,0,0,0,0,0,0
SML250.BSE_IDX,01/07/2025,10:04:09,7081.91,0,0,0,0,0,0
SML250.BSE_IDX,01/07/2025,10:04:17,7081.16,0,0,0,0,0,0
SML250.BSE_IDX,01/07/2025,10:04:25,7081.12,0,0,0,0,0,0
SML250.BSE_IDX,01/07/2025,10:04:33,7080.86,0,0,0,0,0,0
SML250.BSE_IDX,01/07/2025,10:04:41,7080.6,0,0,0,0,0,0
SML250.BSE_IDX,01/07/2025,10:04:50,7081.25,0,0,0,0,0,0
SML250.BSE_IDX,01/07/2025,10:04:57,7081.54,0,0,0,0,0,0
SML250.BSE_IDX,01/07/2025,10:05:05,7081.26,0,0,0,0,0,0
SML250.BSE_IDX,01/07/2025,10:05:14,7081.7,0,0,0,0,0,0
SML250.BSE_IDX,01/07/2025,10:05:21,7081.7,0,0,0,0,0,0
SML250.BSE_IDX,01/07/2025,10:05:29,7081.78,0,0,0,0,0,0
SML250.BSE_IDX,01/07/2025,10:05:37,7082.02,0,0,0,0,0,0
SML250.BSE_IDX,01/07/2025,10:05:45,7081.96,0,0,0,0,0,0
SML250.BSE_IDX,01/07/2025,10:05:53,7082.63,0,0,0,0,0,0
SML250.BSE_IDX,01/07/2025,10:06:01,7082.59,0,0,0,0,0,0
SML250.BSE_IDX,01/07/2025,10:06:09,7082.44,0,0,0,0,0,0
SML250.BSE_IDX,01/07/2025,10:06:17,7082.62,0,0,0,0,0,0
SML250.BSE_IDX,01/07/2025,10:06:25,7082.8,0,0,0,0,0,0
SML250.BSE_IDX,01/07/2025,10:06:33,7083.11,0,0,0,0,0,0
SML250.BSE_IDX,01/07/2025,10:06:41,7083.37,0,0,0,0,0,0
SML250.BSE_IDX,01/07/2025,10:06:49,7083.85,0,0,0,0,0,0
SML250.BSE_IDX,01/07/2025,10:06:57,7083.66,0,0,0,0,0,0
SML250.BSE_IDX,01/07/2025,10:07:05,7084.73,0,0,0,0,0,0
SML250.BSE_IDX,01/07/2025,10:07:13,7084.47,0,0,0,0,0,0
SML250.BSE_IDX,01/07/2025,10:07:21,7084.7,0,0,0,0,0,0
SML250.BSE_IDX,01/07/2025,10:07:29,7085.2,0,0,0,0,0,0
SML250.BSE_IDX,01/07/2025,10:07:37,7085.27,0,0,0,0,0,0
SML250.BSE_IDX,01/07/2025,10:07:45,7085.5,0,0,0,0,0,0
SML250.BSE_IDX,01/07/2025,10:07:53,7085.48,0,0,0,0,0,0
SML250.BSE_IDX,01/07/2025,10:08:01,7085.63,0,0,0,0,0,0
SML250.BSE_IDX,01/07/2025,10:08:09,7085.55,0,0,0,0,0,0
SML250.BSE_IDX,01/07/2025,10:08:17,7085.97,0,0,0,0,0,0
SML250.BSE_IDX,01/07/2025,10:08:25,7086.04,0,0,0,0,0,0
SML250.BSE_IDX,01/07/2025,10:08:33,7085.91,0,0,0,0,0,0
SML250.BSE_IDX,01/07/2025,10:08:41,7085.92,0,0,0,0,0,0
SML250.BSE_IDX,01/07/2025,10:08:49,7085.66,0,0,0,0,0,0
SML250.BSE_IDX,01/07/2025,10:08:57,7085.18,0,0,0,0,0,0
SML250.BSE_IDX,01/07/2025,10:09:05,7085.11,0,0,0,0,0,0
SML250.BSE_IDX,01/07/2025,10:09:13,7084.89,0,0,0,0,0,0
SML250.BSE_IDX,01/07/2025,10:09:21,7084.54,0,0,0,0,0,0
SML250.BSE_IDX,01/07/2025,10:09:29,7084.3,0,0,0,0,0,0
SML250.BSE_IDX,01/07/2025,10:09:37,7084.35,0,0,0,0,0,0
SML250.BSE_IDX,01/07/2025,10:09:45,7084.47,0,0,0,0,0,0
SML250.BSE_IDX,01/07/2025,10:09:53,7084.41,0,0,0,0,0,0
SML250.BSE_IDX,01/07/2025,10:10:01,7084.43,0,0,0,0,0,0
SML250.BSE_IDX,01/07/2025,10:10:09,7084.57,0,0,0,0,0,0
SML250.BSE_IDX,01/07/2025,10:10:17,7084.73,0,0,0,0,0,0
SML250.BSE_IDX,01/07/2025,10:10:25,7084.78,0,0,0,0,0,0
SML250.BSE_IDX,01/07/2025,10:10:33,7084.85,0,0,0,0,0,0
SML250.BSE_IDX,01/07/2025,10:10:41,7084.09,0,0,0,0,0,0
SML250.BSE_IDX,01/07/2025,10:10:49,7084.12,0,0,0,0,0,0
SML250.BSE_IDX,01/07/2025,10:10:57,7083.92,0,0,0,0,0,0
SML250.BSE_IDX,01/07/2025,10:11:05,7083.55,0,0,0,0,0,0
SML250.BSE_IDX,01/07/2025,10:11:13,7083.03,0,0,0,0,0,0
SML250.BSE_IDX,01/07/2025,10:11:22,7082.31,0,0,0,0,0,0
SML250.BSE_IDX,01/07/2025,10:11:29,7082.14,0,0,0,0,0,0
SML250.BSE_IDX,01/07/2025,10:11:37,7082.55,0,0,0,0,0,0
SML250.BSE_IDX,01/07/2025,10:11:45,7082.57,0,0,0,0,0,0
SML250.BSE_IDX,01/07/2025,10:11:53,7082.03,0,0,0,0,0,0
SML250.BSE_IDX,01/07/2025,10:12:01,7082.11,0,0,0,0,0,0
SML250.BSE_IDX,01/07/2025,10:12:09,7081.86,0,0,0,0,0,0
SML250.BSE_IDX,01/07/2025,10:12:17,7081.67,0,0,0,0,0,0
SML250.BSE_IDX,01/07/2025,10:12:25,7081.09,0,0,0,0,0,0
SML250.BSE_IDX,01/07/2025,10:12:33,7080.72,0,0,0,0,0,0
SML250.BSE_IDX,01/07/2025,10:12:41,7080.19,0,0,0,0,0,0
SML250.BSE_IDX,01/07/2025,10:12:49,7079.91,0,0,0,0,0,0
SML250.BSE_IDX,01/07/2025,10:12:57,7079.44,0,0,0,0,0,0
SML250.BSE_IDX,01/07/2025,10:13:05,7079.34,0,0,0,0,0,0
SML250.BSE_IDX,01/07/2025,10:13:13,7079.52,0,0,0,0,0,0
SML250.BSE_IDX,01/07/2025,10:13:21,7079.24,0,0,0,0,0,0
SML250.BSE_IDX,01/07/2025,10:13:29,7078.63,0,0,0,0,0,0
SML250.BSE_IDX,01/07/2025,10:13:37,7078.41,0,0,0,0,0,0
SML250.BSE_IDX,01/07/2025,10:13:45,7077.84,0,0,0,0,0,0
SML250.BSE_IDX,01/07/2025,10:13:53,7077.29,0,0,0,0,0,0
SML250.BSE_IDX,01/07/2025,10:14:01,7075.76,0,0,0,0,0,0
SML250.BSE_IDX,01/07/2025,10:14:09,7075.29,0,0,0,0,0,0
SML250.BSE_IDX,01/07/2025,10:14:17,7074.89,0,0,0,0,0,0
SML250.BSE_IDX,01/07/2025,10:14:25,7074.32,0,0,0,0,0,0
SML250.BSE_IDX,01/07/2025,10:14:33,7073.73,0,0,0,0,0,0
SML250.BSE_IDX,01/07/2025,10:14:41,7073.76,0,0,0,0,0,0
SML250.BSE_IDX,01/07/2025,10:14:49,7073,0,0,0,0,0,0
SML250.BSE_IDX,01/07/2025,10:14:57,7072.66,0,0,0,0,0,0
SML250.BSE_IDX,01/07/2025,10:15:05,7072.05,0,0,0,0,0,0
SML250.BSE_IDX,01/07/2025,10:15:13,7071.55,0,0,0,0,0,0
SML250.BSE_IDX,01/07/2025,10:15:21,7071.2,0,0,0,0,0,0
SML250.BSE_IDX,01/07/2025,10:15:29,7070.87,0,0,0,0,0,0
SML250.BSE_IDX,01/07/2025,10:15:37,7071.08,0,0,0,0,0,0
SML250.BSE_IDX,01/07/2025,10:15:45,7071.02,0,0,0,0,0,0
SML250.BSE_IDX,01/07/2025,10:15:53,7070.56,0,0,0,0,0,0
SML250.BSE_IDX,01/07/2025,10:16:01,7070.62,0,0,0,0,0,0
SML250.BSE_IDX,01/07/2025,10:16:09,7070.84,0,0,0,0,0,0
SML250.BSE_IDX,01/07/2025,10:16:17,7070.79,0,0,0,0,0,0
SML250.BSE_IDX,01/07/2025,10:16:25,7071.11,0,0,0,0,0,0
SML250.BSE_IDX,01/07/2025,10:16:33,7071.12,0,0,0,0,0,0
SML250.BSE_IDX,01/07/2025,10:16:41,7070.92,0,0,0,0,0,0
SML250.BSE_IDX,01/07/2025,10:16:49,7071.18,0,0,0,0,0,0
SML250.BSE_IDX,01/07/2025,10:16:57,7070.87,0,0,0,0,0,0
SML250.BSE_IDX,01/07/2025,10:17:05,7071.29,0,0,0,0,0,0
SML250.BSE_IDX,01/07/2025,10:17:13,7071.62,0,0,0,0,0,0
SML250.BSE_IDX,01/07/2025,10:17:21,7071.66,0,0,0,0,0,0
SML250.BSE_IDX,01/07/2025,10:17:29,7071.59,0,0,0,0,0,0
SML250.BSE_IDX,01/07/2025,10:17:37,7072.49,0,0,0,0,0,0
SML250.BSE_IDX,01/07/2025,10:17:45,7072.87,0,0,0,0,0,0
SML250.BSE_IDX,01/07/2025,10:17:53,7074.17,0,0,0,0,0,0
SML250.BSE_IDX,01/07/2025,10:18:01,7074.89,0,0,0,0,0,0
SML250.BSE_IDX,01/07/2025,10:18:09,7074.75,0,0,0,0,0,0
SML250.BSE_IDX,01/07/2025,10:18:17,7075.19,0,0,0,0,0,0
SML250.BSE_IDX,01/07/2025,10:18:25,7075.78,0,0,0,0,0,0
SML250.BSE_IDX,01/07/2025,10:18:33,7075.41,0,0,0,0,0,0
SML250.BSE_IDX,01/07/2025,10:18:41,7074.54,0,0,0,0,0,0
SML250.BSE_IDX,01/07/2025,10:18:49,7074.73,0,0,0,0,0,0
SML250.BSE_IDX,01/07/2025,10:18:57,7074.79,0,0,0,0,0,0
SML250.BSE_IDX,01/07/2025,10:19:05,7074.71,0,0,0,0,0,0
SML250.BSE_IDX,01/07/2025,10:19:13,7074.84,0,0,0,0,0,0
SML250.BSE_IDX,01/07/2025,10:19:21,7075.85,0,0,0,0,0,0
SML250.BSE_IDX,01/07/2025,10:19:29,7075.79,0,0,0,0,0,0
SML250.BSE_IDX,01/07/2025,10:19:37,7075.69,0,0,0,0,0,0
SML250.BSE_IDX,01/07/2025,10:19:45,7075.02,0,0,0,0,0,0
SML250.BSE_IDX,01/07/2025,10:19:53,7074.33,0,0,0,0,0,0
SML250.BSE_IDX,01/07/2025,10:20:01,7074.04,0,0,0,0,0,0
SML250.BSE_IDX,01/07/2025,10:20:09,7073.83,0,0,0,0,0,0
SML250.BSE_IDX,01/07/2025,10:20:17,7073.96,0,0,0,0,0,0
SML250.BSE_IDX,01/07/2025,10:20:25,7073.92,0,0,0,0,0,0
SML250.BSE_IDX,01/07/2025,10:20:33,7073.66,0,0,0,0,0,0
SML250.BSE_IDX,01/07/2025,10:20:41,7073.53,0,0,0,0,0,0
SML250.BSE_IDX,01/07/2025,10:20:49,7073.04,0,0,0,0,0,0
SML250.BSE_IDX,01/07/2025,10:20:57,7073.18,0,0,0,0,0,0
SML250.BSE_IDX,01/07/2025,10:21:05,7073.09,0,0,0,0,0,0
SML250.BSE_IDX,01/07/2025,10:21:13,7073.03,0,0,0,0,0,0
SML250.BSE_IDX,01/07/2025,10:21:21,7072.83,0,0,0,0,0,0
SML250.BSE_IDX,01/07/2025,10:21:29,7072.68,0,0,0,0,0,0
SML250.BSE_IDX,01/07/2025,10:21:37,7072.77,0,0,0,0,0,0
SML250.BSE_IDX,01/07/2025,10:21:45,7072.5,0,0,0,0,0,0
SML250.BSE_IDX,01/07/2025,10:21:53,7072.5,0,0,0,0,0,0
SML250.BSE_IDX,01/07/2025,10:22:01,7072.33,0,0,0,0,0,0
SML250.BSE_IDX,01/07/2025,10:22:09,7072.41,0,0,0,0,0,0
SML250.BSE_IDX,01/07/2025,10:22:17,7072.27,0,0,0,0,0,0
SML250.BSE_IDX,01/07/2025,10:22:25,7071.91,0,0,0,0,0,0
SML250.BSE_IDX,01/07/2025,10:22:33,7071.86,0,0,0,0,0,0
SML250.BSE_IDX,01/07/2025,10:22:41,7071.72,0,0,0,0,0,0
SML250.BSE_IDX,01/07/2025,10:22:49,7071.62,0,0,0,0,0,0
SML250.BSE_IDX,01/07/2025,10:22:57,7071.63,0,0,0,0,0,0
SML250.BSE_IDX,01/07/2025,10:23:05,7071.66,0,0,0,0,0,0
SML250.BSE_IDX,01/07/2025,10:23:13,7071.81,0,0,0,0,0,0
SML250.BSE_IDX,01/07/2025,10:23:21,7072.28,0,0,0,0,0,0
SML250.BSE_IDX,01/07/2025,10:23:29,7072.82,0,0,0,0,0,0
SML250.BSE_IDX,01/07/2025,10:23:37,7072.64,0,0,0,0,0,0
SML250.BSE_IDX,01/07/2025,10:23:45,7072.62,0,0,0,0,0,0
SML250.BSE_IDX,01/07/2025,10:23:53,7072.47,0,0,0,0,0,0
SML250.BSE_IDX,01/07/2025,10:24:01,7072.24,0,0,0,0,0,0
SML250.BSE_IDX,01/07/2025,10:24:09,7072.6,0,0,0,0,0,0
SML250.BSE_IDX,01/07/2025,10:24:17,7072.73,0,0,0,0,0,0
SML250.BSE_IDX,01/07/2025,10:24:25,7072.3,0,0,0,0,0,0
SML250.BSE_IDX,01/07/2025,10:24:33,7071.83,0,0,0,0,0,0
SML250.BSE_IDX,01/07/2025,10:24:41,7071.4,0,0,0,0,0,0
SML250.BSE_IDX,01/07/2025,10:24:49,7071.52,0,0,0,0,0,0
SML250.BSE_IDX,01/07/2025,10:24:57,7071.4,0,0,0,0,0,0
SML250.BSE_IDX,01/07/2025,10:25:05,7071.35,0,0,0,0,0,0
SML250.BSE_IDX,01/07/2025,10:25:13,7071.44,0,0,0,0,0,0
SML250.BSE_IDX,01/07/2025,10:25:21,7071.54,0,0,0,0,0,0
SML250.BSE_IDX,01/07/2025,10:25:29,7071.22,0,0,0,0,0,0
SML250.BSE_IDX,01/07/2025,10:25:37,7071.54,0,0,0,0,0,0
SML250.BSE_IDX,01/07/2025,10:25:45,7071.7,0,0,0,0,0,0
SML250.BSE_IDX,01/07/2025,10:25:53,7071.75,0,0,0,0,0,0
SML250.BSE_IDX,01/07/2025,10:26:01,7071.78,0,0,0,0,0,0
SML250.BSE_IDX,01/07/2025,10:26:09,7071.83,0,0,0,0,0,0
SML250.BSE_IDX,01/07/2025,10:26:17,7071.84,0,0,0,0,0,0
SML250.BSE_IDX,01/07/2025,10:26:25,7071.96,0,0,0,0,0,0
SML250.BSE_IDX,01/07/2025,10:26:33,7072.23,0,0,0,0,0,0
SML250.BSE_IDX,01/07/2025,10:26:41,7072.22,0,0,0,0,0,0
SML250.BSE_IDX,01/07/2025,10:26:49,7072.03,0,0,0,0,0,0
SML250.BSE_IDX,01/07/2025,10:26:57,7071.86,0,0,0,0,0,0
SML250.BSE_IDX,01/07/2025,10:27:05,7072.18,0,0,0,0,0,0
SML250.BSE_IDX,01/07/2025,10:27:13,7072.21,0,0,0,0,0,0
SML250.BSE_IDX,01/07/2025,10:27:21,7072.31,0,0,0,0,0,0
SML250.BSE_IDX,01/07/2025,10:27:29,7072.79,0,0,0,0,0,0
SML250.BSE_IDX,01/07/2025,10:27:37,7072.96,0,0,0,0,0,0
SML250.BSE_IDX,01/07/2025,10:27:45,7072.52,0,0,0,0,0,0
SML250.BSE_IDX,01/07/2025,10:27:53,7072.76,0,0,0,0,0,0
SML250.BSE_IDX,01/07/2025,10:28:01,7073.22,0,0,0,0,0,0
SML250.BSE_IDX,01/07/2025,10:28:09,7073.59,0,0,0,0,0,0
SML250.BSE_IDX,01/07/2025,10:28:17,7074.15,0,0,0,0,0,0
SML250.BSE_IDX,01/07/2025,10:28:25,7073.98,0,0,0,0,0,0
SML250.BSE_IDX,01/07/2025,10:28:33,7074.11,0,0,0,0,0,0
SML250.BSE_IDX,01/07/2025,10:28:41,7074.14,0,0,0,0,0,0
SML250.BSE_IDX,01/07/2025,10:28:49,7074.05,0,0,0,0,0,0
SML250.BSE_IDX,01/07/2025,10:28:57,7074.16,0,0,0,0,0,0
SML250.BSE_IDX,01/07/2025,10:29:05,7073.91,0,0,0,0,0,0
SML250.BSE_IDX,01/07/2025,10:29:13,7073.98,0,0,0,0,0,0
SML250.BSE_IDX,01/07/2025,10:29:21,7073.97,0,0,0,0,0,0
SML250.BSE_IDX,01/07/2025,10:29:29,7074.03,0,0,0,0,0,0
SML250.BSE_IDX,01/07/2025,10:29:37,7073.7,0,0,0,0,0,0
SML250.BSE_IDX,01/07/2025,10:29:46,7073.86,0,0,0,0,0,0
SML250.BSE_IDX,01/07/2025,10:29:54,7074.07,0,0,0,0,0,0
SML250.BSE_IDX,01/07/2025,10:30:01,7074.23,0,0,0,0,0,0
SML250.BSE_IDX,01/07/2025,10:30:09,7074.45,0,0,0,0,0,0
SML250.BSE_IDX,01/07/2025,10:30:17,7074.72,0,0,0,0,0,0
SML250.BSE_IDX,01/07/2025,10:30:25,7074.84,0,0,0,0,0,0
SML250.BSE_IDX,01/07/2025,10:30:33,7075.11,0,0,0,0,0,0
SML250.BSE_IDX,01/07/2025,10:30:41,7075.3,0,0,0,0,0,0
SML250.BSE_IDX,01/07/2025,10:30:49,7075.54,0,0,0,0,0,0
SML250.BSE_IDX,01/07/2025,10:30:57,7075.44,0,0,0,0,0,0
SML250.BSE_IDX,01/07/2025,10:31:05,7075.44,0,0,0,0,0,0
SML250.BSE_IDX,01/07/2025,10:31:13,7074.9,0,0,0,0,0,0
SML250.BSE_IDX,01/07/2025,10:31:21,7075.26,0,0,0,0,0,0
SML250.BSE_IDX,01/07/2025,10:31:29,7075.13,0,0,0,0,0,0
SML250.BSE_IDX,01/07/2025,10:31:37,7075.08,0,0,0,0,0,0
SML250.BSE_IDX,01/07/2025,10:31:45,7075.49,0,0,0,0,0,0
SML250.BSE_IDX,01/07/2025,10:31:53,7075.72,0,0,0,0,0,0
SML250.BSE_IDX,01/07/2025,10:32:01,7076.3,0,0,0,0,0,0
SML250.BSE_IDX,01/07/2025,10:32:09,7076.19,0,0,0,0,0,0
SML250.BSE_IDX,01/07/2025,10:32:17,7076.59,0,0,0,0,0,0
SML250.BSE_IDX,01/07/2025,10:32:25,7076.83,0,0,0,0,0,0
SML250.BSE_IDX,01/07/2025,10:32:33,7077.32,0,0,0,0,0,0
SML250.BSE_IDX,01/07/2025,10:32:41,7077.38,0,0,0,0,0,0
SML250.BSE_IDX,01/07/2025,10:32:49,7077.7,0,0,0,0,0,0
SML250.BSE_IDX,01/07/2025,10:32:57,7077.68,0,0,0,0,0,0
SML250.BSE_IDX,01/07/2025,10:33:05,7077.75,0,0,0,0,0,0
SML250.BSE_IDX,01/07/2025,10:33:13,7077.9,0,0,0,0,0,0
SML250.BSE_IDX,01/07/2025,10:33:21,7077.6,0,0,0,0,0,0
SML250.BSE_IDX,01/07/2025,10:33:29,7077.58,0,0,0,0,0,0
SML250.BSE_IDX,01/07/2025,10:33:37,7077.95,0,0,0,0,0,0
SML250.BSE_IDX,01/07/2025,10:33:45,7078.22,0,0,0,0,0,0
SML250.BSE_IDX,01/07/2025,10:33:53,7078.4,0,0,0,0,0,0
SML250.BSE_IDX,01/07/2025,10:34:01,7078.48,0,0,0,0,0,0
SML250.BSE_IDX,01/07/2025,10:34:09,7078.85,0,0,0,0,0,0
SML250.BSE_IDX,01/07/2025,10:34:17,7078.8,0,0,0,0,0,0
SML250.BSE_IDX,01/07/2025,10:34:25,7079.1,0,0,0,0,0,0
SML250.BSE_IDX,01/07/2025,10:34:33,7079.05,0,0,0,0,0,0
SML250.BSE_IDX,01/07/2025,10:34:41,7079.53,0,0,0,0,0,0
SML250.BSE_IDX,01/07/2025,10:34:49,7079.16,0,0,0,0,0,0
SML250.BSE_IDX,01/07/2025,10:34:58,7079.22,0,0,0,0,0,0
SML250.BSE_IDX,01/07/2025,10:35:06,7078.93,0,0,0,0,0,0
SML250.BSE_IDX,01/07/2025,10:35:14,7078.7,0,0,0,0,0,0
SML250.BSE_IDX,01/07/2025,10:35:21,7078.59,0,0,0,0,0,0
SML250.BSE_IDX,01/07/2025,10:35:29,7078.79,0,0,0,0,0,0
SML250.BSE_IDX,01/07/2025,10:35:37,7079.07,0,0,0,0,0,0
SML250.BSE_IDX,01/07/2025,10:35:45,7078.9,0,0,0,0,0,0
SML250.BSE_IDX,01/07/2025,10:35:54,7078.7,0,0,0,0,0,0
SML250.BSE_IDX,01/07/2025,10:36:02,7078.37,0,0,0,0,0,0
SML250.BSE_IDX,01/07/2025,10:36:10,7078.05,0,0,0,0,0,0
SML250.BSE_IDX,01/07/2025,10:36:17,7077.85,0,0,0,0,0,0
SML250.BSE_IDX,01/07/2025,10:36:25,7078.11,0,0,0,0,0,0
SML250.BSE_IDX,01/07/2025,10:36:34,7077.88,0,0,0,0,0,0
SML250.BSE_IDX,01/07/2025,10:36:42,7077.87,0,0,0,0,0,0
SML250.BSE_IDX,01/07/2025,10:36:49,7077.51,0,0,0,0,0,0
SML250.BSE_IDX,01/07/2025,10:36:58,7077.02,0,0,0,0,0,0
SML250.BSE_IDX,01/07/2025,10:37:05,7076.64,0,0,0,0,0,0
SML250.BSE_IDX,01/07/2025,10:37:14,7076.28,0,0,0,0,0,0
SML250.BSE_IDX,01/07/2025,10:37:21,7075.94,0,0,0,0,0,0
SML250.BSE_IDX,01/07/2025,10:37:30,7075.56,0,0,0,0,0,0
SML250.BSE_IDX,01/07/2025,10:37:38,7075.58,0,0,0,0,0,0
SML250.BSE_IDX,01/07/2025,10:37:46,7075.51,0,0,0,0,0,0
SML250.BSE_IDX,01/07/2025,10:37:54,7075.37,0,0,0,0,0,0
SML250.BSE_IDX,01/07/2025,10:38:02,7075.61,0,0,0,0,0,0
SML250.BSE_IDX,01/07/2025,10:38:10,7075.54,0,0,0,0,0,0
SML250.BSE_IDX,01/07/2025,10:38:18,7075.89,0,0,0,0,0,0
SML250.BSE_IDX,01/07/2025,10:38:26,7075.69,0,0,0,0,0,0
SML250.BSE_IDX,01/07/2025,10:38:34,7075.34,0,0,0,0,0,0
SML250.BSE_IDX,01/07/2025,10:38:42,7075.62,0,0,0,0,0,0
SML250.BSE_IDX,01/07/2025,10:38:50,7075.63,0,0,0,0,0,0
SML250.BSE_IDX,01/07/2025,10:38:58,7075.59,0,0,0,0,0,0
SML250.BSE_IDX,01/07/2025,10:39:06,7075.86,0,0,0,0,0,0
SML250.BSE_IDX,01/07/2025,10:39:14,7076.12,0,0,0,0,0,0
SML250.BSE_IDX,01/07/2025,10:39:22,7076.22,0,0,0,0,0,0
SML250.BSE_IDX,01/07/2025,10:39:30,7076.07,0,0,0,0,0,0
SML250.BSE_IDX,01/07/2025,10:39:38,7076.01,0,0,0,0,0,0
SML250.BSE_IDX,01/07/2025,10:39:46,7076.18,0,0,0,0,0,0
SML250.BSE_IDX,01/07/2025,10:39:54,7075.8,0,0,0,0,0,0
SML250.BSE_IDX,01/07/2025,10:40:02,7075.66,0,0,0,0,0,0
SML250.BSE_IDX,01/07/2025,10:40:10,7075.54,0,0,0,0,0,0
SML250.BSE_IDX,01/07/2025,10:40:18,7075.12,0,0,0,0,0,0
SML250.BSE_IDX,01/07/2025,10:40:26,7074.51,0,0,0,0,0,0
SML250.BSE_IDX,01/07/2025,10:40:34,7074.05,0,0,0,0,0,0
SML250.BSE_IDX,01/07/2025,10:40:42,7074.27,0,0,0,0,0,0
SML250.BSE_IDX,01/07/2025,10:40:50,7074.18,0,0,0,0,0,0
SML250.BSE_IDX,01/07/2025,10:40:58,7073.71,0,0,0,0,0,0
SML250.BSE_IDX,01/07/2025,10:41:06,7073.46,0,0,0,0,0,0
SML250.BSE_IDX,01/07/2025,10:41:14,7073.33,0,0,0,0,0,0
SML250.BSE_IDX,01/07/2025,10:41:22,7073.4,0,0,0,0,0,0
SML250.BSE_IDX,01/07/2025,10:41:30,7073.07,0,0,0,0,0,0
SML250.BSE_IDX,01/07/2025,10:41:38,7073.69,0,0,0,0,0,0
SML250.BSE_IDX,01/07/2025,10:41:46,7073.83,0,0,0,0,0,0
SML250.BSE_IDX,01/07/2025,10:41:54,7073.2,0,0,0,0,0,0
SML250.BSE_IDX,01/07/2025,10:42:02,7072.99,0,0,0,0,0,0
SML250.BSE_IDX,01/07/2025,10:42:10,7073.35,0,0,0,0,0,0
SML250.BSE_IDX,01/07/2025,10:42:18,7074.05,0,0,0,0,0,0
SML250.BSE_IDX,01/07/2025,10:42:26,7074.11,0,0,0,0,0,0
SML250.BSE_IDX,01/07/2025,10:42:34,7073.91,0,0,0,0,0,0
SML250.BSE_IDX,01/07/2025,10:42:42,7074.11,0,0,0,0,0,0
SML250.BSE_IDX,01/07/2025,10:42:50,7074.03,0,0,0,0,0,0
SML250.BSE_IDX,01/07/2025,10:42:58,7074.47,0,0,0,0,0,0
SML250.BSE_IDX,01/07/2025,10:43:06,7074.47,0,0,0,0,0,0
SML250.BSE_IDX,01/07/2025,10:43:14,7074.38,0,0,0,0,0,0
SML250.BSE_IDX,01/07/2025,10:43:22,7074.37,0,0,0,0,0,0
SML250.BSE_IDX,01/07/2025,10:43:30,7074.68,0,0,0,0,0,0
SML250.BSE_IDX,01/07/2025,10:43:38,7074.28,0,0,0,0,0,0
SML250.BSE_IDX,01/07/2025,10:43:46,7073.97,0,0,0,0,0,0
SML250.BSE_IDX,01/07/2025,10:43:54,7073.73,0,0,0,0,0,0
SML250.BSE_IDX,01/07/2025,10:44:02,7073.8,0,0,0,0,0,0
SML250.BSE_IDX,01/07/2025,10:44:10,7073.84,0,0,0,0,0,0
SML250.BSE_IDX,01/07/2025,10:44:18,7074.27,0,0,0,0,0,0
SML250.BSE_IDX,01/07/2025,10:44:26,7074.45,0,0,0,0,0,0
SML250.BSE_IDX,01/07/2025,10:44:34,7074.35,0,0,0,0,0,0
SML250.BSE_IDX,01/07/2025,10:44:42,7074.13,0,0,0,0,0,0
SML250.BSE_IDX,01/07/2025,10:44:50,7074.07,0,0,0,0,0,0
SML250.BSE_IDX,01/07/2025,10:44:58,7074,0,0,0,0,0,0
SML250.BSE_IDX,01/07/2025,10:45:07,7073.37,0,0,0,0,0,0
SML250.BSE_IDX,01/07/2025,10:45:14,7073.31,0,0,0,0,0,0
SML250.BSE_IDX,01/07/2025,10:45:22,7073.07,0,0,0,0,0,0
SML250.BSE_IDX,01/07/2025,10:45:30,7073,0,0,0,0,0,0
SML250.BSE_IDX,01/07/2025,10:45:38,7072.79,0,0,0,0,0,0
SML250.BSE_IDX,01/07/2025,10:45:46,7073.18,0,0,0,0,0,0
SML250.BSE_IDX,01/07/2025,10:45:54,7073.18,0,0,0,0,0,0
SML250.BSE_IDX,01/07/2025,10:46:02,7072.69,0,0,0,0,0,0
SML250.BSE_IDX,01/07/2025,10:46:10,7072.77,0,0,0,0,0,0
SML250.BSE_IDX,01/07/2025,10:46:18,7072.6,0,0,0,0,0,0
SML250.BSE_IDX,01/07/2025,10:46:26,7072.21,0,0,0,0,0,0
SML250.BSE_IDX,01/07/2025,10:46:34,7072.2,0,0,0,0,0,0
SML250.BSE_IDX,01/07/2025,10:46:42,7072.5,0,0,0,0,0,0
SML250.BSE_IDX,01/07/2025,10:46:50,7072.52,0,0,0,0,0,0
SML250.BSE_IDX,01/07/2025,10:46:58,7072.74,0,0,0,0,0,0
SML250.BSE_IDX,01/07/2025,10:47:06,7072.63,0,0,0,0,0,0
SML250.BSE_IDX,01/07/2025,10:47:14,7072.34,0,0,0,0,0,0
SML250.BSE_IDX,01/07/2025,10:47:22,7072.23,0,0,0,0,0,0
SML250.BSE_IDX,01/07/2025,10:47:30,7072.04,0,0,0,0,0,0
SML250.BSE_IDX,01/07/2025,10:47:38,7071.95,0,0,0,0,0,0
SML250.BSE_IDX,01/07/2025,10:47:46,7071.68,0,0,0,0,0,0
SML250.BSE_IDX,01/07/2025,10:47:54,7071.61,0,0,0,0,0,0
SML250.BSE_IDX,01/07/2025,10:48:02,7071.86,0,0,0,0,0,0
SML250.BSE_IDX,01/07/2025,10:48:10,7072.06,0,0,0,0,0,0
SML250.BSE_IDX,01/07/2025,10:48:18,7072.11,0,0,0,0,0,0
SML250.BSE_IDX,01/07/2025,10:48:26,7072.33,0,0,0,0,0,0
SML250.BSE_IDX,01/07/2025,10:48:34,7072.35,0,0,0,0,0,0
SML250.BSE_IDX,01/07/2025,10:48:42,7072.34,0,0,0,0,0,0
SML250.BSE_IDX,01/07/2025,10:48:50,7072.03,0,0,0,0,0,0
SML250.BSE_IDX,01/07/2025,10:48:58,7072.04,0,0,0,0,0,0
SML250.BSE_IDX,01/07/2025,10:49:06,7072.02,0,0,0,0,0,0
SML250.BSE_IDX,01/07/2025,10:49:14,7071.28,0,0,0,0,0,0
SML250.BSE_IDX,01/07/2025,10:49:22,7071.12,0,0,0,0,0,0
SML250.BSE_IDX,01/07/2025,10:49:30,7070.71,0,0,0,0,0,0
SML250.BSE_IDX,01/07/2025,10:49:38,7070.6,0,0,0,0,0,0
SML250.BSE_IDX,01/07/2025,10:49:46,7070.16,0,0,0,0,0,0
SML250.BSE_IDX,01/07/2025,10:49:54,7069.82,0,0,0,0,0,0
SML250.BSE_IDX,01/07/2025,10:50:02,7069.73,0,0,0,0,0,0
SML250.BSE_IDX,01/07/2025,10:50:10,7069.59,0,0,0,0,0,0
SML250.BSE_IDX,01/07/2025,10:50:18,7069.59,0,0,0,0,0,0
SML250.BSE_IDX,01/07/2025,10:50:26,7069.67,0,0,0,0,0,0
SML250.BSE_IDX,01/07/2025,10:50:34,7069.21,0,0,0,0,0,0
SML250.BSE_IDX,01/07/2025,10:50:42,7069.57,0,0,0,0,0,0
SML250.BSE_IDX,01/07/2025,10:50:50,7069.26,0,0,0,0,0,0
SML250.BSE_IDX,01/07/2025,10:50:58,7069.19,0,0,0,0,0,0
SML250.BSE_IDX,01/07/2025,10:51:06,7069.4,0,0,0,0,0,0
SML250.BSE_IDX,01/07/2025,10:51:14,7069.7,0,0,0,0,0,0
SML250.BSE_IDX,01/07/2025,10:51:22,7069.83,0,0,0,0,0,0
SML250.BSE_IDX,01/07/2025,10:51:30,7069.8,0,0,0,0,0,0
SML250.BSE_IDX,01/07/2025,10:51:38,7069.4,0,0,0,0,0,0
SML250.BSE_IDX,01/07/2025,10:51:46,7069.53,0,0,0,0,0,0
SML250.BSE_IDX,01/07/2025,10:51:54,7069.04,0,0,0,0,0,0
SML250.BSE_IDX,01/07/2025,10:52:02,7068.63,0,0,0,0,0,0
SML250.BSE_IDX,01/07/2025,10:52:10,7068.57,0,0,0,0,0,0
SML250.BSE_IDX,01/07/2025,10:52:18,7068.12,0,0,0,0,0,0
SML250.BSE_IDX,01/07/2025,10:52:26,7067.72,0,0,0,0,0,0
SML250.BSE_IDX,01/07/2025,10:52:34,7067.07,0,0,0,0,0,0
SML250.BSE_IDX,01/07/2025,10:52:43,7066.47,0,0,0,0,0,0
SML250.BSE_IDX,01/07/2025,10:52:50,7065.82,0,0,0,0,0,0
SML250.BSE_IDX,01/07/2025,10:52:58,7065.75,0,0,0,0,0,0
SML250.BSE_IDX,01/07/2025,10:53:06,7065.44,0,0,0,0,0,0
SML250.BSE_IDX,01/07/2025,10:53:14,7065.21,0,0,0,0,0,0
SML250.BSE_IDX,01/07/2025,10:53:22,7064.87,0,0,0,0,0,0
SML250.BSE_IDX,01/07/2025,10:53:30,7065.25,0,0,0,0,0,0
SML250.BSE_IDX,01/07/2025,10:53:38,7065.37,0,0,0,0,0,0
SML250.BSE_IDX,01/07/2025,10:53:46,7065.44,0,0,0,0,0,0
SML250.BSE_IDX,01/07/2025,10:53:54,7065.19,0,0,0,0,0,0
SML250.BSE_IDX,01/07/2025,10:54:02,7065.08,0,0,0,0,0,0
SML250.BSE_IDX,01/07/2025,10:54:10,7065.01,0,0,0,0,0,0
SML250.BSE_IDX,01/07/2025,10:54:18,7064.86,0,0,0,0,0,0
SML250.BSE_IDX,01/07/2025,10:54:26,7064.84,0,0,0,0,0,0
SML250.BSE_IDX,01/07/2025,10:54:34,7064.38,0,0,0,0,0,0
SML250.BSE_IDX,01/07/2025,10:54:42,7064.78,0,0,0,0,0,0
SML250.BSE_IDX,01/07/2025,10:54:51,7064.67,0,0,0,0,0,0
SML250.BSE_IDX,01/07/2025,10:54:58,7064.74,0,0,0,0,0,0
SML250.BSE_IDX,01/07/2025,10:55:06,7064.75,0,0,0,0,0,0
SML250.BSE_IDX,01/07/2025,10:55:14,7064.71,0,0,0,0,0,0
SML250.BSE_IDX,01/07/2025,10:55:22,7064.87,0,0,0,0,0,0
SML250.BSE_IDX,01/07/2025,10:55:30,7064.97,0,0,0,0,0,0
SML250.BSE_IDX,01/07/2025,10:55:38,7064.81,0,0,0,0,0,0
SML250.BSE_IDX,01/07/2025,10:55:46,7064.53,0,0,0,0,0,0
SML250.BSE_IDX,01/07/2025,10:55:54,7064.25,0,0,0,0,0,0
SML250.BSE_IDX,01/07/2025,10:56:02,7064.16,0,0,0,0,0,0
SML250.BSE_IDX,01/07/2025,10:56:10,7063.45,0,0,0,0,0,0
SML250.BSE_IDX,01/07/2025,10:56:18,7063.1,0,0,0,0,0,0
SML250.BSE_IDX,01/07/2025,10:56:26,7063.08,0,0,0,0,0,0
SML250.BSE_IDX,01/07/2025,10:56:34,7062.94,0,0,0,0,0,0
SML250.BSE_IDX,01/07/2025,10:56:42,7063.1,0,0,0,0,0,0
SML250.BSE_IDX,01/07/2025,10:56:50,7062.6,0,0,0,0,0,0
SML250.BSE_IDX,01/07/2025,10:56:58,7062.28,0,0,0,0,0,0
SML250.BSE_IDX,01/07/2025,10:57:06,7062.32,0,0,0,0,0,0
SML250.BSE_IDX,01/07/2025,10:57:14,7062.06,0,0,0,0,0,0
SML250.BSE_IDX,01/07/2025,10:57:22,7061.45,0,0,0,0,0,0
SML250.BSE_IDX,01/07/2025,10:57:30,7061.4,0,0,0,0,0,0
SML250.BSE_IDX,01/07/2025,10:57:39,7061.76,0,0,0,0,0,0
SML250.BSE_IDX,01/07/2025,10:57:46,7061.19,0,0,0,0,0,0
SML250.BSE_IDX,01/07/2025,10:57:54,7061,0,0,0,0,0,0
SML250.BSE_IDX,01/07/2025,10:58:02,7060.82,0,0,0,0,0,0
SML250.BSE_IDX,01/07/2025,10:58:10,7060.87,0,0,0,0,0,0
SML250.BSE_IDX,01/07/2025,10:58:18,7060.77,0,0,0,0,0,0
SML250.BSE_IDX,01/07/2025,10:58:26,7060.96,0,0,0,0,0,0
SML250.BSE_IDX,01/07/2025,10:58:34,7061.21,0,0,0,0,0,0
SML250.BSE_IDX,01/07/2025,10:58:42,7061.17,0,0,0,0,0,0
SML250.BSE_IDX,01/07/2025,10:58:50,7061.19,0,0,0,0,0,0
SML250.BSE_IDX,01/07/2025,10:58:58,7061.12,0,0,0,0,0,0
SML250.BSE_IDX,01/07/2025,10:59:06,7061.22,0,0,0,0,0,0
SML250.BSE_IDX,01/07/2025,10:59:14,7061.25,0,0,0,0,0,0
SML250.BSE_IDX,01/07/2025,10:59:22,7061.14,0,0,0,0,0,0
SML250.BSE_IDX,01/07/2025,10:59:30,7060.58,0,0,0,0,0,0
SML250.BSE_IDX,01/07/2025,10:59:38,7060.51,0,0,0,0,0,0
SML250.BSE_IDX,01/07/2025,10:59:47,7060.1,0,0,0,0,0,0
SML250.BSE_IDX,01/07/2025,10:59:55,7059.95,0,0,0,0,0,0
SML250.BSE_IDX,01/07/2025,11:00:03,7059.87,0,0,0,0,0,0
SML250.BSE_IDX,01/07/2025,11:00:11,7060.16,0,0,0,0,0,0
SML250.BSE_IDX,01/07/2025,11:00:18,7060.28,0,0,0,0,0,0
SML250.BSE_IDX,01/07/2025,11:00:26,7060.26,0,0,0,0,0,0
SML250.BSE_IDX,01/07/2025,11:00:34,7060.01,0,0,0,0,0,0
SML250.BSE_IDX,01/07/2025,11:00:42,7059.6,0,0,0,0,0,0
SML250.BSE_IDX,01/07/2025,11:00:50,7059.65,0,0,0,0,0,0
SML250.BSE_IDX,01/07/2025,11:00:58,7059.71,0,0,0,0,0,0
SML250.BSE_IDX,01/07/2025,11:01:06,7059.95,0,0,0,0,0,0
SML250.BSE_IDX,01/07/2025,11:01:15,7059.81,0,0,0,0,0,0
SML250.BSE_IDX,01/07/2025,11:01:22,7059.74,0,0,0,0,0,0
SML250.BSE_IDX,01/07/2025,11:01:30,7059.56,0,0,0,0,0,0
SML250.BSE_IDX,01/07/2025,11:01:38,7060.27,0,0,0,0,0,0
SML250.BSE_IDX,01/07/2025,11:01:46,7060.69,0,0,0,0,0,0
SML250.BSE_IDX,01/07/2025,11:01:54,7060.92,0,0,0,0,0,0
SML250.BSE_IDX,01/07/2025,11:02:02,7060.59,0,0,0,0,0,0
SML250.BSE_IDX,01/07/2025,11:02:10,7060.17,0,0,0,0,0,0
SML250.BSE_IDX,01/07/2025,11:02:18,7060.2,0,0,0,0,0,0
SML250.BSE_IDX,01/07/2025,11:02:27,7059.63,0,0,0,0,0,0
SML250.BSE_IDX,01/07/2025,11:02:34,7059.8,0,0,0,0,0,0
SML250.BSE_IDX,01/07/2025,11:02:42,7059.74,0,0,0,0,0,0
SML250.BSE_IDX,01/07/2025,11:02:51,7059.45,0,0,0,0,0,0
SML250.BSE_IDX,01/07/2025,11:02:58,7058.69,0,0,0,0,0,0
SML250.BSE_IDX,01/07/2025,11:03:06,7057.55,0,0,0,0,0,0
SML250.BSE_IDX,01/07/2025,11:03:14,7057.06,0,0,0,0,0,0
SML250.BSE_IDX,01/07/2025,11:03:22,7056.83,0,0,0,0,0,0
SML250.BSE_IDX,01/07/2025,11:03:31,7057.19,0,0,0,0,0,0
SML250.BSE_IDX,01/07/2025,11:03:38,7057.29,0,0,0,0,0,0
SML250.BSE_IDX,01/07/2025,11:03:46,7057.17,0,0,0,0,0,0
SML250.BSE_IDX,01/07/2025,11:03:54,7056.8,0,0,0,0,0,0
SML250.BSE_IDX,01/07/2025,11:04:02,7056.81,0,0,0,0,0,0
SML250.BSE_IDX,01/07/2025,11:04:10,7056.84,0,0,0,0,0,0
SML250.BSE_IDX,01/07/2025,11:04:18,7056.64,0,0,0,0,0,0
SML250.BSE_IDX,01/07/2025,11:04:27,7056.61,0,0,0,0,0,0
SML250.BSE_IDX,01/07/2025,11:04:34,7056.44,0,0,0,0,0,0
SML250.BSE_IDX,01/07/2025,11:04:42,7056.29,0,0,0,0,0,0
SML250.BSE_IDX,01/07/2025,11:04:51,7056.14,0,0,0,0,0,0
SML250.BSE_IDX,01/07/2025,11:04:58,7056.12,0,0,0,0,0,0
SML250.BSE_IDX,01/07/2025,11:05:06,7056.46,0,0,0,0,0,0
SML250.BSE_IDX,01/07/2025,11:05:14,7056.84,0,0,0,0,0,0
SML250.BSE_IDX,01/07/2025,11:05:22,7057.1,0,0,0,0,0,0
SML250.BSE_IDX,01/07/2025,11:05:30,7057.74,0,0,0,0,0,0
SML250.BSE_IDX,01/07/2025,11:05:38,7057.95,0,0,0,0,0,0
SML250.BSE_IDX,01/07/2025,11:05:46,7058.42,0,0,0,0,0,0
SML250.BSE_IDX,01/07/2025,11:05:54,7058.45,0,0,0,0,0,0
SML250.BSE_IDX,01/07/2025,11:06:02,7058.52,0,0,0,0,0,0
SML250.BSE_IDX,01/07/2025,11:06:11,7059.01,0,0,0,0,0,0
SML250.BSE_IDX,01/07/2025,11:06:19,7059.16,0,0,0,0,0,0
SML250.BSE_IDX,01/07/2025,11:06:26,7059.09,0,0,0,0,0,0
SML250.BSE_IDX,01/07/2025,11:06:34,7059.41,0,0,0,0,0,0
SML250.BSE_IDX,01/07/2025,11:06:42,7059.48,0,0,0,0,0,0
SML250.BSE_IDX,01/07/2025,11:06:50,7059.62,0,0,0,0,0,0
SML250.BSE_IDX,01/07/2025,11:06:58,7059.38,0,0,0,0,0,0
SML250.BSE_IDX,01/07/2025,11:07:06,7060.3,0,0,0,0,0,0
SML250.BSE_IDX,01/07/2025,11:07:15,7060.66,0,0,0,0,0,0
SML250.BSE_IDX,01/07/2025,11:07:22,7061.04,0,0,0,0,0,0
SML250.BSE_IDX,01/07/2025,11:07:30,7061.11,0,0,0,0,0,0
SML250.BSE_IDX,01/07/2025,11:07:38,7061.47,0,0,0,0,0,0
SML250.BSE_IDX,01/07/2025,11:07:46,7061.81,0,0,0,0,0,0
SML250.BSE_IDX,01/07/2025,11:07:54,7061.95,0,0,0,0,0,0
SML250.BSE_IDX,01/07/2025,11:08:02,7062.12,0,0,0,0,0,0
SML250.BSE_IDX,01/07/2025,11:08:11,7061.9,0,0,0,0,0,0
SML250.BSE_IDX,01/07/2025,11:08:18,7061.9,0,0,0,0,0,0
SML250.BSE_IDX,01/07/2025,11:08:27,7062.1,0,0,0,0,0,0
SML250.BSE_IDX,01/07/2025,11:08:35,7062.19,0,0,0,0,0,0
SML250.BSE_IDX,01/07/2025,11:08:43,7062.67,0,0,0,0,0,0
SML250.BSE_IDX,01/07/2025,11:08:51,7062.75,0,0,0,0,0,0
SML250.BSE_IDX,01/07/2025,11:08:58,7062.82,0,0,0,0,0,0
SML250.BSE_IDX,01/07/2025,11:09:07,7062.78,0,0,0,0,0,0
SML250.BSE_IDX,01/07/2025,11:09:15,7063.51,0,0,0,0,0,0
SML250.BSE_IDX,01/07/2025,11:09:23,7063.39,0,0,0,0,0,0
SML250.BSE_IDX,01/07/2025,11:09:31,7064.13,0,0,0,0,0,0
SML250.BSE_IDX,01/07/2025,11:09:39,7063.92,0,0,0,0,0,0
SML250.BSE_IDX,01/07/2025,11:09:46,7063.79,0,0,0,0,0,0
SML250.BSE_IDX,01/07/2025,11:09:55,7064.21,0,0,0,0,0,0
SML250.BSE_IDX,01/07/2025,11:10:03,7064.32,0,0,0,0,0,0
SML250.BSE_IDX,01/07/2025,11:10:11,7064.18,0,0,0,0,0,0
SML250.BSE_IDX,01/07/2025,11:10:19,7064.52,0,0,0,0,0,0
SML250.BSE_IDX,01/07/2025,11:10:27,7064.56,0,0,0,0,0,0
SML250.BSE_IDX,01/07/2025,11:10:35,7064.49,0,0,0,0,0,0
SML250.BSE_IDX,01/07/2025,11:10:43,7064.87,0,0,0,0,0,0
SML250.BSE_IDX,01/07/2025,11:10:51,7065.21,0,0,0,0,0,0
SML250.BSE_IDX,01/07/2025,11:10:59,7065.26,0,0,0,0,0,0
SML250.BSE_IDX,01/07/2025,11:11:07,7065.06,0,0,0,0,0,0
SML250.BSE_IDX,01/07/2025,11:11:15,7064.83,0,0,0,0,0,0
SML250.BSE_IDX,01/07/2025,11:11:23,7065.03,0,0,0,0,0,0
SML250.BSE_IDX,01/07/2025,11:11:31,7065.02,0,0,0,0,0,0
SML250.BSE_IDX,01/07/2025,11:11:39,7065.41,0,0,0,0,0,0
SML250.BSE_IDX,01/07/2025,11:11:47,7065.3,0,0,0,0,0,0
SML250.BSE_IDX,01/07/2025,11:11:55,7065.48,0,0,0,0,0,0
SML250.BSE_IDX,01/07/2025,11:12:03,7065.98,0,0,0,0,0,0
SML250.BSE_IDX,01/07/2025,11:12:11,7065.89,0,0,0,0,0,0
SML250.BSE_IDX,01/07/2025,11:12:19,7066.04,0,0,0,0,0,0
SML250.BSE_IDX,01/07/2025,11:12:27,7065.92,0,0,0,0,0,0
SML250.BSE_IDX,01/07/2025,11:12:35,7066.08,0,0,0,0,0,0
SML250.BSE_IDX,01/07/2025,11:12:43,7065.99,0,0,0,0,0,0
SML250.BSE_IDX,01/07/2025,11:12:51,7066.22,0,0,0,0,0,0
SML250.BSE_IDX,01/07/2025,11:12:59,7065.88,0,0,0,0,0,0
SML250.BSE_IDX,01/07/2025,11:13:07,7065.84,0,0,0,0,0,0
SML250.BSE_IDX,01/07/2025,11:13:16,7065.52,0,0,0,0,0,0
SML250.BSE_IDX,01/07/2025,11:13:23,7065.36,0,0,0,0,0,0
SML250.BSE_IDX,01/07/2025,11:13:31,7065.47,0,0,0,0,0,0
SML250.BSE_IDX,01/07/2025,11:13:39,7065.48,0,0,0,0,0,0
SML250.BSE_IDX,01/07/2025,11:13:47,7065.31,0,0,0,0,0,0
SML250.BSE_IDX,01/07/2025,11:13:55,7065.26,0,0,0,0,0,0
SML250.BSE_IDX,01/07/2025,11:14:03,7065.73,0,0,0,0,0,0
SML250.BSE_IDX,01/07/2025,11:14:11,7065.88,0,0,0,0,0,0
SML250.BSE_IDX,01/07/2025,11:14:19,7065.97,0,0,0,0,0,0
SML250.BSE_IDX,01/07/2025,11:14:27,7065.86,0,0,0,0,0,0
SML250.BSE_IDX,01/07/2025,11:14:35,7066.04,0,0,0,0,0,0
SML250.BSE_IDX,01/07/2025,11:14:43,7065.97,0,0,0,0,0,0
SML250.BSE_IDX,01/07/2025,11:14:51,7065.86,0,0,0,0,0,0
SML250.BSE_IDX,01/07/2025,11:14:59,7066.11,0,0,0,0,0,0
SML250.BSE_IDX,01/07/2025,11:15:07,7066.18,0,0,0,0,0,0
SML250.BSE_IDX,01/07/2025,11:15:15,7066.29,0,0,0,0,0,0
SML250.BSE_IDX,01/07/2025,11:15:23,7066.19,0,0,0,0,0,0
SML250.BSE_IDX,01/07/2025,11:15:31,7066.22,0,0,0,0,0,0
SML250.BSE_IDX,01/07/2025,11:15:39,7066.15,0,0,0,0,0,0
SML250.BSE_IDX,01/07/2025,11:15:47,7066.03,0,0,0,0,0,0
SML250.BSE_IDX,01/07/2025,11:15:56,7066.31,0,0,0,0,0,0
SML250.BSE_IDX,01/07/2025,11:16:03,7066.09,0,0,0,0,0,0
SML250.BSE_IDX,01/07/2025,11:16:11,7065.98,0,0,0,0,0,0
SML250.BSE_IDX,01/07/2025,11:16:19,7065.88,0,0,0,0,0,0
SML250.BSE_IDX,01/07/2025,11:16:27,7065.84,0,0,0,0,0,0
SML250.BSE_IDX,01/07/2025,11:16:35,7065.59,0,0,0,0,0,0
SML250.BSE_IDX,01/07/2025,11:16:43,7065.46,0,0,0,0,0,0
SML250.BSE_IDX,01/07/2025,11:16:51,7065.56,0,0,0,0,0,0
SML250.BSE_IDX,01/07/2025,11:16:59,7065.31,0,0,0,0,0,0
SML250.BSE_IDX,01/07/2025,11:17:07,7065.37,0,0,0,0,0,0
SML250.BSE_IDX,01/07/2025,11:17:15,7065.72,0,0,0,0,0,0
SML250.BSE_IDX,01/07/2025,11:17:23,7065.76,0,0,0,0,0,0
SML250.BSE_IDX,01/07/2025,11:17:31,7065.8,0,0,0,0,0,0
SML250.BSE_IDX,01/07/2025,11:17:39,7065.92,0,0,0,0,0,0
SML250.BSE_IDX,01/07/2025,11:17:47,7066.29,0,0,0,0,0,0
SML250.BSE_IDX,01/07/2025,11:17:57,7066.64,0,0,0,0,0,0
SML250.BSE_IDX,01/07/2025,11:18:03,7067.54,0,0,0,0,0,0
SML250.BSE_IDX,01/07/2025,11:18:11,7067.48,0,0,0,0,0,0
SML250.BSE_IDX,01/07/2025,11:18:19,7067.99,0,0,0,0,0,0
SML250.BSE_IDX,01/07/2025,11:18:27,7067.99,0,0,0,0,0,0
SML250.BSE_IDX,01/07/2025,11:18:35,7067.89,0,0,0,0,0,0
SML250.BSE_IDX,01/07/2025,11:18:44,7067.87,0,0,0,0,0,0
SML250.BSE_IDX,01/07/2025,11:18:51,7068.11,0,0,0,0,0,0
SML250.BSE_IDX,01/07/2025,11:18:59,7068.05,0,0,0,0,0,0
SML250.BSE_IDX,01/07/2025,11:19:08,7067.98,0,0,0,0,0,0
SML250.BSE_IDX,01/07/2025,11:19:15,7067.28,0,0,0,0,0,0
SML250.BSE_IDX,01/07/2025,11:19:23,7067.01,0,0,0,0,0,0
SML250.BSE_IDX,01/07/2025,11:19:31,7066.73,0,0,0,0,0,0
SML250.BSE_IDX,01/07/2025,11:19:39,7066.37,0,0,0,0,0,0
SML250.BSE_IDX,01/07/2025,11:19:47,7065.9,0,0,0,0,0,0
SML250.BSE_IDX,01/07/2025,11:19:55,7065.97,0,0,0,0,0,0
SML250.BSE_IDX,01/07/2025,11:20:03,7066,0,0,0,0,0,0
SML250.BSE_IDX,01/07/2025,11:20:11,7065.94,0,0,0,0,0,0
SML250.BSE_IDX,01/07/2025,11:20:19,7065.83,0,0,0,0,0,0
SML250.BSE_IDX,01/07/2025,11:20:27,7065.82,0,0,0,0,0,0
SML250.BSE_IDX,01/07/2025,11:20:35,7065.68,0,0,0,0,0,0
SML250.BSE_IDX,01/07/2025,11:20:43,7065.87,0,0,0,0,0,0
SML250.BSE_IDX,01/07/2025,11:20:51,7065.67,0,0,0,0,0,0
SML250.BSE_IDX,01/07/2025,11:20:59,7065.65,0,0,0,0,0,0
SML250.BSE_IDX,01/07/2025,11:21:07,7065.9,0,0,0,0,0,0
SML250.BSE_IDX,01/07/2025,11:21:15,7066.26,0,0,0,0,0,0
SML250.BSE_IDX,01/07/2025,11:21:24,7066.17,0,0,0,0,0,0
SML250.BSE_IDX,01/07/2025,11:21:31,7066.18,0,0,0,0,0,0
SML250.BSE_IDX,01/07/2025,11:21:39,7066.28,0,0,0,0,0,0
SML250.BSE_IDX,01/07/2025,11:21:47,7065.98,0,0,0,0,0,0
SML250.BSE_IDX,01/07/2025,11:21:56,7066.15,0,0,0,0,0,0
SML250.BSE_IDX,01/07/2025,11:22:03,7066.32,0,0,0,0,0,0
SML250.BSE_IDX,01/07/2025,11:22:11,7066.23,0,0,0,0,0,0
SML250.BSE_IDX,01/07/2025,11:22:19,7066.2,0,0,0,0,0,0
SML250.BSE_IDX,01/07/2025,11:22:28,7066.1,0,0,0,0,0,0
SML250.BSE_IDX,01/07/2025,11:22:35,7066.21,0,0,0,0,0,0
SML250.BSE_IDX,01/07/2025,11:22:43,7066.32,0,0,0,0,0,0
SML250.BSE_IDX,01/07/2025,11:22:51,7066.14,0,0,0,0,0,0
SML250.BSE_IDX,01/07/2025,11:22:59,7066.22,0,0,0,0,0,0
SML250.BSE_IDX,01/07/2025,11:23:07,7066.3,0,0,0,0,0,0
SML250.BSE_IDX,01/07/2025,11:23:15,7066.14,0,0,0,0,0,0
SML250.BSE_IDX,01/07/2025,11:23:23,7066.13,0,0,0,0,0,0
SML250.BSE_IDX,01/07/2025,11:23:31,7066.19,0,0,0,0,0,0
SML250.BSE_IDX,01/07/2025,11:23:39,7065.98,0,0,0,0,0,0
SML250.BSE_IDX,01/07/2025,11:23:47,7066.23,0,0,0,0,0,0
SML250.BSE_IDX,01/07/2025,11:23:55,7066.49,0,0,0,0,0,0
SML250.BSE_IDX,01/07/2025,11:24:04,7066.61,0,0,0,0,0,0
SML250.BSE_IDX,01/07/2025,11:24:11,7066.79,0,0,0,0,0,0
SML250.BSE_IDX,01/07/2025,11:24:19,7066.93,0,0,0,0,0,0
SML250.BSE_IDX,01/07/2025,11:24:27,7066.87,0,0,0,0,0,0
SML250.BSE_IDX,01/07/2025,11:24:35,7066.89,0,0,0,0,0,0
SML250.BSE_IDX,01/07/2025,11:24:43,7066.88,0,0,0,0,0,0
SML250.BSE_IDX,01/07/2025,11:24:52,7066.95,0,0,0,0,0,0
SML250.BSE_IDX,01/07/2025,11:25:00,7066.94,0,0,0,0,0,0
SML250.BSE_IDX,01/07/2025,11:25:07,7067.74,0,0,0,0,0,0
SML250.BSE_IDX,01/07/2025,11:25:15,7067.63,0,0,0,0,0,0
SML250.BSE_IDX,01/07/2025,11:25:23,7067.72,0,0,0,0,0,0
SML250.BSE_IDX,01/07/2025,11:25:31,7068.08,0,0,0,0,0,0
SML250.BSE_IDX,01/07/2025,11:25:41,7068.14,0,0,0,0,0,0
SML250.BSE_IDX,01/07/2025,11:25:47,7068.46,0,0,0,0,0,0
SML250.BSE_IDX,01/07/2025,11:25:55,7068.68,0,0,0,0,0,0
SML250.BSE_IDX,01/07/2025,11:26:03,7068.73,0,0,0,0,0,0
SML250.BSE_IDX,01/07/2025,11:26:11,7068.82,0,0,0,0,0,0
SML250.BSE_IDX,01/07/2025,11:26:19,7069.04,0,0,0,0,0,0
SML250.BSE_IDX,01/07/2025,11:26:27,7068.98,0,0,0,0,0,0
SML250.BSE_IDX,01/07/2025,11:26:35,7069.19,0,0,0,0,0,0
SML250.BSE_IDX,01/07/2025,11:26:43,7069.48,0,0,0,0,0,0
SML250.BSE_IDX,01/07/2025,11:26:51,7069.47,0,0,0,0,0,0
SML250.BSE_IDX,01/07/2025,11:26:59,7069.61,0,0,0,0,0,0
SML250.BSE_IDX,01/07/2025,11:27:07,7069.53,0,0,0,0,0,0
SML250.BSE_IDX,01/07/2025,11:27:15,7069.42,0,0,0,0,0,0
SML250.BSE_IDX,01/07/2025,11:27:23,7069.74,0,0,0,0,0,0
SML250.BSE_IDX,01/07/2025,11:27:31,7069.44,0,0,0,0,0,0
SML250.BSE_IDX,01/07/2025,11:27:39,7069.16,0,0,0,0,0,0
SML250.BSE_IDX,01/07/2025,11:27:47,7068.77,0,0,0,0,0,0
SML250.BSE_IDX,01/07/2025,11:27:55,7068.84,0,0,0,0,0,0
SML250.BSE_IDX,01/07/2025,11:28:03,7068.95,0,0,0,0,0,0
SML250.BSE_IDX,01/07/2025,11:28:11,7069.26,0,0,0,0,0,0
SML250.BSE_IDX,01/07/2025,11:28:19,7069.09,0,0,0,0,0,0
SML250.BSE_IDX,01/07/2025,11:28:27,7069.28,0,0,0,0,0,0
SML250.BSE_IDX,01/07/2025,11:28:36,7069.43,0,0,0,0,0,0
SML250.BSE_IDX,01/07/2025,11:28:43,7069.21,0,0,0,0,0,0
SML250.BSE_IDX,01/07/2025,11:28:51,7069.52,0,0,0,0,0,0
SML250.BSE_IDX,01/07/2025,11:28:59,7070.06,0,0,0,0,0,0
SML250.BSE_IDX,01/07/2025,11:29:07,7070.41,0,0,0,0,0,0
SML250.BSE_IDX,01/07/2025,11:29:16,7070.39,0,0,0,0,0,0
SML250.BSE_IDX,01/07/2025,11:29:24,7070.69,0,0,0,0,0,0
SML250.BSE_IDX,01/07/2025,11:29:31,7070.6,0,0,0,0,0,0
SML250.BSE_IDX,01/07/2025,11:29:39,7070.78,0,0,0,0,0,0
SML250.BSE_IDX,01/07/2025,11:29:47,7071.07,0,0,0,0,0,0
SML250.BSE_IDX,01/07/2025,11:29:55,7071.36,0,0,0,0,0,0
SML250.BSE_IDX,01/07/2025,11:30:03,7071.48,0,0,0,0,0,0
SML250.BSE_IDX,01/07/2025,11:30:11,7071.69,0,0,0,0,0,0
SML250.BSE_IDX,01/07/2025,11:30:19,7071.48,0,0,0,0,0,0
SML250.BSE_IDX,01/07/2025,11:30:27,7071.57,0,0,0,0,0,0
SML250.BSE_IDX,01/07/2025,11:30:35,7071.71,0,0,0,0,0,0
SML250.BSE_IDX,01/07/2025,11:30:43,7071.79,0,0,0,0,0,0
SML250.BSE_IDX,01/07/2025,11:30:51,7071.78,0,0,0,0,0,0
SML250.BSE_IDX,01/07/2025,11:30:59,7071.84,0,0,0,0,0,0
SML250.BSE_IDX,01/07/2025,11:31:07,7071.57,0,0,0,0,0,0
SML250.BSE_IDX,01/07/2025,11:31:15,7071.66,0,0,0,0,0,0
SML250.BSE_IDX,01/07/2025,11:31:23,7071.32,0,0,0,0,0,0
SML250.BSE_IDX,01/07/2025,11:31:31,7071.39,0,0,0,0,0,0
SML250.BSE_IDX,01/07/2025,11:31:39,7071.43,0,0,0,0,0,0
SML250.BSE_IDX,01/07/2025,11:31:47,7071.61,0,0,0,0,0,0
SML250.BSE_IDX,01/07/2025,11:31:55,7071.25,0,0,0,0,0,0
SML250.BSE_IDX,01/07/2025,11:32:04,7071.2,0,0,0,0,0,0
SML250.BSE_IDX,01/07/2025,11:32:11,7070.71,0,0,0,0,0,0
SML250.BSE_IDX,01/07/2025,11:32:19,7070.49,0,0,0,0,0,0
SML250.BSE_IDX,01/07/2025,11:32:27,7070.5,0,0,0,0,0,0
SML250.BSE_IDX,01/07/2025,11:32:35,7070.21,0,0,0,0,0,0
SML250.BSE_IDX,01/07/2025,11:32:43,7070.19,0,0,0,0,0,0
SML250.BSE_IDX,01/07/2025,11:32:51,7070.32,0,0,0,0,0,0
SML250.BSE_IDX,01/07/2025,11:32:59,7070.12,0,0,0,0,0,0
SML250.BSE_IDX,01/07/2025,11:33:07,7069.54,0,0,0,0,0,0
SML250.BSE_IDX,01/07/2025,11:33:15,7069.2,0,0,0,0,0,0
SML250.BSE_IDX,01/07/2025,11:33:23,7069.09,0,0,0,0,0,0
SML250.BSE_IDX,01/07/2025,11:33:31,7069.35,0,0,0,0,0,0
SML250.BSE_IDX,01/07/2025,11:33:39,7069.08,0,0,0,0,0,0
SML250.BSE_IDX,01/07/2025,11:33:47,7068.75,0,0,0,0,0,0
SML250.BSE_IDX,01/07/2025,11:33:55,7068.36,0,0,0,0,0,0
SML250.BSE_IDX,01/07/2025,11:34:03,7068.56,0,0,0,0,0,0
SML250.BSE_IDX,01/07/2025,11:34:12,7068.47,0,0,0,0,0,0
SML250.BSE_IDX,01/07/2025,11:34:19,7068.32,0,0,0,0,0,0
SML250.BSE_IDX,01/07/2025,11:34:27,7068.44,0,0,0,0,0,0
SML250.BSE_IDX,01/07/2025,11:34:35,7068.12,0,0,0,0,0,0
SML250.BSE_IDX,01/07/2025,11:34:43,7067.92,0,0,0,0,0,0
SML250.BSE_IDX,01/07/2025,11:34:51,7067.66,0,0,0,0,0,0
SML250.BSE_IDX,01/07/2025,11:34:59,7067.61,0,0,0,0,0,0
SML250.BSE_IDX,01/07/2025,11:35:07,7067.64,0,0,0,0,0,0
SML250.BSE_IDX,01/07/2025,11:35:16,7067.59,0,0,0,0,0,0
SML250.BSE_IDX,01/07/2025,11:35:23,7067.44,0,0,0,0,0,0
SML250.BSE_IDX,01/07/2025,11:35:32,7067.29,0,0,0,0,0,0
SML250.BSE_IDX,01/07/2025,11:35:39,7067.01,0,0,0,0,0,0
SML250.BSE_IDX,01/07/2025,11:35:47,7066.78,0,0,0,0,0,0
SML250.BSE_IDX,01/07/2025,11:35:55,7066.44,0,0,0,0,0,0
SML250.BSE_IDX,01/07/2025,11:36:04,7066.62,0,0,0,0,0,0
SML250.BSE_IDX,01/07/2025,11:36:11,7066.48,0,0,0,0,0,0
SML250.BSE_IDX,01/07/2025,11:36:19,7066.43,0,0,0,0,0,0
SML250.BSE_IDX,01/07/2025,11:36:28,7066.5,0,0,0,0,0,0
SML250.BSE_IDX,01/07/2025,11:36:35,7066.25,0,0,0,0,0,0
SML250.BSE_IDX,01/07/2025,11:36:43,7066.42,0,0,0,0,0,0
SML250.BSE_IDX,01/07/2025,11:36:54,7066.13,0,0,0,0,0,0
SML250.BSE_IDX,01/07/2025,11:36:59,7065.84,0,0,0,0,0,0
SML250.BSE_IDX,01/07/2025,11:37:07,7065.94,0,0,0,0,0,0
SML250.BSE_IDX,01/07/2025,11:37:15,7066.1,0,0,0,0,0,0
SML250.BSE_IDX,01/07/2025,11:37:23,7066.4,0,0,0,0,0,0
SML250.BSE_IDX,01/07/2025,11:37:31,7066.3,0,0,0,0,0,0
SML250.BSE_IDX,01/07/2025,11:37:41,7066.41,0,0,0,0,0,0
SML250.BSE_IDX,01/07/2025,11:37:47,7066.56,0,0,0,0,0,0
SML250.BSE_IDX,01/07/2025,11:37:55,7066.7,0,0,0,0,0,0
SML250.BSE_IDX,01/07/2025,11:38:03,7066.13,0,0,0,0,0,0
SML250.BSE_IDX,01/07/2025,11:38:11,7065.82,0,0,0,0,0,0
SML250.BSE_IDX,01/07/2025,11:38:20,7065.56,0,0,0,0,0,0
SML250.BSE_IDX,01/07/2025,11:38:27,7065.24,0,0,0,0,0,0
SML250.BSE_IDX,01/07/2025,11:38:35,7065.5,0,0,0,0,0,0
SML250.BSE_IDX,01/07/2025,11:38:43,7065.32,0,0,0,0,0,0
SML250.BSE_IDX,01/07/2025,11:38:51,7065.42,0,0,0,0,0,0
SML250.BSE_IDX,01/07/2025,11:38:59,7065.03,0,0,0,0,0,0
SML250.BSE_IDX,01/07/2025,11:39:07,7065.4,0,0,0,0,0,0
SML250.BSE_IDX,01/07/2025,11:39:16,7065.14,0,0,0,0,0,0
SML250.BSE_IDX,01/07/2025,11:39:23,7065.3,0,0,0,0,0,0
SML250.BSE_IDX,01/07/2025,11:39:31,7065.24,0,0,0,0,0,0
SML250.BSE_IDX,01/07/2025,11:39:39,7064.69,0,0,0,0,0,0
SML250.BSE_IDX,01/07/2025,11:39:47,7064.83,0,0,0,0,0,0
SML250.BSE_IDX,01/07/2025,11:39:55,7064.74,0,0,0,0,0,0
SML250.BSE_IDX,01/07/2025,11:40:03,7064.75,0,0,0,0,0,0
SML250.BSE_IDX,01/07/2025,11:40:11,7064.78,0,0,0,0,0,0
SML250.BSE_IDX,01/07/2025,11:40:19,7065.14,0,0,0,0,0,0
SML250.BSE_IDX,01/07/2025,11:40:27,7065.4,0,0,0,0,0,0
SML250.BSE_IDX,01/07/2025,11:40:35,7065.56,0,0,0,0,0,0
SML250.BSE_IDX,01/07/2025,11:40:43,7065.66,0,0,0,0,0,0
SML250.BSE_IDX,01/07/2025,11:40:51,7065.73,0,0,0,0,0,0
SML250.BSE_IDX,01/07/2025,11:41:00,7065.77,0,0,0,0,0,0
SML250.BSE_IDX,01/07/2025,11:41:07,7065.77,0,0,0,0,0,0
SML250.BSE_IDX,01/07/2025,11:41:15,7065.55,0,0,0,0,0,0
SML250.BSE_IDX,01/07/2025,11:41:24,7065.75,0,0,0,0,0,0
SML250.BSE_IDX,01/07/2025,11:41:32,7065.23,0,0,0,0,0,0
SML250.BSE_IDX,01/07/2025,11:41:39,7065.37,0,0,0,0,0,0
SML250.BSE_IDX,01/07/2025,11:41:48,7064.83,0,0,0,0,0,0
SML250.BSE_IDX,01/07/2025,11:41:56,7064.97,0,0,0,0,0,0
SML250.BSE_IDX,01/07/2025,11:42:04,7065.1,0,0,0,0,0,0
SML250.BSE_IDX,01/07/2025,11:42:12,7065,0,0,0,0,0,0
SML250.BSE_IDX,01/07/2025,11:42:20,7065.15,0,0,0,0,0,0
SML250.BSE_IDX,01/07/2025,11:42:28,7065.28,0,0,0,0,0,0
SML250.BSE_IDX,01/07/2025,11:42:36,7065.48,0,0,0,0,0,0
SML250.BSE_IDX,01/07/2025,11:42:44,7065.54,0,0,0,0,0,0
SML250.BSE_IDX,01/07/2025,11:42:52,7065.4,0,0,0,0,0,0
SML250.BSE_IDX,01/07/2025,11:43:00,7065.46,0,0,0,0,0,0
SML250.BSE_IDX,01/07/2025,11:43:08,7065.23,0,0,0,0,0,0
SML250.BSE_IDX,01/07/2025,11:43:16,7064.96,0,0,0,0,0,0
SML250.BSE_IDX,01/07/2025,11:43:24,7064.94,0,0,0,0,0,0
SML250.BSE_IDX,01/07/2025,11:43:32,7065.28,0,0,0,0,0,0
SML250.BSE_IDX,01/07/2025,11:43:40,7065.4,0,0,0,0,0,0
SML250.BSE_IDX,01/07/2025,11:43:48,7065.43,0,0,0,0,0,0
SML250.BSE_IDX,01/07/2025,11:43:56,7065.43,0,0,0,0,0,0
SML250.BSE_IDX,01/07/2025,11:44:04,7065.55,0,0,0,0,0,0
SML250.BSE_IDX,01/07/2025,11:44:12,7065.53,0,0,0,0,0,0
SML250.BSE_IDX,01/07/2025,11:44:20,7065.68,0,0,0,0,0,0
SML250.BSE_IDX,01/07/2025,11:44:28,7065.93,0,0,0,0,0,0
SML250.BSE_IDX,01/07/2025,11:44:36,7065.65,0,0,0,0,0,0
SML250.BSE_IDX,01/07/2025,11:44:44,7065.77,0,0,0,0,0,0
SML250.BSE_IDX,01/07/2025,11:44:52,7065.66,0,0,0,0,0,0
SML250.BSE_IDX,01/07/2025,11:45:00,7065.64,0,0,0,0,0,0
SML250.BSE_IDX,01/07/2025,11:45:08,7065.51,0,0,0,0,0,0
SML250.BSE_IDX,01/07/2025,11:45:16,7065.03,0,0,0,0,0,0
SML250.BSE_IDX,01/07/2025,11:45:24,7064.1,0,0,0,0,0,0
SML250.BSE_IDX,01/07/2025,11:45:32,7064.34,0,0,0,0,0,0
SML250.BSE_IDX,01/07/2025,11:45:40,7064.24,0,0,0,0,0,0
SML250.BSE_IDX,01/07/2025,11:45:48,7064.39,0,0,0,0,0,0
SML250.BSE_IDX,01/07/2025,11:45:56,7064.39,0,0,0,0,0,0
SML250.BSE_IDX,01/07/2025,11:46:04,7064.52,0,0,0,0,0,0
SML250.BSE_IDX,01/07/2025,11:46:12,7064.52,0,0,0,0,0,0
SML250.BSE_IDX,01/07/2025,11:46:20,7064.6,0,0,0,0,0,0
SML250.BSE_IDX,01/07/2025,11:46:28,7064.88,0,0,0,0,0,0
SML250.BSE_IDX,01/07/2025,11:46:36,7065.17,0,0,0,0,0,0
SML250.BSE_IDX,01/07/2025,11:46:44,7065.16,0,0,0,0,0,0
SML250.BSE_IDX,01/07/2025,11:46:52,7065.48,0,0,0,0,0,0
SML250.BSE_IDX,01/07/2025,11:47:00,7065.49,0,0,0,0,0,0
SML250.BSE_IDX,01/07/2025,11:47:08,7065.32,0,0,0,0,0,0
SML250.BSE_IDX,01/07/2025,11:47:16,7065.12,0,0,0,0,0,0
SML250.BSE_IDX,01/07/2025,11:47:24,7065.11,0,0,0,0,0,0
SML250.BSE_IDX,01/07/2025,11:47:32,7065.38,0,0,0,0,0,0
SML250.BSE_IDX,01/07/2025,11:47:40,7065.32,0,0,0,0,0,0
SML250.BSE_IDX,01/07/2025,11:47:48,7065.11,0,0,0,0,0,0
SML250.BSE_IDX,01/07/2025,11:47:56,7064.97,0,0,0,0,0,0
SML250.BSE_IDX,01/07/2025,11:48:04,7065.06,0,0,0,0,0,0
SML250.BSE_IDX,01/07/2025,11:48:12,7065.48,0,0,0,0,0,0
SML250.BSE_IDX,01/07/2025,11:48:20,7065.58,0,0,0,0,0,0
SML250.BSE_IDX,01/07/2025,11:48:28,7065.62,0,0,0,0,0,0
SML250.BSE_IDX,01/07/2025,11:48:36,7065.84,0,0,0,0,0,0
SML250.BSE_IDX,01/07/2025,11:48:44,7065.97,0,0,0,0,0,0
SML250.BSE_IDX,01/07/2025,11:48:52,7065.92,0,0,0,0,0,0
SML250.BSE_IDX,01/07/2025,11:49:01,7065.8,0,0,0,0,0,0
SML250.BSE_IDX,01/07/2025,11:49:09,7066.17,0,0,0,0,0,0
SML250.BSE_IDX,01/07/2025,11:49:16,7066.08,0,0,0,0,0,0
SML250.BSE_IDX,01/07/2025,11:49:24,7065.88,0,0,0,0,0,0
SML250.BSE_IDX,01/07/2025,11:49:32,7065.9,0,0,0,0,0,0
SML250.BSE_IDX,01/07/2025,11:49:40,7065.61,0,0,0,0,0,0
SML250.BSE_IDX,01/07/2025,11:49:49,7065.56,0,0,0,0,0,0
SML250.BSE_IDX,01/07/2025,11:49:56,7065.47,0,0,0,0,0,0
SML250.BSE_IDX,01/07/2025,11:50:04,7065.13,0,0,0,0,0,0
SML250.BSE_IDX,01/07/2025,11:50:12,7065.02,0,0,0,0,0,0
SML250.BSE_IDX,01/07/2025,11:50:20,7065.24,0,0,0,0,0,0
SML250.BSE_IDX,01/07/2025,11:50:28,7065.26,0,0,0,0,0,0
SML250.BSE_IDX,01/07/2025,11:50:36,7064.82,0,0,0,0,0,0
SML250.BSE_IDX,01/07/2025,11:50:44,7064.9,0,0,0,0,0,0
SML250.BSE_IDX,01/07/2025,11:50:52,7064.68,0,0,0,0,0,0
SML250.BSE_IDX,01/07/2025,11:51:00,7064.36,0,0,0,0,0,0
SML250.BSE_IDX,01/07/2025,11:51:08,7064.45,0,0,0,0,0,0
SML250.BSE_IDX,01/07/2025,11:51:16,7064.92,0,0,0,0,0,0
SML250.BSE_IDX,01/07/2025,11:51:24,7064.6,0,0,0,0,0,0
SML250.BSE_IDX,01/07/2025,11:51:32,7064.97,0,0,0,0,0,0
SML250.BSE_IDX,01/07/2025,11:51:40,7064.89,0,0,0,0,0,0
SML250.BSE_IDX,01/07/2025,11:51:48,7064.87,0,0,0,0,0,0
SML250.BSE_IDX,01/07/2025,11:51:56,7065.17,0,0,0,0,0,0
SML250.BSE_IDX,01/07/2025,11:52:04,7064.9,0,0,0,0,0,0
SML250.BSE_IDX,01/07/2025,11:52:12,7064.85,0,0,0,0,0,0
SML250.BSE_IDX,01/07/2025,11:52:20,7064.83,0,0,0,0,0,0
SML250.BSE_IDX,01/07/2025,11:52:28,7064.61,0,0,0,0,0,0
SML250.BSE_IDX,01/07/2025,11:52:36,7064.65,0,0,0,0,0,0
SML250.BSE_IDX,01/07/2025,11:52:44,7064.46,0,0,0,0,0,0
SML250.BSE_IDX,01/07/2025,11:52:52,7064.25,0,0,0,0,0,0
SML250.BSE_IDX,01/07/2025,11:53:00,7063.96,0,0,0,0,0,0
SML250.BSE_IDX,01/07/2025,11:53:08,7063.59,0,0,0,0,0,0
SML250.BSE_IDX,01/07/2025,11:53:16,7063.59,0,0,0,0,0,0
SML250.BSE_IDX,01/07/2025,11:53:24,7063.62,0,0,0,0,0,0
SML250.BSE_IDX,01/07/2025,11:53:32,7063.36,0,0,0,0,0,0
SML250.BSE_IDX,01/07/2025,11:53:40,7063.26,0,0,0,0,0,0
SML250.BSE_IDX,01/07/2025,11:53:48,7062.86,0,0,0,0,0,0
SML250.BSE_IDX,01/07/2025,11:53:56,7062.54,0,0,0,0,0,0
SML250.BSE_IDX,01/07/2025,11:54:04,7062.17,0,0,0,0,0,0
SML250.BSE_IDX,01/07/2025,11:54:12,7061.29,0,0,0,0,0,0
SML250.BSE_IDX,01/07/2025,11:54:20,7061.12,0,0,0,0,0,0
SML250.BSE_IDX,01/07/2025,11:54:28,7061.32,0,0,0,0,0,0
SML250.BSE_IDX,01/07/2025,11:54:36,7060.95,0,0,0,0,0,0
SML250.BSE_IDX,01/07/2025,11:54:44,7060.76,0,0,0,0,0,0
SML250.BSE_IDX,01/07/2025,11:54:52,7060.68,0,0,0,0,0,0
SML250.BSE_IDX,01/07/2025,11:55:00,7060.74,0,0,0,0,0,0
SML250.BSE_IDX,01/07/2025,11:55:08,7060.36,0,0,0,0,0,0
SML250.BSE_IDX,01/07/2025,11:55:17,7060.26,0,0,0,0,0,0
SML250.BSE_IDX,01/07/2025,11:55:24,7060.3,0,0,0,0,0,0
SML250.BSE_IDX,01/07/2025,11:55:32,7060.52,0,0,0,0,0,0
SML250.BSE_IDX,01/07/2025,11:55:40,7060.55,0,0,0,0,0,0
SML250.BSE_IDX,01/07/2025,11:55:48,7060.45,0,0,0,0,0,0
SML250.BSE_IDX,01/07/2025,11:55:56,7060.12,0,0,0,0,0,0
SML250.BSE_IDX,01/07/2025,11:56:05,7060.1,0,0,0,0,0,0
SML250.BSE_IDX,01/07/2025,11:56:12,7060.26,0,0,0,0,0,0
SML250.BSE_IDX,01/07/2025,11:56:20,7059.65,0,0,0,0,0,0
SML250.BSE_IDX,01/07/2025,11:56:28,7059.23,0,0,0,0,0,0
SML250.BSE_IDX,01/07/2025,11:56:36,7059.19,0,0,0,0,0,0
SML250.BSE_IDX,01/07/2025,11:56:44,7058.83,0,0,0,0,0,0
SML250.BSE_IDX,01/07/2025,11:56:52,7058.81,0,0,0,0,0,0
SML250.BSE_IDX,01/07/2025,11:57:00,7058.98,0,0,0,0,0,0
SML250.BSE_IDX,01/07/2025,11:57:08,7058.76,0,0,0,0,0,0
SML250.BSE_IDX,01/07/2025,11:57:16,7058.48,0,0,0,0,0,0
SML250.BSE_IDX,01/07/2025,11:57:24,7058.31,0,0,0,0,0,0
SML250.BSE_IDX,01/07/2025,11:57:32,7058.09,0,0,0,0,0,0
SML250.BSE_IDX,01/07/2025,11:57:40,7058.08,0,0,0,0,0,0
SML250.BSE_IDX,01/07/2025,11:57:48,7057.99,0,0,0,0,0,0
SML250.BSE_IDX,01/07/2025,11:57:56,7057.83,0,0,0,0,0,0
SML250.BSE_IDX,01/07/2025,11:58:04,7057.42,0,0,0,0,0,0
SML250.BSE_IDX,01/07/2025,11:58:12,7056.85,0,0,0,0,0,0
SML250.BSE_IDX,01/07/2025,11:58:20,7056.83,0,0,0,0,0,0
SML250.BSE_IDX,01/07/2025,11:58:28,7057.02,0,0,0,0,0,0
SML250.BSE_IDX,01/07/2025,11:58:36,7057,0,0,0,0,0,0
SML250.BSE_IDX,01/07/2025,11:58:44,7057.01,0,0,0,0,0,0
SML250.BSE_IDX,01/07/2025,11:58:52,7056.92,0,0,0,0,0,0
SML250.BSE_IDX,01/07/2025,11:59:00,7056.73,0,0,0,0,0,0
SML250.BSE_IDX,01/07/2025,11:59:08,7057.16,0,0,0,0,0,0
SML250.BSE_IDX,01/07/2025,11:59:16,7056.99,0,0,0,0,0,0
SML250.BSE_IDX,01/07/2025,11:59:24,7057.01,0,0,0,0,0,0
SML250.BSE_IDX,01/07/2025,11:59:32,7057.3,0,0,0,0,0,0
SML250.BSE_IDX,01/07/2025,11:59:40,7057.51,0,0,0,0,0,0
SML250.BSE_IDX,01/07/2025,11:59:48,7057.84,0,0,0,0,0,0
SML250.BSE_IDX,01/07/2025,11:59:56,7057.94,0,0,0,0,0,0
SML250.BSE_IDX,01/07/2025,12:00:05,7058.43,0,0,0,0,0,0
SML250.BSE_IDX,01/07/2025,12:00:12,7058.64,0,0,0,0,0,0
SML250.BSE_IDX,01/07/2025,12:00:20,7058.72,0,0,0,0,0,0
SML250.BSE_IDX,01/07/2025,12:00:28,7058.79,0,0,0,0,0,0
SML250.BSE_IDX,01/07/2025,12:00:37,7058.75,0,0,0,0,0,0
SML250.BSE_IDX,01/07/2025,12:00:44,7058.61,0,0,0,0,0,0
SML250.BSE_IDX,01/07/2025,12:00:52,7059.04,0,0,0,0,0,0
SML250.BSE_IDX,01/07/2025,12:01:00,7059.33,0,0,0,0,0,0
SML250.BSE_IDX,01/07/2025,12:01:08,7059.45,0,0,0,0,0,0
SML250.BSE_IDX,01/07/2025,12:01:16,7059.57,0,0,0,0,0,0
SML250.BSE_IDX,01/07/2025,12:01:24,7059.61,0,0,0,0,0,0
SML250.BSE_IDX,01/07/2025,12:01:32,7059.33,0,0,0,0,0,0
SML250.BSE_IDX,01/07/2025,12:01:40,7059.32,0,0,0,0,0,0
SML250.BSE_IDX,01/07/2025,12:01:48,7059.49,0,0,0,0,0,0
SML250.BSE_IDX,01/07/2025,12:01:57,7059.57,0,0,0,0,0,0
SML250.BSE_IDX,01/07/2025,12:02:04,7059.54,0,0,0,0,0,0
SML250.BSE_IDX,01/07/2025,12:02:12,7059.59,0,0,0,0,0,0
SML250.BSE_IDX,01/07/2025,12:02:20,7059.58,0,0,0,0,0,0
SML250.BSE_IDX,01/07/2025,12:02:28,7059.57,0,0,0,0,0,0
SML250.BSE_IDX,01/07/2025,12:02:36,7059.71,0,0,0,0,0,0
SML250.BSE_IDX,01/07/2025,12:02:44,7059.68,0,0,0,0,0,0
SML250.BSE_IDX,01/07/2025,12:02:52,7059.73,0,0,0,0,0,0
SML250.BSE_IDX,01/07/2025,12:03:00,7059.75,0,0,0,0,0,0
SML250.BSE_IDX,01/07/2025,12:03:08,7059.68,0,0,0,0,0,0
SML250.BSE_IDX,01/07/2025,12:03:17,7060.01,0,0,0,0,0,0
SML250.BSE_IDX,01/07/2025,12:03:24,7059.67,0,0,0,0,0,0
SML250.BSE_IDX,01/07/2025,12:03:32,7059.74,0,0,0,0,0,0
SML250.BSE_IDX,01/07/2025,12:03:40,7059.71,0,0,0,0,0,0
SML250.BSE_IDX,01/07/2025,12:03:48,7059.78,0,0,0,0,0,0
SML250.BSE_IDX,01/07/2025,12:03:56,7059.6,0,0,0,0,0,0
SML250.BSE_IDX,01/07/2025,12:04:04,7060.01,0,0,0,0,0,0
SML250.BSE_IDX,01/07/2025,12:04:12,7059.71,0,0,0,0,0,0
SML250.BSE_IDX,01/07/2025,12:04:20,7059.54,0,0,0,0,0,0
SML250.BSE_IDX,01/07/2025,12:04:28,7059.48,0,0,0,0,0,0
SML250.BSE_IDX,01/07/2025,12:04:36,7059.49,0,0,0,0,0,0
SML250.BSE_IDX,01/07/2025,12:04:44,7059.35,0,0,0,0,0,0
SML250.BSE_IDX,01/07/2025,12:04:52,7059.34,0,0,0,0,0,0
SML250.BSE_IDX,01/07/2025,12:05:01,7058.9,0,0,0,0,0,0
SML250.BSE_IDX,01/07/2025,12:05:08,7058.64,0,0,0,0,0,0
SML250.BSE_IDX,01/07/2025,12:05:16,7058.75,0,0,0,0,0,0
SML250.BSE_IDX,01/07/2025,12:05:24,7058.83,0,0,0,0,0,0
SML250.BSE_IDX,01/07/2025,12:05:32,7058.56,0,0,0,0,0,0
SML250.BSE_IDX,01/07/2025,12:05:40,7058.42,0,0,0,0,0,0
SML250.BSE_IDX,01/07/2025,12:05:48,7058.69,0,0,0,0,0,0
SML250.BSE_IDX,01/07/2025,12:05:56,7058.48,0,0,0,0,0,0
SML250.BSE_IDX,01/07/2025,12:06:04,7058.57,0,0,0,0,0,0
SML250.BSE_IDX,01/07/2025,12:06:12,7058.57,0,0,0,0,0,0
SML250.BSE_IDX,01/07/2025,12:06:20,7058.79,0,0,0,0,0,0
SML250.BSE_IDX,01/07/2025,12:06:28,7058.8,0,0,0,0,0,0
SML250.BSE_IDX,01/07/2025,12:06:36,7058.31,0,0,0,0,0,0
SML250.BSE_IDX,01/07/2025,12:06:44,7058.33,0,0,0,0,0,0
SML250.BSE_IDX,01/07/2025,12:06:53,7058.05,0,0,0,0,0,0
SML250.BSE_IDX,01/07/2025,12:07:00,7057.98,0,0,0,0,0,0
SML250.BSE_IDX,01/07/2025,12:07:08,7057.72,0,0,0,0,0,0
SML250.BSE_IDX,01/07/2025,12:07:16,7057.68,0,0,0,0,0,0
SML250.BSE_IDX,01/07/2025,12:07:24,7057.88,0,0,0,0,0,0
SML250.BSE_IDX,01/07/2025,12:07:32,7058.1,0,0,0,0,0,0
SML250.BSE_IDX,01/07/2025,12:07:40,7058.07,0,0,0,0,0,0
SML250.BSE_IDX,01/07/2025,12:07:48,7058.16,0,0,0,0,0,0
SML250.BSE_IDX,01/07/2025,12:07:56,7058.4,0,0,0,0,0,0
SML250.BSE_IDX,01/07/2025,12:08:04,7058.55,0,0,0,0,0,0
SML250.BSE_IDX,01/07/2025,12:08:12,7058.65,0,0,0,0,0,0
SML250.BSE_IDX,01/07/2025,12:08:20,7058.57,0,0,0,0,0,0
SML250.BSE_IDX,01/07/2025,12:08:28,7058.5,0,0,0,0,0,0
SML250.BSE_IDX,01/07/2025,12:08:36,7058.53,0,0,0,0,0,0
SML250.BSE_IDX,01/07/2025,12:08:44,7058.79,0,0,0,0,0,0
SML250.BSE_IDX,01/07/2025,12:08:52,7058.82,0,0,0,0,0,0
SML250.BSE_IDX,01/07/2025,12:09:00,7058.74,0,0,0,0,0,0
SML250.BSE_IDX,01/07/2025,12:09:08,7059.03,0,0,0,0,0,0
SML250.BSE_IDX,01/07/2025,12:09:16,7059.16,0,0,0,0,0,0
SML250.BSE_IDX,01/07/2025,12:09:25,7059.06,0,0,0,0,0,0
SML250.BSE_IDX,01/07/2025,12:09:32,7059.19,0,0,0,0,0,0
SML250.BSE_IDX,01/07/2025,12:09:40,7059.13,0,0,0,0,0,0
SML250.BSE_IDX,01/07/2025,12:09:48,7059.35,0,0,0,0,0,0
SML250.BSE_IDX,01/07/2025,12:09:57,7059.39,0,0,0,0,0,0
SML250.BSE_IDX,01/07/2025,12:10:05,7059.39,0,0,0,0,0,0
SML250.BSE_IDX,01/07/2025,12:10:13,7059.27,0,0,0,0,0,0
SML250.BSE_IDX,01/07/2025,12:10:22,7059.34,0,0,0,0,0,0
SML250.BSE_IDX,01/07/2025,12:10:28,7059.11,0,0,0,0,0,0
SML250.BSE_IDX,01/07/2025,12:10:36,7058.98,0,0,0,0,0,0
SML250.BSE_IDX,01/07/2025,12:10:45,7059.04,0,0,0,0,0,0
SML250.BSE_IDX,01/07/2025,12:10:52,7059.06,0,0,0,0,0,0
SML250.BSE_IDX,01/07/2025,12:11:00,7059.02,0,0,0,0,0,0
SML250.BSE_IDX,01/07/2025,12:11:08,7058.87,0,0,0,0,0,0
SML250.BSE_IDX,01/07/2025,12:11:17,7058.78,0,0,0,0,0,0
SML250.BSE_IDX,01/07/2025,12:11:24,7059.06,0,0,0,0,0,0
SML250.BSE_IDX,01/07/2025,12:11:32,7059.32,0,0,0,0,0,0
SML250.BSE_IDX,01/07/2025,12:11:40,7059.59,0,0,0,0,0,0
SML250.BSE_IDX,01/07/2025,12:11:49,7059.86,0,0,0,0,0,0
SML250.BSE_IDX,01/07/2025,12:11:57,7059.97,0,0,0,0,0,0
SML250.BSE_IDX,01/07/2025,12:12:05,7059.82,0,0,0,0,0,0
SML250.BSE_IDX,01/07/2025,12:12:13,7059.91,0,0,0,0,0,0
SML250.BSE_IDX,01/07/2025,12:12:21,7060.41,0,0,0,0,0,0
SML250.BSE_IDX,01/07/2025,12:12:29,7060.7,0,0,0,0,0,0
SML250.BSE_IDX,01/07/2025,12:12:37,7060.87,0,0,0,0,0,0
SML250.BSE_IDX,01/07/2025,12:12:45,7060.76,0,0,0,0,0,0
SML250.BSE_IDX,01/07/2025,12:12:53,7061.02,0,0,0,0,0,0
SML250.BSE_IDX,01/07/2025,12:13:01,7060.86,0,0,0,0,0,0
SML250.BSE_IDX,01/07/2025,12:13:09,7060.87,0,0,0,0,0,0
SML250.BSE_IDX,01/07/2025,12:13:17,7061.31,0,0,0,0,0,0
SML250.BSE_IDX,01/07/2025,12:13:25,7061.73,0,0,0,0,0,0
SML250.BSE_IDX,01/07/2025,12:13:33,7061.42,0,0,0,0,0,0
SML250.BSE_IDX,01/07/2025,12:13:41,7061.56,0,0,0,0,0,0
SML250.BSE_IDX,01/07/2025,12:13:49,7062.01,0,0,0,0,0,0
SML250.BSE_IDX,01/07/2025,12:13:57,7062.29,0,0,0,0,0,0
SML250.BSE_IDX,01/07/2025,12:14:05,7062.36,0,0,0,0,0,0
SML250.BSE_IDX,01/07/2025,12:14:13,7062.18,0,0,0,0,0,0
SML250.BSE_IDX,01/07/2025,12:14:21,7062.33,0,0,0,0,0,0
SML250.BSE_IDX,01/07/2025,12:14:29,7062.11,0,0,0,0,0,0
SML250.BSE_IDX,01/07/2025,12:14:37,7062.16,0,0,0,0,0,0
SML250.BSE_IDX,01/07/2025,12:14:46,7062.13,0,0,0,0,0,0
SML250.BSE_IDX,01/07/2025,12:14:54,7061.99,0,0,0,0,0,0
SML250.BSE_IDX,01/07/2025,12:15:01,7062.49,0,0,0,0,0,0
SML250.BSE_IDX,01/07/2025,12:15:09,7062.19,0,0,0,0,0,0
SML250.BSE_IDX,01/07/2025,12:15:17,7062.29,0,0,0,0,0,0
SML250.BSE_IDX,01/07/2025,12:15:25,7062.27,0,0,0,0,0,0
SML250.BSE_IDX,01/07/2025,12:15:33,7062.2,0,0,0,0,0,0
SML250.BSE_IDX,01/07/2025,12:15:41,7062.24,0,0,0,0,0,0
SML250.BSE_IDX,01/07/2025,12:15:49,7062.38,0,0,0,0,0,0
SML250.BSE_IDX,01/07/2025,12:15:57,7062.5,0,0,0,0,0,0
SML250.BSE_IDX,01/07/2025,12:16:05,7062.55,0,0,0,0,0,0
SML250.BSE_IDX,01/07/2025,12:16:13,7062.72,0,0,0,0,0,0
SML250.BSE_IDX,01/07/2025,12:16:21,7062.45,0,0,0,0,0,0
SML250.BSE_IDX,01/07/2025,12:16:29,7062.38,0,0,0,0,0,0
SML250.BSE_IDX,01/07/2025,12:16:37,7062.23,0,0,0,0,0,0
SML250.BSE_IDX,01/07/2025,12:16:45,7062.36,0,0,0,0,0,0
SML250.BSE_IDX,01/07/2025,12:16:53,7062.43,0,0,0,0,0,0
SML250.BSE_IDX,01/07/2025,12:17:01,7062.31,0,0,0,0,0,0
SML250.BSE_IDX,01/07/2025,12:17:09,7062.5,0,0,0,0,0,0
SML250.BSE_IDX,01/07/2025,12:17:17,7062.88,0,0,0,0,0,0
SML250.BSE_IDX,01/07/2025,12:17:25,7062.78,0,0,0,0,0,0
SML250.BSE_IDX,01/07/2025,12:17:33,7062.92,0,0,0,0,0,0
SML250.BSE_IDX,01/07/2025,12:17:41,7063.11,0,0,0,0,0,0
SML250.BSE_IDX,01/07/2025,12:17:49,7063.19,0,0,0,0,0,0
SML250.BSE_IDX,01/07/2025,12:17:57,7063.1,0,0,0,0,0,0
SML250.BSE_IDX,01/07/2025,12:18:05,7063.55,0,0,0,0,0,0
SML250.BSE_IDX,01/07/2025,12:18:13,7063.77,0,0,0,0,0,0
SML250.BSE_IDX,01/07/2025,12:18:21,7064.01,0,0,0,0,0,0
SML250.BSE_IDX,01/07/2025,12:18:29,7064.25,0,0,0,0,0,0
SML250.BSE_IDX,01/07/2025,12:18:37,7064.21,0,0,0,0,0,0
SML250.BSE_IDX,01/07/2025,12:18:45,7064.18,0,0,0,0,0,0
SML250.BSE_IDX,01/07/2025,12:18:53,7064.49,0,0,0,0,0,0
SML250.BSE_IDX,01/07/2025,12:19:01,7064.41,0,0,0,0,0,0
SML250.BSE_IDX,01/07/2025,12:19:09,7064.57,0,0,0,0,0,0
SML250.BSE_IDX,01/07/2025,12:19:17,7064.69,0,0,0,0,0,0
SML250.BSE_IDX,01/07/2025,12:19:25,7064.79,0,0,0,0,0,0
SML250.BSE_IDX,01/07/2025,12:19:33,7065.15,0,0,0,0,0,0
SML250.BSE_IDX,01/07/2025,12:19:41,7065.44,0,0,0,0,0,0
SML250.BSE_IDX,01/07/2025,12:19:49,7065.5,0,0,0,0,0,0
SML250.BSE_IDX,01/07/2025,12:19:57,7065.88,0,0,0,0,0,0
SML250.BSE_IDX,01/07/2025,12:20:05,7066.02,0,0,0,0,0,0
SML250.BSE_IDX,01/07/2025,12:20:13,7066.2,0,0,0,0,0,0
SML250.BSE_IDX,01/07/2025,12:20:21,7066.33,0,0,0,0,0,0
SML250.BSE_IDX,01/07/2025,12:20:29,7066.5,0,0,0,0,0,0
SML250.BSE_IDX,01/07/2025,12:20:37,7066.75,0,0,0,0,0,0
SML250.BSE_IDX,01/07/2025,12:20:45,7066.98,0,0,0,0,0,0
SML250.BSE_IDX,01/07/2025,12:20:53,7067.11,0,0,0,0,0,0
SML250.BSE_IDX,01/07/2025,12:21:01,7067.35,0,0,0,0,0,0
SML250.BSE_IDX,01/07/2025,12:21:09,7066.87,0,0,0,0,0,0
SML250.BSE_IDX,01/07/2025,12:21:17,7066.75,0,0,0,0,0,0
SML250.BSE_IDX,01/07/2025,12:21:25,7066.75,0,0,0,0,0,0
SML250.BSE_IDX,01/07/2025,12:21:33,7067.31,0,0,0,0,0,0
SML250.BSE_IDX,01/07/2025,12:21:41,7067.83,0,0,0,0,0,0
SML250.BSE_IDX,01/07/2025,12:21:49,7068.05,0,0,0,0,0,0
SML250.BSE_IDX,01/07/2025,12:21:57,7068.17,0,0,0,0,0,0
SML250.BSE_IDX,01/07/2025,12:22:05,7068.17,0,0,0,0,0,0
SML250.BSE_IDX,01/07/2025,12:22:13,7068.22,0,0,0,0,0,0
SML250.BSE_IDX,01/07/2025,12:22:21,7068.27,0,0,0,0,0,0
SML250.BSE_IDX,01/07/2025,12:22:29,7068.57,0,0,0,0,0,0
SML250.BSE_IDX,01/07/2025,12:22:37,7068.56,0,0,0,0,0,0
SML250.BSE_IDX,01/07/2025,12:22:45,7068.79,0,0,0,0,0,0
SML250.BSE_IDX,01/07/2025,12:22:53,7069.05,0,0,0,0,0,0
SML250.BSE_IDX,01/07/2025,12:23:02,7069.23,0,0,0,0,0,0
SML250.BSE_IDX,01/07/2025,12:23:09,7069.6,0,0,0,0,0,0
SML250.BSE_IDX,01/07/2025,12:23:17,7069.18,0,0,0,0,0,0
SML250.BSE_IDX,01/07/2025,12:23:25,7069.33,0,0,0,0,0,0
SML250.BSE_IDX,01/07/2025,12:23:33,7069.35,0,0,0,0,0,0
SML250.BSE_IDX,01/07/2025,12:23:41,7069.37,0,0,0,0,0,0
SML250.BSE_IDX,01/07/2025,12:23:49,7069.33,0,0,0,0,0,0
SML250.BSE_IDX,01/07/2025,12:23:57,7069.55,0,0,0,0,0,0
SML250.BSE_IDX,01/07/2025,12:24:05,7069.65,0,0,0,0,0,0
SML250.BSE_IDX,01/07/2025,12:24:13,7070.24,0,0,0,0,0,0
SML250.BSE_IDX,01/07/2025,12:24:21,7070.35,0,0,0,0,0,0
SML250.BSE_IDX,01/07/2025,12:24:29,7070.61,0,0,0,0,0,0
SML250.BSE_IDX,01/07/2025,12:24:37,7070.5,0,0,0,0,0,0
SML250.BSE_IDX,01/07/2025,12:24:45,7070.74,0,0,0,0,0,0
SML250.BSE_IDX,01/07/2025,12:24:53,7070.47,0,0,0,0,0,0
SML250.BSE_IDX,01/07/2025,12:25:01,7070.69,0,0,0,0,0,0
SML250.BSE_IDX,01/07/2025,12:25:09,7070.54,0,0,0,0,0,0
SML250.BSE_IDX,01/07/2025,12:25:17,7070.6,0,0,0,0,0,0
SML250.BSE_IDX,01/07/2025,12:25:25,7070.41,0,0,0,0,0,0
SML250.BSE_IDX,01/07/2025,12:25:33,7070.64,0,0,0,0,0,0
SML250.BSE_IDX,01/07/2025,12:25:41,7070.5,0,0,0,0,0,0
SML250.BSE_IDX,01/07/2025,12:25:49,7070.49,0,0,0,0,0,0
SML250.BSE_IDX,01/07/2025,12:25:57,7070.41,0,0,0,0,0,0
SML250.BSE_IDX,01/07/2025,12:26:05,7070.61,0,0,0,0,0,0
SML250.BSE_IDX,01/07/2025,12:26:13,7070.47,0,0,0,0,0,0
SML250.BSE_IDX,01/07/2025,12:26:21,7070.77,0,0,0,0,0,0
SML250.BSE_IDX,01/07/2025,12:26:31,7070.79,0,0,0,0,0,0
SML250.BSE_IDX,01/07/2025,12:26:37,7070.76,0,0,0,0,0,0
SML250.BSE_IDX,01/07/2025,12:26:45,7070.64,0,0,0,0,0,0
SML250.BSE_IDX,01/07/2025,12:26:53,7070.69,0,0,0,0,0,0
SML250.BSE_IDX,01/07/2025,12:27:01,7070.58,0,0,0,0,0,0
SML250.BSE_IDX,01/07/2025,12:27:09,7070.13,0,0,0,0,0,0
SML250.BSE_IDX,01/07/2025,12:27:17,7069.68,0,0,0,0,0,0
SML250.BSE_IDX,01/07/2025,12:27:25,7069.71,0,0,0,0,0,0
SML250.BSE_IDX,01/07/2025,12:27:33,7069.77,0,0,0,0,0,0
SML250.BSE_IDX,01/07/2025,12:27:41,7069.73,0,0,0,0,0,0
SML250.BSE_IDX,01/07/2025,12:27:49,7069.63,0,0,0,0,0,0
SML250.BSE_IDX,01/07/2025,12:27:57,7069.49,0,0,0,0,0,0
SML250.BSE_IDX,01/07/2025,12:28:05,7069.38,0,0,0,0,0,0
SML250.BSE_IDX,01/07/2025,12:28:13,7069.39,0,0,0,0,0,0
SML250.BSE_IDX,01/07/2025,12:28:21,7069.36,0,0,0,0,0,0
SML250.BSE_IDX,01/07/2025,12:28:29,7069.3,0,0,0,0,0,0
SML250.BSE_IDX,01/07/2025,12:28:37,7069.21,0,0,0,0,0,0
SML250.BSE_IDX,01/07/2025,12:28:45,7069.01,0,0,0,0,0,0
SML250.BSE_IDX,01/07/2025,12:28:53,7068.92,0,0,0,0,0,0
SML250.BSE_IDX,01/07/2025,12:29:01,7068.6,0,0,0,0,0,0
SML250.BSE_IDX,01/07/2025,12:29:10,7068.71,0,0,0,0,0,0
SML250.BSE_IDX,01/07/2025,12:29:18,7068.55,0,0,0,0,0,0
SML250.BSE_IDX,01/07/2025,12:29:25,7068.67,0,0,0,0,0,0
SML250.BSE_IDX,01/07/2025,12:29:33,7068.98,0,0,0,0,0,0
SML250.BSE_IDX,01/07/2025,12:29:41,7068.74,0,0,0,0,0,0
SML250.BSE_IDX,01/07/2025,12:29:49,7068.84,0,0,0,0,0,0
SML250.BSE_IDX,01/07/2025,12:29:57,7068.46,0,0,0,0,0,0
SML250.BSE_IDX,01/07/2025,12:30:05,7068.42,0,0,0,0,0,0
SML250.BSE_IDX,01/07/2025,12:30:13,7068.73,0,0,0,0,0,0
SML250.BSE_IDX,01/07/2025,12:30:22,7068.64,0,0,0,0,0,0
SML250.BSE_IDX,01/07/2025,12:30:29,7068.97,0,0,0,0,0,0
SML250.BSE_IDX,01/07/2025,12:30:37,7068.95,0,0,0,0,0,0
SML250.BSE_IDX,01/07/2025,12:30:45,7069,0,0,0,0,0,0
SML250.BSE_IDX,01/07/2025,12:30:53,7069.04,0,0,0,0,0,0
SML250.BSE_IDX,01/07/2025,12:31:01,7068.89,0,0,0,0,0,0
SML250.BSE_IDX,01/07/2025,12:31:09,7069.14,0,0,0,0,0,0
SML250.BSE_IDX,01/07/2025,12:31:17,7069.14,0,0,0,0,0,0
SML250.BSE_IDX,01/07/2025,12:31:25,7069.19,0,0,0,0,0,0
SML250.BSE_IDX,01/07/2025,12:31:34,7069.17,0,0,0,0,0,0
SML250.BSE_IDX,01/07/2025,12:31:41,7069.11,0,0,0,0,0,0
SML250.BSE_IDX,01/07/2025,12:31:49,7069.03,0,0,0,0,0,0
SML250.BSE_IDX,01/07/2025,12:31:57,7068.97,0,0,0,0,0,0
SML250.BSE_IDX,01/07/2025,12:32:05,7069.1,0,0,0,0,0,0
SML250.BSE_IDX,01/07/2025,12:32:13,7068.99,0,0,0,0,0,0
SML250.BSE_IDX,01/07/2025,12:32:21,7068.93,0,0,0,0,0,0
SML250.BSE_IDX,01/07/2025,12:32:29,7069.1,0,0,0,0,0,0
SML250.BSE_IDX,01/07/2025,12:32:37,7069.22,0,0,0,0,0,0
SML250.BSE_IDX,01/07/2025,12:32:45,7069.53,0,0,0,0,0,0
SML250.BSE_IDX,01/07/2025,12:32:53,7069.08,0,0,0,0,0,0
SML250.BSE_IDX,01/07/2025,12:33:01,7068.96,0,0,0,0,0,0
SML250.BSE_IDX,01/07/2025,12:33:09,7068.6,0,0,0,0,0,0
SML250.BSE_IDX,01/07/2025,12:33:17,7068.69,0,0,0,0,0,0
SML250.BSE_IDX,01/07/2025,12:33:26,7069.04,0,0,0,0,0,0
SML250.BSE_IDX,01/07/2025,12:33:33,7068.86,0,0,0,0,0,0
SML250.BSE_IDX,01/07/2025,12:33:41,7069.17,0,0,0,0,0,0
SML250.BSE_IDX,01/07/2025,12:33:49,7069.14,0,0,0,0,0,0
SML250.BSE_IDX,01/07/2025,12:33:57,7068.96,0,0,0,0,0,0
SML250.BSE_IDX,01/07/2025,12:34:05,7068.75,0,0,0,0,0,0
SML250.BSE_IDX,01/07/2025,12:34:13,7068.82,0,0,0,0,0,0
SML250.BSE_IDX,01/07/2025,12:34:21,7068.67,0,0,0,0,0,0
SML250.BSE_IDX,01/07/2025,12:34:29,7068.66,0,0,0,0,0,0
SML250.BSE_IDX,01/07/2025,12:34:37,7068.42,0,0,0,0,0,0
SML250.BSE_IDX,01/07/2025,12:34:45,7068.74,0,0,0,0,0,0
SML250.BSE_IDX,01/07/2025,12:34:53,7068.96,0,0,0,0,0,0
SML250.BSE_IDX,01/07/2025,12:35:01,7068.94,0,0,0,0,0,0
SML250.BSE_IDX,01/07/2025,12:35:09,7068.99,0,0,0,0,0,0
SML250.BSE_IDX,01/07/2025,12:35:17,7068.94,0,0,0,0,0,0
SML250.BSE_IDX,01/07/2025,12:35:25,7068.94,0,0,0,0,0,0
SML250.BSE_IDX,01/07/2025,12:35:33,7068.85,0,0,0,0,0,0
SML250.BSE_IDX,01/07/2025,12:35:41,7068.9,0,0,0,0,0,0
SML250.BSE_IDX,01/07/2025,12:35:49,7069.1,0,0,0,0,0,0
SML250.BSE_IDX,01/07/2025,12:35:57,7068.99,0,0,0,0,0,0
SML250.BSE_IDX,01/07/2025,12:36:05,7069.08,0,0,0,0,0,0
SML250.BSE_IDX,01/07/2025,12:36:13,7069.11,0,0,0,0,0,0
SML250.BSE_IDX,01/07/2025,12:36:21,7069.12,0,0,0,0,0,0
SML250.BSE_IDX,01/07/2025,12:36:29,7069.02,0,0,0,0,0,0
SML250.BSE_IDX,01/07/2025,12:36:37,7069.24,0,0,0,0,0,0
SML250.BSE_IDX,01/07/2025,12:36:45,7069.47,0,0,0,0,0,0
SML250.BSE_IDX,01/07/2025,12:36:53,7069.78,0,0,0,0,0,0
SML250.BSE_IDX,01/07/2025,12:37:01,7069.83,0,0,0,0,0,0
SML250.BSE_IDX,01/07/2025,12:37:09,7069.86,0,0,0,0,0,0
SML250.BSE_IDX,01/07/2025,12:37:17,7069.68,0,0,0,0,0,0
SML250.BSE_IDX,01/07/2025,12:37:25,7069.71,0,0,0,0,0,0
SML250.BSE_IDX,01/07/2025,12:37:33,7069.59,0,0,0,0,0,0
SML250.BSE_IDX,01/07/2025,12:37:41,7069.39,0,0,0,0,0,0
SML250.BSE_IDX,01/07/2025,12:37:49,7069.46,0,0,0,0,0,0
SML250.BSE_IDX,01/07/2025,12:37:57,7069.16,0,0,0,0,0,0
SML250.BSE_IDX,01/07/2025,12:38:05,7069.2,0,0,0,0,0,0
SML250.BSE_IDX,01/07/2025,12:38:13,7069.25,0,0,0,0,0,0
SML250.BSE_IDX,01/07/2025,12:38:22,7069.23,0,0,0,0,0,0
SML250.BSE_IDX,01/07/2025,12:38:29,7069.33,0,0,0,0,0,0
SML250.BSE_IDX,01/07/2025,12:38:39,7069.36,0,0,0,0,0,0
SML250.BSE_IDX,01/07/2025,12:38:45,7069.62,0,0,0,0,0,0
SML250.BSE_IDX,01/07/2025,12:38:53,7069.77,0,0,0,0,0,0
SML250.BSE_IDX,01/07/2025,12:39:01,7070.06,0,0,0,0,0,0
SML250.BSE_IDX,01/07/2025,12:39:10,7069.8,0,0,0,0,0,0
SML250.BSE_IDX,01/07/2025,12:39:17,7069.67,0,0,0,0,0,0
SML250.BSE_IDX,01/07/2025,12:39:25,7069.61,0,0,0,0,0,0
SML250.BSE_IDX,01/07/2025,12:39:34,7069.64,0,0,0,0,0,0
SML250.BSE_IDX,01/07/2025,12:39:42,7069.57,0,0,0,0,0,0
SML250.BSE_IDX,01/07/2025,12:39:49,7069.84,0,0,0,0,0,0
SML250.BSE_IDX,01/07/2025,12:39:57,7069.84,0,0,0,0,0,0
SML250.BSE_IDX,01/07/2025,12:40:05,7069.86,0,0,0,0,0,0
SML250.BSE_IDX,01/07/2025,12:40:14,7069.99,0,0,0,0,0,0
SML250.BSE_IDX,01/07/2025,12:40:21,7070.33,0,0,0,0,0,0
SML250.BSE_IDX,01/07/2025,12:40:29,7070.32,0,0,0,0,0,0
SML250.BSE_IDX,01/07/2025,12:40:37,7070.16,0,0,0,0,0,0
SML250.BSE_IDX,01/07/2025,12:40:45,7070.25,0,0,0,0,0,0
SML250.BSE_IDX,01/07/2025,12:40:54,7070.42,0,0,0,0,0,0
SML250.BSE_IDX,01/07/2025,12:41:01,7070.38,0,0,0,0,0,0
SML250.BSE_IDX,01/07/2025,12:41:09,7070.36,0,0,0,0,0,0
SML250.BSE_IDX,01/07/2025,12:41:17,7070.16,0,0,0,0,0,0
SML250.BSE_IDX,01/07/2025,12:41:25,7070.16,0,0,0,0,0,0
SML250.BSE_IDX,01/07/2025,12:41:33,7070.27,0,0,0,0,0,0
SML250.BSE_IDX,01/07/2025,12:41:41,7070.48,0,0,0,0,0,0
SML250.BSE_IDX,01/07/2025,12:41:49,7070.62,0,0,0,0,0,0
SML250.BSE_IDX,01/07/2025,12:41:57,7070.64,0,0,0,0,0,0
SML250.BSE_IDX,01/07/2025,12:42:05,7070.68,0,0,0,0,0,0
SML250.BSE_IDX,01/07/2025,12:42:13,7070.69,0,0,0,0,0,0
SML250.BSE_IDX,01/07/2025,12:42:21,7070.79,0,0,0,0,0,0
SML250.BSE_IDX,01/07/2025,12:42:29,7070.77,0,0,0,0,0,0
SML250.BSE_IDX,01/07/2025,12:42:37,7070.94,0,0,0,0,0,0
SML250.BSE_IDX,01/07/2025,12:42:45,7071.1,0,0,0,0,0,0
SML250.BSE_IDX,01/07/2025,12:42:53,7071.08,0,0,0,0,0,0
SML250.BSE_IDX,01/07/2025,12:43:01,7071.17,0,0,0,0,0,0
SML250.BSE_IDX,01/07/2025,12:43:10,7070.91,0,0,0,0,0,0
SML250.BSE_IDX,01/07/2025,12:43:17,7070.74,0,0,0,0,0,0
SML250.BSE_IDX,01/07/2025,12:43:26,7070.43,0,0,0,0,0,0
SML250.BSE_IDX,01/07/2025,12:43:33,7070.17,0,0,0,0,0,0
SML250.BSE_IDX,01/07/2025,12:43:41,7070.15,0,0,0,0,0,0
SML250.BSE_IDX,01/07/2025,12:43:49,7070.04,0,0,0,0,0,0
SML250.BSE_IDX,01/07/2025,12:43:58,7069.82,0,0,0,0,0,0
SML250.BSE_IDX,01/07/2025,12:44:05,7069.69,0,0,0,0,0,0
SML250.BSE_IDX,01/07/2025,12:44:14,7069.2,0,0,0,0,0,0
SML250.BSE_IDX,01/07/2025,12:44:21,7069.01,0,0,0,0,0,0
SML250.BSE_IDX,01/07/2025,12:44:29,7068.86,0,0,0,0,0,0
SML250.BSE_IDX,01/07/2025,12:44:38,7068.64,0,0,0,0,0,0
SML250.BSE_IDX,01/07/2025,12:44:45,7068.61,0,0,0,0,0,0
SML250.BSE_IDX,01/07/2025,12:44:53,7068.6,0,0,0,0,0,0
SML250.BSE_IDX,01/07/2025,12:45:01,7068.34,0,0,0,0,0,0
SML250.BSE_IDX,01/07/2025,12:45:11,7068.23,0,0,0,0,0,0
SML250.BSE_IDX,01/07/2025,12:45:17,7067.9,0,0,0,0,0,0
SML250.BSE_IDX,01/07/2025,12:45:25,7067.87,0,0,0,0,0,0
SML250.BSE_IDX,01/07/2025,12:45:34,7067.65,0,0,0,0,0,0
SML250.BSE_IDX,01/07/2025,12:45:42,7067.55,0,0,0,0,0,0
SML250.BSE_IDX,01/07/2025,12:45:50,7067.22,0,0,0,0,0,0
SML250.BSE_IDX,01/07/2025,12:45:58,7067.24,0,0,0,0,0,0
SML250.BSE_IDX,01/07/2025,12:46:06,7067.18,0,0,0,0,0,0
SML250.BSE_IDX,01/07/2025,12:46:14,7067.14,0,0,0,0,0,0
SML250.BSE_IDX,01/07/2025,12:46:22,7067.04,0,0,0,0,0,0
SML250.BSE_IDX,01/07/2025,12:46:30,7066.62,0,0,0,0,0,0
SML250.BSE_IDX,01/07/2025,12:46:38,7066.6,0,0,0,0,0,0
SML250.BSE_IDX,01/07/2025,12:46:46,7066.14,0,0,0,0,0,0
SML250.BSE_IDX,01/07/2025,12:46:54,7066.25,0,0,0,0,0,0
SML250.BSE_IDX,01/07/2025,12:47:02,7066.28,0,0,0,0,0,0
SML250.BSE_IDX,01/07/2025,12:47:10,7065.95,0,0,0,0,0,0
SML250.BSE_IDX,01/07/2025,12:47:18,7065.63,0,0,0,0,0,0
SML250.BSE_IDX,01/07/2025,12:47:26,7065.68,0,0,0,0,0,0
SML250.BSE_IDX,01/07/2025,12:47:34,7065.6,0,0,0,0,0,0
SML250.BSE_IDX,01/07/2025,12:47:42,7065.3,0,0,0,0,0,0
SML250.BSE_IDX,01/07/2025,12:47:50,7065.18,0,0,0,0,0,0
SML250.BSE_IDX,01/07/2025,12:47:58,7065.16,0,0,0,0,0,0
SML250.BSE_IDX,01/07/2025,12:48:06,7065.08,0,0,0,0,0,0
SML250.BSE_IDX,01/07/2025,12:48:14,7065.03,0,0,0,0,0,0
SML250.BSE_IDX,01/07/2025,12:48:22,7065.2,0,0,0,0,0,0
SML250.BSE_IDX,01/07/2025,12:48:30,7065.3,0,0,0,0,0,0
SML250.BSE_IDX,01/07/2025,12:48:38,7065.3,0,0,0,0,0,0
SML250.BSE_IDX,01/07/2025,12:48:46,7065.45,0,0,0,0,0,0
SML250.BSE_IDX,01/07/2025,12:48:54,7065.04,0,0,0,0,0,0
SML250.BSE_IDX,01/07/2025,12:49:02,7065.12,0,0,0,0,0,0
SML250.BSE_IDX,01/07/2025,12:49:10,7064.89,0,0,0,0,0,0
SML250.BSE_IDX,01/07/2025,12:49:18,7064.93,0,0,0,0,0,0
SML250.BSE_IDX,01/07/2025,12:49:26,7064.98,0,0,0,0,0,0
SML250.BSE_IDX,01/07/2025,12:49:34,7064.98,0,0,0,0,0,0
SML250.BSE_IDX,01/07/2025,12:49:42,7065.14,0,0,0,0,0,0
SML250.BSE_IDX,01/07/2025,12:49:50,7065.12,0,0,0,0,0,0
SML250.BSE_IDX,01/07/2025,12:49:58,7065.19,0,0,0,0,0,0
SML250.BSE_IDX,01/07/2025,12:50:06,7065.02,0,0,0,0,0,0
SML250.BSE_IDX,01/07/2025,12:50:14,7065.25,0,0,0,0,0,0
SML250.BSE_IDX,01/07/2025,12:50:22,7065.52,0,0,0,0,0,0
SML250.BSE_IDX,01/07/2025,12:50:30,7066.09,0,0,0,0,0,0
SML250.BSE_IDX,01/07/2025,12:50:38,7066.2,0,0,0,0,0,0
SML250.BSE_IDX,01/07/2025,12:50:47,7066.34,0,0,0,0,0,0
SML250.BSE_IDX,01/07/2025,12:50:54,7066.4,0,0,0,0,0,0
SML250.BSE_IDX,01/07/2025,12:51:02,7066.26,0,0,0,0,0,0
SML250.BSE_IDX,01/07/2025,12:51:10,7066.41,0,0,0,0,0,0
SML250.BSE_IDX,01/07/2025,12:51:19,7066.51,0,0,0,0,0,0
SML250.BSE_IDX,01/07/2025,12:51:26,7066.67,0,0,0,0,0,0
SML250.BSE_IDX,01/07/2025,12:51:34,7066.64,0,0,0,0,0,0
SML250.BSE_IDX,01/07/2025,12:51:42,7066.55,0,0,0,0,0,0
SML250.BSE_IDX,01/07/2025,12:51:50,7066.46,0,0,0,0,0,0
SML250.BSE_IDX,01/07/2025,12:51:58,7066.05,0,0,0,0,0,0
SML250.BSE_IDX,01/07/2025,12:52:06,7066.16,0,0,0,0,0,0
SML250.BSE_IDX,01/07/2025,12:52:14,7066.38,0,0,0,0,0,0
SML250.BSE_IDX,01/07/2025,12:52:22,7066.26,0,0,0,0,0,0
SML250.BSE_IDX,01/07/2025,12:52:30,7066.23,0,0,0,0,0,0
SML250.BSE_IDX,01/07/2025,12:52:38,7066.09,0,0,0,0,0,0
SML250.BSE_IDX,01/07/2025,12:52:46,7065.88,0,0,0,0,0,0
SML250.BSE_IDX,01/07/2025,12:52:54,7065.6,0,0,0,0,0,0
SML250.BSE_IDX,01/07/2025,12:53:02,7065.72,0,0,0,0,0,0
SML250.BSE_IDX,01/07/2025,12:53:10,7065.68,0,0,0,0,0,0
SML250.BSE_IDX,01/07/2025,12:53:18,7065.98,0,0,0,0,0,0
SML250.BSE_IDX,01/07/2025,12:53:26,7065.96,0,0,0,0,0,0
SML250.BSE_IDX,01/07/2025,12:53:34,7065.83,0,0,0,0,0,0
SML250.BSE_IDX,01/07/2025,12:53:42,7065.87,0,0,0,0,0,0
SML250.BSE_IDX,01/07/2025,12:53:50,7065.88,0,0,0,0,0,0
SML250.BSE_IDX,01/07/2025,12:53:58,7065.95,0,0,0,0,0,0
SML250.BSE_IDX,01/07/2025,12:54:06,7065.91,0,0,0,0,0,0
SML250.BSE_IDX,01/07/2025,12:54:14,7065.92,0,0,0,0,0,0
SML250.BSE_IDX,01/07/2025,12:54:22,7065.56,0,0,0,0,0,0
SML250.BSE_IDX,01/07/2025,12:54:30,7065.65,0,0,0,0,0,0
SML250.BSE_IDX,01/07/2025,12:54:38,7065.24,0,0,0,0,0,0
SML250.BSE_IDX,01/07/2025,12:54:46,7065.23,0,0,0,0,0,0
SML250.BSE_IDX,01/07/2025,12:54:54,7064.95,0,0,0,0,0,0
SML250.BSE_IDX,01/07/2025,12:55:02,7065.19,0,0,0,0,0,0
SML250.BSE_IDX,01/07/2025,12:55:10,7065.41,0,0,0,0,0,0
SML250.BSE_IDX,01/07/2025,12:55:18,7065.24,0,0,0,0,0,0
SML250.BSE_IDX,01/07/2025,12:55:26,7065.48,0,0,0,0,0,0
SML250.BSE_IDX,01/07/2025,12:55:34,7065.54,0,0,0,0,0,0
SML250.BSE_IDX,01/07/2025,12:55:42,7065.37,0,0,0,0,0,0
SML250.BSE_IDX,01/07/2025,12:55:50,7065.38,0,0,0,0,0,0
SML250.BSE_IDX,01/07/2025,12:55:58,7064.96,0,0,0,0,0,0
SML250.BSE_IDX,01/07/2025,12:56:06,7065.17,0,0,0,0,0,0
SML250.BSE_IDX,01/07/2025,12:56:15,7065.31,0,0,0,0,0,0
SML250.BSE_IDX,01/07/2025,12:56:22,7065.16,0,0,0,0,0,0
SML250.BSE_IDX,01/07/2025,12:56:30,7065.25,0,0,0,0,0,0
SML250.BSE_IDX,01/07/2025,12:56:38,7065.26,0,0,0,0,0,0
SML250.BSE_IDX,01/07/2025,12:56:46,7064.96,0,0,0,0,0,0
SML250.BSE_IDX,01/07/2025,12:56:54,7064.8,0,0,0,0,0,0
SML250.BSE_IDX,01/07/2025,12:57:02,7064.37,0,0,0,0,0,0
SML250.BSE_IDX,01/07/2025,12:57:10,7064.07,0,0,0,0,0,0
SML250.BSE_IDX,01/07/2025,12:57:18,7064.26,0,0,0,0,0,0
SML250.BSE_IDX,01/07/2025,12:57:26,7064.09,0,0,0,0,0,0
SML250.BSE_IDX,01/07/2025,12:57:34,7064.04,0,0,0,0,0,0
SML250.BSE_IDX,01/07/2025,12:57:42,7064.14,0,0,0,0,0,0
SML250.BSE_IDX,01/07/2025,12:57:51,7063.79,0,0,0,0,0,0
SML250.BSE_IDX,01/07/2025,12:57:58,7063.96,0,0,0,0,0,0
SML250.BSE_IDX,01/07/2025,12:58:06,7063.83,0,0,0,0,0,0
SML250.BSE_IDX,01/07/2025,12:58:14,7063.65,0,0,0,0,0,0
SML250.BSE_IDX,01/07/2025,12:58:22,7063.66,0,0,0,0,0,0
