Ticker,Date,Time,LTP,BuyPrice,BuyQty,SellPrice,SellQty,LTQ,OpenInterest
SMLCAP.BSE_IDX,01/07/2025,09:00:07,54822.93,0,0,0,0,0,0
SMLCAP.BSE_IDX,01/07/2025,09:00:15,54712.01,0,0,0,0,0,0
SMLCAP.BSE_IDX,01/07/2025,09:00:23,54769.07,0,0,0,0,0,0
SMLCAP.BSE_IDX,01/07/2025,09:00:31,54810.64,0,0,0,0,0,0
SMLCAP.BSE_IDX,01/07/2025,09:00:39,54811.33,0,0,0,0,0,0
SMLCAP.BSE_IDX,01/07/2025,09:00:47,54821.49,0,0,0,0,0,0
SMLCAP.BSE_IDX,01/07/2025,09:00:55,54825.8,0,0,0,0,0,0
SMLCAP.BSE_IDX,01/07/2025,09:01:03,54854.09,0,0,0,0,0,0
SMLCAP.BSE_IDX,01/07/2025,09:01:11,54860.39,0,0,0,0,0,0
SMLCAP.BSE_IDX,01/07/2025,09:01:19,54863.62,0,0,0,0,0,0
SMLCAP.BSE_IDX,01/07/2025,09:01:27,54881.44,0,0,0,0,0,0
SMLCAP.BSE_IDX,01/07/2025,09:01:35,54838.49,0,0,0,0,0,0
SMLCAP.BSE_IDX,01/07/2025,09:01:43,54890.47,0,0,0,0,0,0
SMLCAP.BSE_IDX,01/07/2025,09:01:51,54855.48,0,0,0,0,0,0
SMLCAP.BSE_IDX,01/07/2025,09:01:59,54865.63,0,0,0,0,0,0
SMLCAP.BSE_IDX,01/07/2025,09:02:07,54862.3,0,0,0,0,0,0
SMLCAP.BSE_IDX,01/07/2025,09:02:15,54856.74,0,0,0,0,0,0
SMLCAP.BSE_IDX,01/07/2025,09:02:23,54848.21,0,0,0,0,0,0
SMLCAP.BSE_IDX,01/07/2025,09:02:31,54849.26,0,0,0,0,0,0
SMLCAP.BSE_IDX,01/07/2025,09:02:39,54878.16,0,0,0,0,0,0
SMLCAP.BSE_IDX,01/07/2025,09:02:47,54844.08,0,0,0,0,0,0
SMLCAP.BSE_IDX,01/07/2025,09:02:55,54841.9,0,0,0,0,0,0
SMLCAP.BSE_IDX,01/07/2025,09:03:03,54846.21,0,0,0,0,0,0
SMLCAP.BSE_IDX,01/07/2025,09:03:11,54845.54,0,0,0,0,0,0
SMLCAP.BSE_IDX,01/07/2025,09:03:19,54849.59,0,0,0,0,0,0
SMLCAP.BSE_IDX,01/07/2025,09:03:27,54853.37,0,0,0,0,0,0
SMLCAP.BSE_IDX,01/07/2025,09:03:35,54850.86,0,0,0,0,0,0
SMLCAP.BSE_IDX,01/07/2025,09:03:43,54844.03,0,0,0,0,0,0
SMLCAP.BSE_IDX,01/07/2025,09:03:51,54838.54,0,0,0,0,0,0
SMLCAP.BSE_IDX,01/07/2025,09:03:59,54848.67,0,0,0,0,0,0
SMLCAP.BSE_IDX,01/07/2025,09:04:07,54824.28,0,0,0,0,0,0
SMLCAP.BSE_IDX,01/07/2025,09:04:15,54844.81,0,0,0,0,0,0
SMLCAP.BSE_IDX,01/07/2025,09:04:23,54843.31,0,0,0,0,0,0
SMLCAP.BSE_IDX,01/07/2025,09:04:31,54848.63,0,0,0,0,0,0
SMLCAP.BSE_IDX,01/07/2025,09:04:39,54846.42,0,0,0,0,0,0
SMLCAP.BSE_IDX,01/07/2025,09:04:47,54847.56,0,0,0,0,0,0
SMLCAP.BSE_IDX,01/07/2025,09:04:55,54845.98,0,0,0,0,0,0
SMLCAP.BSE_IDX,01/07/2025,09:05:03,54842.74,0,0,0,0,0,0
SMLCAP.BSE_IDX,01/07/2025,09:05:11,54861.12,0,0,0,0,0,0
SMLCAP.BSE_IDX,01/07/2025,09:05:19,54834.38,0,0,0,0,0,0
SMLCAP.BSE_IDX,01/07/2025,09:05:27,54850.82,0,0,0,0,0,0
SMLCAP.BSE_IDX,01/07/2025,09:05:35,54837.74,0,0,0,0,0,0
SMLCAP.BSE_IDX,01/07/2025,09:05:43,54839.32,0,0,0,0,0,0
SMLCAP.BSE_IDX,01/07/2025,09:05:51,54861.64,0,0,0,0,0,0
SMLCAP.BSE_IDX,01/07/2025,09:05:59,54854.56,0,0,0,0,0,0
SMLCAP.BSE_IDX,01/07/2025,09:06:07,54848.32,0,0,0,0,0,0
SMLCAP.BSE_IDX,01/07/2025,09:06:15,54818.9,0,0,0,0,0,0
SMLCAP.BSE_IDX,01/07/2025,09:06:23,54817.48,0,0,0,0,0,0
SMLCAP.BSE_IDX,01/07/2025,09:06:31,54840.45,0,0,0,0,0,0
SMLCAP.BSE_IDX,01/07/2025,09:06:39,54841.21,0,0,0,0,0,0
SMLCAP.BSE_IDX,01/07/2025,09:06:47,54841.08,0,0,0,0,0,0
SMLCAP.BSE_IDX,01/07/2025,09:06:55,54863.46,0,0,0,0,0,0
SMLCAP.BSE_IDX,01/07/2025,09:07:04,54859.64,0,0,0,0,0,0
SMLCAP.BSE_IDX,01/07/2025,09:07:11,54859.64,0,0,0,0,0,0
SMLCAP.BSE_IDX,01/07/2025,09:07:19,54859.64,0,0,0,0,0,0
SMLCAP.BSE_IDX,01/07/2025,09:07:27,54859.64,0,0,0,0,0,0
SMLCAP.BSE_IDX,01/07/2025,09:07:35,54859.64,0,0,0,0,0,0
SMLCAP.BSE_IDX,01/07/2025,09:07:43,54859.64,0,0,0,0,0,0
SMLCAP.BSE_IDX,01/07/2025,09:07:51,54859.64,0,0,0,0,0,0
SMLCAP.BSE_IDX,01/07/2025,09:07:59,54859.64,0,0,0,0,0,0
SMLCAP.BSE_IDX,01/07/2025,09:08:07,54859.64,0,0,0,0,0,0
SMLCAP.BSE_IDX,01/07/2025,09:08:15,54859.64,0,0,0,0,0,0
SMLCAP.BSE_IDX,01/07/2025,09:08:23,54859.64,0,0,0,0,0,0
SMLCAP.BSE_IDX,01/07/2025,09:08:31,54859.64,0,0,0,0,0,0
SMLCAP.BSE_IDX,01/07/2025,09:08:39,54859.64,0,0,0,0,0,0
SMLCAP.BSE_IDX,01/07/2025,09:08:47,54859.64,0,0,0,0,0,0
SMLCAP.BSE_IDX,01/07/2025,09:08:55,54859.64,0,0,0,0,0,0
SMLCAP.BSE_IDX,01/07/2025,09:09:03,54857.09,0,0,0,0,0,0
SMLCAP.BSE_IDX,01/07/2025,09:09:11,54857.09,0,0,0,0,0,0
SMLCAP.BSE_IDX,01/07/2025,09:09:19,54857.09,0,0,0,0,0,0
SMLCAP.BSE_IDX,01/07/2025,09:09:27,54857.09,0,0,0,0,0,0
SMLCAP.BSE_IDX,01/07/2025,09:09:35,54857.09,0,0,0,0,0,0
SMLCAP.BSE_IDX,01/07/2025,09:09:43,54857.09,0,0,0,0,0,0
SMLCAP.BSE_IDX,01/07/2025,09:09:51,54857.09,0,0,0,0,0,0
SMLCAP.BSE_IDX,01/07/2025,09:09:59,54857.09,0,0,0,0,0,0
SMLCAP.BSE_IDX,01/07/2025,09:10:07,54857.09,0,0,0,0,0,0
SMLCAP.BSE_IDX,01/07/2025,09:10:15,54857.09,0,0,0,0,0,0
SMLCAP.BSE_IDX,01/07/2025,09:10:23,54857.09,0,0,0,0,0,0
SMLCAP.BSE_IDX,01/07/2025,09:10:31,54857.09,0,0,0,0,0,0
SMLCAP.BSE_IDX,01/07/2025,09:10:39,54857.09,0,0,0,0,0,0
SMLCAP.BSE_IDX,01/07/2025,09:10:47,54857.09,0,0,0,0,0,0
SMLCAP.BSE_IDX,01/07/2025,09:10:55,54857.09,0,0,0,0,0,0
SMLCAP.BSE_IDX,01/07/2025,09:11:03,54857.09,0,0,0,0,0,0
SMLCAP.BSE_IDX,01/07/2025,09:11:11,54857.09,0,0,0,0,0,0
SMLCAP.BSE_IDX,01/07/2025,09:11:19,54857.09,0,0,0,0,0,0
SMLCAP.BSE_IDX,01/07/2025,09:11:27,54857.09,0,0,0,0,0,0
SMLCAP.BSE_IDX,01/07/2025,09:11:35,54857.09,0,0,0,0,0,0
SMLCAP.BSE_IDX,01/07/2025,09:11:43,54857.09,0,0,0,0,0,0
SMLCAP.BSE_IDX,01/07/2025,09:11:51,54857.09,0,0,0,0,0,0
SMLCAP.BSE_IDX,01/07/2025,09:11:59,54857.09,0,0,0,0,0,0
SMLCAP.BSE_IDX,01/07/2025,09:12:07,54857.09,0,0,0,0,0,0
SMLCAP.BSE_IDX,01/07/2025,09:12:16,54857.09,0,0,0,0,0,0
SMLCAP.BSE_IDX,01/07/2025,09:12:23,54857.09,0,0,0,0,0,0
SMLCAP.BSE_IDX,01/07/2025,09:12:31,54857.09,0,0,0,0,0,0
SMLCAP.BSE_IDX,01/07/2025,09:12:39,54857.09,0,0,0,0,0,0
SMLCAP.BSE_IDX,01/07/2025,09:12:47,54857.09,0,0,0,0,0,0
SMLCAP.BSE_IDX,01/07/2025,09:12:55,54857.09,0,0,0,0,0,0
SMLCAP.BSE_IDX,01/07/2025,09:13:03,54857.09,0,0,0,0,0,0
SMLCAP.BSE_IDX,01/07/2025,09:13:11,54857.09,0,0,0,0,0,0
SMLCAP.BSE_IDX,01/07/2025,09:13:19,54857.09,0,0,0,0,0,0
SMLCAP.BSE_IDX,01/07/2025,09:13:27,54857.09,0,0,0,0,0,0
SMLCAP.BSE_IDX,01/07/2025,09:13:35,54857.09,0,0,0,0,0,0
SMLCAP.BSE_IDX,01/07/2025,09:13:43,54857.09,0,0,0,0,0,0
SMLCAP.BSE_IDX,01/07/2025,09:13:51,54857.09,0,0,0,0,0,0
SMLCAP.BSE_IDX,01/07/2025,09:13:59,54857.09,0,0,0,0,0,0
SMLCAP.BSE_IDX,01/07/2025,09:14:07,54857.09,0,0,0,0,0,0
SMLCAP.BSE_IDX,01/07/2025,09:14:15,54857.09,0,0,0,0,0,0
SMLCAP.BSE_IDX,01/07/2025,09:14:23,54857.09,0,0,0,0,0,0
SMLCAP.BSE_IDX,01/07/2025,09:14:31,54857.09,0,0,0,0,0,0
SMLCAP.BSE_IDX,01/07/2025,09:14:39,54857.09,0,0,0,0,0,0
SMLCAP.BSE_IDX,01/07/2025,09:14:47,54857.09,0,0,0,0,0,0
SMLCAP.BSE_IDX,01/07/2025,09:14:55,54857.09,0,0,0,0,0,0
SMLCAP.BSE_IDX,01/07/2025,09:15:04,54883.62,0,0,0,0,0,0
SMLCAP.BSE_IDX,01/07/2025,09:15:11,54864.1,0,0,0,0,0,0
SMLCAP.BSE_IDX,01/07/2025,09:15:19,54843.53,0,0,0,0,0,0
SMLCAP.BSE_IDX,01/07/2025,09:15:27,54815.61,0,0,0,0,0,0
SMLCAP.BSE_IDX,01/07/2025,09:15:35,54812.67,0,0,0,0,0,0
SMLCAP.BSE_IDX,01/07/2025,09:15:43,54832.42,0,0,0,0,0,0
SMLCAP.BSE_IDX,01/07/2025,09:15:51,54829.38,0,0,0,0,0,0
SMLCAP.BSE_IDX,01/07/2025,09:15:59,54841.03,0,0,0,0,0,0
SMLCAP.BSE_IDX,01/07/2025,09:16:07,54827.65,0,0,0,0,0,0
SMLCAP.BSE_IDX,01/07/2025,09:16:15,54846.61,0,0,0,0,0,0
SMLCAP.BSE_IDX,01/07/2025,09:16:24,54854.45,0,0,0,0,0,0
SMLCAP.BSE_IDX,01/07/2025,09:16:31,54847.99,0,0,0,0,0,0
SMLCAP.BSE_IDX,01/07/2025,09:16:39,54857.75,0,0,0,0,0,0
SMLCAP.BSE_IDX,01/07/2025,09:16:48,54866.86,0,0,0,0,0,0
SMLCAP.BSE_IDX,01/07/2025,09:16:55,54869.4,0,0,0,0,0,0
SMLCAP.BSE_IDX,01/07/2025,09:17:03,54864.49,0,0,0,0,0,0
SMLCAP.BSE_IDX,01/07/2025,09:17:12,54865,0,0,0,0,0,0
SMLCAP.BSE_IDX,01/07/2025,09:17:19,54860.41,0,0,0,0,0,0
SMLCAP.BSE_IDX,01/07/2025,09:17:27,54854.53,0,0,0,0,0,0
SMLCAP.BSE_IDX,01/07/2025,09:17:35,54854.76,0,0,0,0,0,0
SMLCAP.BSE_IDX,01/07/2025,09:17:44,54853.09,0,0,0,0,0,0
SMLCAP.BSE_IDX,01/07/2025,09:17:51,54846.9,0,0,0,0,0,0
SMLCAP.BSE_IDX,01/07/2025,09:17:59,54847.99,0,0,0,0,0,0
SMLCAP.BSE_IDX,01/07/2025,09:18:07,54846.79,0,0,0,0,0,0
SMLCAP.BSE_IDX,01/07/2025,09:18:15,54836.94,0,0,0,0,0,0
SMLCAP.BSE_IDX,01/07/2025,09:18:23,54841.47,0,0,0,0,0,0
SMLCAP.BSE_IDX,01/07/2025,09:18:31,54841.25,0,0,0,0,0,0
SMLCAP.BSE_IDX,01/07/2025,09:18:39,54849.64,0,0,0,0,0,0
SMLCAP.BSE_IDX,01/07/2025,09:18:47,54856.11,0,0,0,0,0,0
SMLCAP.BSE_IDX,01/07/2025,09:18:56,54861.04,0,0,0,0,0,0
SMLCAP.BSE_IDX,01/07/2025,09:19:03,54862.36,0,0,0,0,0,0
SMLCAP.BSE_IDX,01/07/2025,09:19:11,54856.04,0,0,0,0,0,0
SMLCAP.BSE_IDX,01/07/2025,09:19:19,54864.49,0,0,0,0,0,0
SMLCAP.BSE_IDX,01/07/2025,09:19:28,54863.18,0,0,0,0,0,0
SMLCAP.BSE_IDX,01/07/2025,09:19:35,54863.39,0,0,0,0,0,0
SMLCAP.BSE_IDX,01/07/2025,09:19:43,54857.33,0,0,0,0,0,0
SMLCAP.BSE_IDX,01/07/2025,09:19:52,54853.33,0,0,0,0,0,0
SMLCAP.BSE_IDX,01/07/2025,09:19:59,54857.51,0,0,0,0,0,0
SMLCAP.BSE_IDX,01/07/2025,09:20:07,54862.66,0,0,0,0,0,0
SMLCAP.BSE_IDX,01/07/2025,09:20:15,54863.71,0,0,0,0,0,0
SMLCAP.BSE_IDX,01/07/2025,09:20:24,54850.74,0,0,0,0,0,0
SMLCAP.BSE_IDX,01/07/2025,09:20:31,54843.57,0,0,0,0,0,0
SMLCAP.BSE_IDX,01/07/2025,09:20:39,54843.02,0,0,0,0,0,0
SMLCAP.BSE_IDX,01/07/2025,09:20:47,54844.87,0,0,0,0,0,0
SMLCAP.BSE_IDX,01/07/2025,09:20:55,54842.37,0,0,0,0,0,0
SMLCAP.BSE_IDX,01/07/2025,09:21:03,54848.43,0,0,0,0,0,0
SMLCAP.BSE_IDX,01/07/2025,09:21:11,54845.95,0,0,0,0,0,0
SMLCAP.BSE_IDX,01/07/2025,09:21:19,54851.07,0,0,0,0,0,0
SMLCAP.BSE_IDX,01/07/2025,09:21:27,54846.99,0,0,0,0,0,0
SMLCAP.BSE_IDX,01/07/2025,09:21:36,54847.86,0,0,0,0,0,0
SMLCAP.BSE_IDX,01/07/2025,09:21:43,54846.55,0,0,0,0,0,0
SMLCAP.BSE_IDX,01/07/2025,09:21:51,54854,0,0,0,0,0,0
SMLCAP.BSE_IDX,01/07/2025,09:21:59,54855.17,0,0,0,0,0,0
SMLCAP.BSE_IDX,01/07/2025,09:22:07,54856.56,0,0,0,0,0,0
SMLCAP.BSE_IDX,01/07/2025,09:22:15,54856.61,0,0,0,0,0,0
SMLCAP.BSE_IDX,01/07/2025,09:22:23,54858.13,0,0,0,0,0,0
SMLCAP.BSE_IDX,01/07/2025,09:22:31,54860.33,0,0,0,0,0,0
SMLCAP.BSE_IDX,01/07/2025,09:22:39,54863.46,0,0,0,0,0,0
SMLCAP.BSE_IDX,01/07/2025,09:22:47,54865.47,0,0,0,0,0,0
SMLCAP.BSE_IDX,01/07/2025,09:22:55,54866.56,0,0,0,0,0,0
SMLCAP.BSE_IDX,01/07/2025,09:23:03,54872.88,0,0,0,0,0,0
SMLCAP.BSE_IDX,01/07/2025,09:23:11,54871.48,0,0,0,0,0,0
SMLCAP.BSE_IDX,01/07/2025,09:23:19,54871.81,0,0,0,0,0,0
SMLCAP.BSE_IDX,01/07/2025,09:23:27,54870.32,0,0,0,0,0,0
SMLCAP.BSE_IDX,01/07/2025,09:23:35,54869.07,0,0,0,0,0,0
SMLCAP.BSE_IDX,01/07/2025,09:23:44,54867.95,0,0,0,0,0,0
SMLCAP.BSE_IDX,01/07/2025,09:23:51,54866.66,0,0,0,0,0,0
SMLCAP.BSE_IDX,01/07/2025,09:23:59,54862.51,0,0,0,0,0,0
SMLCAP.BSE_IDX,01/07/2025,09:24:08,54861,0,0,0,0,0,0
SMLCAP.BSE_IDX,01/07/2025,09:24:15,54859.66,0,0,0,0,0,0
SMLCAP.BSE_IDX,01/07/2025,09:24:23,54851.74,0,0,0,0,0,0
SMLCAP.BSE_IDX,01/07/2025,09:24:32,54852.32,0,0,0,0,0,0
SMLCAP.BSE_IDX,01/07/2025,09:24:39,54852.6,0,0,0,0,0,0
SMLCAP.BSE_IDX,01/07/2025,09:24:48,54850.56,0,0,0,0,0,0
SMLCAP.BSE_IDX,01/07/2025,09:24:57,54845.91,0,0,0,0,0,0
SMLCAP.BSE_IDX,01/07/2025,09:25:03,54841.5,0,0,0,0,0,0
SMLCAP.BSE_IDX,01/07/2025,09:25:12,54833.87,0,0,0,0,0,0
SMLCAP.BSE_IDX,01/07/2025,09:25:19,54831.66,0,0,0,0,0,0
SMLCAP.BSE_IDX,01/07/2025,09:25:29,54828.35,0,0,0,0,0,0
SMLCAP.BSE_IDX,01/07/2025,09:25:35,54826.48,0,0,0,0,0,0
SMLCAP.BSE_IDX,01/07/2025,09:25:43,54823.7,0,0,0,0,0,0
SMLCAP.BSE_IDX,01/07/2025,09:25:51,54813.18,0,0,0,0,0,0
SMLCAP.BSE_IDX,01/07/2025,09:25:59,54802.59,0,0,0,0,0,0
SMLCAP.BSE_IDX,01/07/2025,09:26:08,54796.63,0,0,0,0,0,0
SMLCAP.BSE_IDX,01/07/2025,09:26:15,54792.02,0,0,0,0,0,0
SMLCAP.BSE_IDX,01/07/2025,09:26:23,54785.6,0,0,0,0,0,0
SMLCAP.BSE_IDX,01/07/2025,09:26:31,54788.11,0,0,0,0,0,0
SMLCAP.BSE_IDX,01/07/2025,09:26:39,54789.22,0,0,0,0,0,0
SMLCAP.BSE_IDX,01/07/2025,09:26:48,54792.47,0,0,0,0,0,0
SMLCAP.BSE_IDX,01/07/2025,09:26:55,54798.08,0,0,0,0,0,0
SMLCAP.BSE_IDX,01/07/2025,09:27:04,54799.76,0,0,0,0,0,0
SMLCAP.BSE_IDX,01/07/2025,09:27:12,54795.57,0,0,0,0,0,0
SMLCAP.BSE_IDX,01/07/2025,09:27:19,54800.14,0,0,0,0,0,0
SMLCAP.BSE_IDX,01/07/2025,09:27:28,54798.39,0,0,0,0,0,0
SMLCAP.BSE_IDX,01/07/2025,09:27:36,54799.97,0,0,0,0,0,0
SMLCAP.BSE_IDX,01/07/2025,09:27:44,54794.37,0,0,0,0,0,0
SMLCAP.BSE_IDX,01/07/2025,09:27:51,54793.68,0,0,0,0,0,0
SMLCAP.BSE_IDX,01/07/2025,09:28:00,54795.77,0,0,0,0,0,0
SMLCAP.BSE_IDX,01/07/2025,09:28:08,54789.53,0,0,0,0,0,0
SMLCAP.BSE_IDX,01/07/2025,09:28:16,54771.33,0,0,0,0,0,0
SMLCAP.BSE_IDX,01/07/2025,09:28:24,54760.21,0,0,0,0,0,0
SMLCAP.BSE_IDX,01/07/2025,09:28:32,54756.41,0,0,0,0,0,0
SMLCAP.BSE_IDX,01/07/2025,09:28:40,54758.89,0,0,0,0,0,0
SMLCAP.BSE_IDX,01/07/2025,09:28:48,54760.11,0,0,0,0,0,0
SMLCAP.BSE_IDX,01/07/2025,09:28:56,54763.12,0,0,0,0,0,0
SMLCAP.BSE_IDX,01/07/2025,09:29:04,54762.26,0,0,0,0,0,0
SMLCAP.BSE_IDX,01/07/2025,09:29:12,54760.22,0,0,0,0,0,0
SMLCAP.BSE_IDX,01/07/2025,09:29:20,54755.95,0,0,0,0,0,0
SMLCAP.BSE_IDX,01/07/2025,09:29:28,54751.21,0,0,0,0,0,0
SMLCAP.BSE_IDX,01/07/2025,09:29:36,54750.9,0,0,0,0,0,0
SMLCAP.BSE_IDX,01/07/2025,09:29:44,54755.3,0,0,0,0,0,0
SMLCAP.BSE_IDX,01/07/2025,09:29:52,54752.17,0,0,0,0,0,0
SMLCAP.BSE_IDX,01/07/2025,09:30:00,54753.08,0,0,0,0,0,0
SMLCAP.BSE_IDX,01/07/2025,09:30:08,54758.83,0,0,0,0,0,0
SMLCAP.BSE_IDX,01/07/2025,09:30:16,54761.59,0,0,0,0,0,0
SMLCAP.BSE_IDX,01/07/2025,09:30:24,54771.38,0,0,0,0,0,0
SMLCAP.BSE_IDX,01/07/2025,09:30:32,54776.72,0,0,0,0,0,0
SMLCAP.BSE_IDX,01/07/2025,09:30:40,54775.84,0,0,0,0,0,0
SMLCAP.BSE_IDX,01/07/2025,09:30:48,54777.59,0,0,0,0,0,0
SMLCAP.BSE_IDX,01/07/2025,09:30:56,54764.41,0,0,0,0,0,0
SMLCAP.BSE_IDX,01/07/2025,09:31:04,54755.12,0,0,0,0,0,0
SMLCAP.BSE_IDX,01/07/2025,09:31:12,54748.7,0,0,0,0,0,0
SMLCAP.BSE_IDX,01/07/2025,09:31:20,54740.66,0,0,0,0,0,0
SMLCAP.BSE_IDX,01/07/2025,09:31:28,54739.04,0,0,0,0,0,0
SMLCAP.BSE_IDX,01/07/2025,09:31:36,54740.59,0,0,0,0,0,0
SMLCAP.BSE_IDX,01/07/2025,09:31:44,54733.19,0,0,0,0,0,0
SMLCAP.BSE_IDX,01/07/2025,09:31:52,54730.32,0,0,0,0,0,0
SMLCAP.BSE_IDX,01/07/2025,09:32:00,54730.39,0,0,0,0,0,0
SMLCAP.BSE_IDX,01/07/2025,09:32:08,54731.11,0,0,0,0,0,0
SMLCAP.BSE_IDX,01/07/2025,09:32:16,54731.52,0,0,0,0,0,0
SMLCAP.BSE_IDX,01/07/2025,09:32:24,54730.55,0,0,0,0,0,0
SMLCAP.BSE_IDX,01/07/2025,09:32:32,54734.17,0,0,0,0,0,0
SMLCAP.BSE_IDX,01/07/2025,09:32:40,54735.47,0,0,0,0,0,0
SMLCAP.BSE_IDX,01/07/2025,09:32:48,54738.41,0,0,0,0,0,0
SMLCAP.BSE_IDX,01/07/2025,09:32:56,54742.54,0,0,0,0,0,0
SMLCAP.BSE_IDX,01/07/2025,09:33:04,54744.2,0,0,0,0,0,0
SMLCAP.BSE_IDX,01/07/2025,09:33:12,54747.62,0,0,0,0,0,0
SMLCAP.BSE_IDX,01/07/2025,09:33:20,54750.26,0,0,0,0,0,0
SMLCAP.BSE_IDX,01/07/2025,09:33:28,54755.58,0,0,0,0,0,0
SMLCAP.BSE_IDX,01/07/2025,09:33:36,54756.07,0,0,0,0,0,0
SMLCAP.BSE_IDX,01/07/2025,09:33:44,54760.32,0,0,0,0,0,0
SMLCAP.BSE_IDX,01/07/2025,09:33:52,54764.57,0,0,0,0,0,0
SMLCAP.BSE_IDX,01/07/2025,09:34:00,54764.45,0,0,0,0,0,0
SMLCAP.BSE_IDX,01/07/2025,09:34:08,54765.25,0,0,0,0,0,0
SMLCAP.BSE_IDX,01/07/2025,09:34:16,54763.24,0,0,0,0,0,0
SMLCAP.BSE_IDX,01/07/2025,09:34:24,54763.64,0,0,0,0,0,0
SMLCAP.BSE_IDX,01/07/2025,09:34:32,54770.99,0,0,0,0,0,0
SMLCAP.BSE_IDX,01/07/2025,09:34:40,54776.34,0,0,0,0,0,0
SMLCAP.BSE_IDX,01/07/2025,09:34:48,54775.2,0,0,0,0,0,0
SMLCAP.BSE_IDX,01/07/2025,09:34:56,54777.31,0,0,0,0,0,0
SMLCAP.BSE_IDX,01/07/2025,09:35:05,54776.34,0,0,0,0,0,0
SMLCAP.BSE_IDX,01/07/2025,09:35:12,54771.59,0,0,0,0,0,0
SMLCAP.BSE_IDX,01/07/2025,09:35:20,54776.16,0,0,0,0,0,0
SMLCAP.BSE_IDX,01/07/2025,09:35:28,54777.87,0,0,0,0,0,0
SMLCAP.BSE_IDX,01/07/2025,09:35:36,54780.32,0,0,0,0,0,0
SMLCAP.BSE_IDX,01/07/2025,09:35:44,54778.11,0,0,0,0,0,0
SMLCAP.BSE_IDX,01/07/2025,09:35:52,54776.88,0,0,0,0,0,0
SMLCAP.BSE_IDX,01/07/2025,09:36:00,54779.1,0,0,0,0,0,0
SMLCAP.BSE_IDX,01/07/2025,09:36:08,54777.24,0,0,0,0,0,0
SMLCAP.BSE_IDX,01/07/2025,09:36:16,54774.08,0,0,0,0,0,0
SMLCAP.BSE_IDX,01/07/2025,09:36:24,54774.59,0,0,0,0,0,0
SMLCAP.BSE_IDX,01/07/2025,09:36:33,54775.4,0,0,0,0,0,0
SMLCAP.BSE_IDX,01/07/2025,09:36:40,54771.17,0,0,0,0,0,0
SMLCAP.BSE_IDX,01/07/2025,09:36:48,54773.14,0,0,0,0,0,0
SMLCAP.BSE_IDX,01/07/2025,09:36:56,54770.08,0,0,0,0,0,0
SMLCAP.BSE_IDX,01/07/2025,09:37:04,54774.19,0,0,0,0,0,0
SMLCAP.BSE_IDX,01/07/2025,09:37:12,54774.3,0,0,0,0,0,0
SMLCAP.BSE_IDX,01/07/2025,09:37:20,54774.88,0,0,0,0,0,0
SMLCAP.BSE_IDX,01/07/2025,09:37:28,54777.5,0,0,0,0,0,0
SMLCAP.BSE_IDX,01/07/2025,09:37:36,54780.62,0,0,0,0,0,0
SMLCAP.BSE_IDX,01/07/2025,09:37:44,54776.15,0,0,0,0,0,0
SMLCAP.BSE_IDX,01/07/2025,09:37:52,54777.9,0,0,0,0,0,0
SMLCAP.BSE_IDX,01/07/2025,09:38:00,54777.82,0,0,0,0,0,0
SMLCAP.BSE_IDX,01/07/2025,09:38:08,54774.01,0,0,0,0,0,0
SMLCAP.BSE_IDX,01/07/2025,09:38:16,54771.98,0,0,0,0,0,0
SMLCAP.BSE_IDX,01/07/2025,09:38:24,54771.61,0,0,0,0,0,0
SMLCAP.BSE_IDX,01/07/2025,09:38:32,54766.36,0,0,0,0,0,0
SMLCAP.BSE_IDX,01/07/2025,09:38:40,54760.25,0,0,0,0,0,0
SMLCAP.BSE_IDX,01/07/2025,09:38:48,54756.46,0,0,0,0,0,0
SMLCAP.BSE_IDX,01/07/2025,09:38:56,54749.65,0,0,0,0,0,0
SMLCAP.BSE_IDX,01/07/2025,09:39:04,54746.66,0,0,0,0,0,0
SMLCAP.BSE_IDX,01/07/2025,09:39:12,54750.67,0,0,0,0,0,0
SMLCAP.BSE_IDX,01/07/2025,09:39:20,54752.62,0,0,0,0,0,0
SMLCAP.BSE_IDX,01/07/2025,09:39:28,54750.81,0,0,0,0,0,0
SMLCAP.BSE_IDX,01/07/2025,09:39:36,54751.05,0,0,0,0,0,0
SMLCAP.BSE_IDX,01/07/2025,09:39:44,54748.73,0,0,0,0,0,0
SMLCAP.BSE_IDX,01/07/2025,09:39:52,54748.29,0,0,0,0,0,0
SMLCAP.BSE_IDX,01/07/2025,09:40:00,54748.5,0,0,0,0,0,0
SMLCAP.BSE_IDX,01/07/2025,09:40:08,54748.41,0,0,0,0,0,0
SMLCAP.BSE_IDX,01/07/2025,09:40:16,54749.53,0,0,0,0,0,0
SMLCAP.BSE_IDX,01/07/2025,09:40:24,54746.21,0,0,0,0,0,0
SMLCAP.BSE_IDX,01/07/2025,09:40:32,54743.05,0,0,0,0,0,0
SMLCAP.BSE_IDX,01/07/2025,09:40:40,54740.11,0,0,0,0,0,0
SMLCAP.BSE_IDX,01/07/2025,09:40:48,54741.31,0,0,0,0,0,0
SMLCAP.BSE_IDX,01/07/2025,09:40:56,54737.13,0,0,0,0,0,0
SMLCAP.BSE_IDX,01/07/2025,09:41:04,54728.17,0,0,0,0,0,0
SMLCAP.BSE_IDX,01/07/2025,09:41:12,54725.94,0,0,0,0,0,0
SMLCAP.BSE_IDX,01/07/2025,09:41:20,54728,0,0,0,0,0,0
SMLCAP.BSE_IDX,01/07/2025,09:41:28,54728.93,0,0,0,0,0,0
SMLCAP.BSE_IDX,01/07/2025,09:41:36,54730.44,0,0,0,0,0,0
SMLCAP.BSE_IDX,01/07/2025,09:41:44,54726.41,0,0,0,0,0,0
SMLCAP.BSE_IDX,01/07/2025,09:41:52,54727.54,0,0,0,0,0,0
SMLCAP.BSE_IDX,01/07/2025,09:42:00,54729.22,0,0,0,0,0,0
SMLCAP.BSE_IDX,01/07/2025,09:42:08,54727.7,0,0,0,0,0,0
SMLCAP.BSE_IDX,01/07/2025,09:42:16,54723.74,0,0,0,0,0,0
SMLCAP.BSE_IDX,01/07/2025,09:42:24,54721.95,0,0,0,0,0,0
SMLCAP.BSE_IDX,01/07/2025,09:42:32,54724.12,0,0,0,0,0,0
SMLCAP.BSE_IDX,01/07/2025,09:42:40,54720.85,0,0,0,0,0,0
SMLCAP.BSE_IDX,01/07/2025,09:42:48,54721.48,0,0,0,0,0,0
SMLCAP.BSE_IDX,01/07/2025,09:42:56,54723.3,0,0,0,0,0,0
SMLCAP.BSE_IDX,01/07/2025,09:43:04,54724.03,0,0,0,0,0,0
SMLCAP.BSE_IDX,01/07/2025,09:43:12,54721.36,0,0,0,0,0,0
SMLCAP.BSE_IDX,01/07/2025,09:43:20,54720.32,0,0,0,0,0,0
SMLCAP.BSE_IDX,01/07/2025,09:43:28,54719.85,0,0,0,0,0,0
SMLCAP.BSE_IDX,01/07/2025,09:43:36,54720.03,0,0,0,0,0,0
SMLCAP.BSE_IDX,01/07/2025,09:43:44,54720.63,0,0,0,0,0,0
SMLCAP.BSE_IDX,01/07/2025,09:43:53,54719.39,0,0,0,0,0,0
SMLCAP.BSE_IDX,01/07/2025,09:44:00,54718.72,0,0,0,0,0,0
SMLCAP.BSE_IDX,01/07/2025,09:44:08,54720.85,0,0,0,0,0,0
SMLCAP.BSE_IDX,01/07/2025,09:44:16,54719.55,0,0,0,0,0,0
SMLCAP.BSE_IDX,01/07/2025,09:44:24,54720.69,0,0,0,0,0,0
SMLCAP.BSE_IDX,01/07/2025,09:44:32,54721.57,0,0,0,0,0,0
SMLCAP.BSE_IDX,01/07/2025,09:44:40,54721.45,0,0,0,0,0,0
SMLCAP.BSE_IDX,01/07/2025,09:44:48,54715.75,0,0,0,0,0,0
SMLCAP.BSE_IDX,01/07/2025,09:44:56,54712.51,0,0,0,0,0,0
SMLCAP.BSE_IDX,01/07/2025,09:45:05,54708.82,0,0,0,0,0,0
SMLCAP.BSE_IDX,01/07/2025,09:45:12,54705.53,0,0,0,0,0,0
SMLCAP.BSE_IDX,01/07/2025,09:45:20,54703.07,0,0,0,0,0,0
SMLCAP.BSE_IDX,01/07/2025,09:45:28,54705.14,0,0,0,0,0,0
SMLCAP.BSE_IDX,01/07/2025,09:45:36,54700.92,0,0,0,0,0,0
SMLCAP.BSE_IDX,01/07/2025,09:45:44,54698.14,0,0,0,0,0,0
SMLCAP.BSE_IDX,01/07/2025,09:45:52,54699.23,0,0,0,0,0,0
SMLCAP.BSE_IDX,01/07/2025,09:46:01,54696.19,0,0,0,0,0,0
SMLCAP.BSE_IDX,01/07/2025,09:46:08,54689.02,0,0,0,0,0,0
SMLCAP.BSE_IDX,01/07/2025,09:46:16,54687.88,0,0,0,0,0,0
SMLCAP.BSE_IDX,01/07/2025,09:46:24,54692.21,0,0,0,0,0,0
SMLCAP.BSE_IDX,01/07/2025,09:46:32,54692.98,0,0,0,0,0,0
SMLCAP.BSE_IDX,01/07/2025,09:46:40,54693.37,0,0,0,0,0,0
SMLCAP.BSE_IDX,01/07/2025,09:46:48,54693.68,0,0,0,0,0,0
SMLCAP.BSE_IDX,01/07/2025,09:46:56,54695.3,0,0,0,0,0,0
SMLCAP.BSE_IDX,01/07/2025,09:47:04,54696.95,0,0,0,0,0,0
SMLCAP.BSE_IDX,01/07/2025,09:47:12,54697.09,0,0,0,0,0,0
SMLCAP.BSE_IDX,01/07/2025,09:47:20,54696.56,0,0,0,0,0,0
SMLCAP.BSE_IDX,01/07/2025,09:47:28,54696.29,0,0,0,0,0,0
SMLCAP.BSE_IDX,01/07/2025,09:47:36,54693.55,0,0,0,0,0,0
SMLCAP.BSE_IDX,01/07/2025,09:47:44,54690.94,0,0,0,0,0,0
SMLCAP.BSE_IDX,01/07/2025,09:47:52,54694.68,0,0,0,0,0,0
SMLCAP.BSE_IDX,01/07/2025,09:48:00,54699.06,0,0,0,0,0,0
SMLCAP.BSE_IDX,01/07/2025,09:48:08,54702.86,0,0,0,0,0,0
SMLCAP.BSE_IDX,01/07/2025,09:48:16,54704.7,0,0,0,0,0,0
SMLCAP.BSE_IDX,01/07/2025,09:48:24,54709.07,0,0,0,0,0,0
SMLCAP.BSE_IDX,01/07/2025,09:48:32,54708.85,0,0,0,0,0,0
SMLCAP.BSE_IDX,01/07/2025,09:48:40,54711.41,0,0,0,0,0,0
SMLCAP.BSE_IDX,01/07/2025,09:48:48,54713.97,0,0,0,0,0,0
SMLCAP.BSE_IDX,01/07/2025,09:48:56,54715.27,0,0,0,0,0,0
SMLCAP.BSE_IDX,01/07/2025,09:49:04,54717.21,0,0,0,0,0,0
SMLCAP.BSE_IDX,01/07/2025,09:49:12,54718.21,0,0,0,0,0,0
SMLCAP.BSE_IDX,01/07/2025,09:49:20,54718.46,0,0,0,0,0,0
SMLCAP.BSE_IDX,01/07/2025,09:49:28,54720.24,0,0,0,0,0,0
SMLCAP.BSE_IDX,01/07/2025,09:49:36,54721.18,0,0,0,0,0,0
SMLCAP.BSE_IDX,01/07/2025,09:49:44,54723.42,0,0,0,0,0,0
SMLCAP.BSE_IDX,01/07/2025,09:49:52,54724.23,0,0,0,0,0,0
SMLCAP.BSE_IDX,01/07/2025,09:50:00,54727.17,0,0,0,0,0,0
SMLCAP.BSE_IDX,01/07/2025,09:50:08,54726.7,0,0,0,0,0,0
SMLCAP.BSE_IDX,01/07/2025,09:50:16,54730.07,0,0,0,0,0,0
SMLCAP.BSE_IDX,01/07/2025,09:50:24,54735.52,0,0,0,0,0,0
SMLCAP.BSE_IDX,01/07/2025,09:50:32,54734.28,0,0,0,0,0,0
SMLCAP.BSE_IDX,01/07/2025,09:50:40,54733.29,0,0,0,0,0,0
SMLCAP.BSE_IDX,01/07/2025,09:50:48,54734.38,0,0,0,0,0,0
SMLCAP.BSE_IDX,01/07/2025,09:50:57,54732.75,0,0,0,0,0,0
SMLCAP.BSE_IDX,01/07/2025,09:51:04,54730.13,0,0,0,0,0,0
SMLCAP.BSE_IDX,01/07/2025,09:51:12,54728.26,0,0,0,0,0,0
SMLCAP.BSE_IDX,01/07/2025,09:51:20,54724.93,0,0,0,0,0,0
SMLCAP.BSE_IDX,01/07/2025,09:51:28,54723.29,0,0,0,0,0,0
SMLCAP.BSE_IDX,01/07/2025,09:51:37,54722.71,0,0,0,0,0,0
SMLCAP.BSE_IDX,01/07/2025,09:51:44,54721.77,0,0,0,0,0,0
SMLCAP.BSE_IDX,01/07/2025,09:51:52,54723.77,0,0,0,0,0,0
SMLCAP.BSE_IDX,01/07/2025,09:52:01,54720.1,0,0,0,0,0,0
SMLCAP.BSE_IDX,01/07/2025,09:52:08,54716.69,0,0,0,0,0,0
SMLCAP.BSE_IDX,01/07/2025,09:52:17,54711.28,0,0,0,0,0,0
SMLCAP.BSE_IDX,01/07/2025,09:52:24,54704.9,0,0,0,0,0,0
SMLCAP.BSE_IDX,01/07/2025,09:52:32,54702.51,0,0,0,0,0,0
SMLCAP.BSE_IDX,01/07/2025,09:52:40,54702.31,0,0,0,0,0,0
SMLCAP.BSE_IDX,01/07/2025,09:52:48,54702.44,0,0,0,0,0,0
SMLCAP.BSE_IDX,01/07/2025,09:52:57,54702.49,0,0,0,0,0,0
SMLCAP.BSE_IDX,01/07/2025,09:53:04,54700.55,0,0,0,0,0,0
SMLCAP.BSE_IDX,01/07/2025,09:53:13,54702.01,0,0,0,0,0,0
SMLCAP.BSE_IDX,01/07/2025,09:53:20,54702.16,0,0,0,0,0,0
SMLCAP.BSE_IDX,01/07/2025,09:53:28,54703.39,0,0,0,0,0,0
SMLCAP.BSE_IDX,01/07/2025,09:53:36,54707.06,0,0,0,0,0,0
SMLCAP.BSE_IDX,01/07/2025,09:53:44,54705.34,0,0,0,0,0,0
SMLCAP.BSE_IDX,01/07/2025,09:53:52,54709.24,0,0,0,0,0,0
SMLCAP.BSE_IDX,01/07/2025,09:54:00,54705.5,0,0,0,0,0,0
SMLCAP.BSE_IDX,01/07/2025,09:54:08,54699.32,0,0,0,0,0,0
SMLCAP.BSE_IDX,01/07/2025,09:54:16,54697.26,0,0,0,0,0,0
SMLCAP.BSE_IDX,01/07/2025,09:54:24,54692.81,0,0,0,0,0,0
SMLCAP.BSE_IDX,01/07/2025,09:54:32,54690.32,0,0,0,0,0,0
SMLCAP.BSE_IDX,01/07/2025,09:54:40,54690.44,0,0,0,0,0,0
SMLCAP.BSE_IDX,01/07/2025,09:54:48,54689.59,0,0,0,0,0,0
SMLCAP.BSE_IDX,01/07/2025,09:54:56,54688.89,0,0,0,0,0,0
SMLCAP.BSE_IDX,01/07/2025,09:55:04,54681.73,0,0,0,0,0,0
SMLCAP.BSE_IDX,01/07/2025,09:55:12,54677.42,0,0,0,0,0,0
SMLCAP.BSE_IDX,01/07/2025,09:55:20,54676,0,0,0,0,0,0
SMLCAP.BSE_IDX,01/07/2025,09:55:28,54673.2,0,0,0,0,0,0
SMLCAP.BSE_IDX,01/07/2025,09:55:36,54672.54,0,0,0,0,0,0
SMLCAP.BSE_IDX,01/07/2025,09:55:44,54669.17,0,0,0,0,0,0
SMLCAP.BSE_IDX,01/07/2025,09:55:52,54667.75,0,0,0,0,0,0
SMLCAP.BSE_IDX,01/07/2025,09:56:00,54663.79,0,0,0,0,0,0
SMLCAP.BSE_IDX,01/07/2025,09:56:08,54664.39,0,0,0,0,0,0
SMLCAP.BSE_IDX,01/07/2025,09:56:16,54660.65,0,0,0,0,0,0
SMLCAP.BSE_IDX,01/07/2025,09:56:25,54660.68,0,0,0,0,0,0
SMLCAP.BSE_IDX,01/07/2025,09:56:32,54661.97,0,0,0,0,0,0
SMLCAP.BSE_IDX,01/07/2025,09:56:41,54662.65,0,0,0,0,0,0
SMLCAP.BSE_IDX,01/07/2025,09:56:48,54667.02,0,0,0,0,0,0
SMLCAP.BSE_IDX,01/07/2025,09:56:57,54665.39,0,0,0,0,0,0
SMLCAP.BSE_IDX,01/07/2025,09:57:04,54665.61,0,0,0,0,0,0
SMLCAP.BSE_IDX,01/07/2025,09:57:12,54665.99,0,0,0,0,0,0
SMLCAP.BSE_IDX,01/07/2025,09:57:20,54669.38,0,0,0,0,0,0
SMLCAP.BSE_IDX,01/07/2025,09:57:28,54673.78,0,0,0,0,0,0
SMLCAP.BSE_IDX,01/07/2025,09:57:36,54674.31,0,0,0,0,0,0
SMLCAP.BSE_IDX,01/07/2025,09:57:44,54672.28,0,0,0,0,0,0
SMLCAP.BSE_IDX,01/07/2025,09:57:52,54672.86,0,0,0,0,0,0
SMLCAP.BSE_IDX,01/07/2025,09:58:00,54676.09,0,0,0,0,0,0
SMLCAP.BSE_IDX,01/07/2025,09:58:08,54676.26,0,0,0,0,0,0
SMLCAP.BSE_IDX,01/07/2025,09:58:16,54675.3,0,0,0,0,0,0
SMLCAP.BSE_IDX,01/07/2025,09:58:24,54673.73,0,0,0,0,0,0
SMLCAP.BSE_IDX,01/07/2025,09:58:32,54674.17,0,0,0,0,0,0
SMLCAP.BSE_IDX,01/07/2025,09:58:40,54675.87,0,0,0,0,0,0
SMLCAP.BSE_IDX,01/07/2025,09:58:48,54677.4,0,0,0,0,0,0
SMLCAP.BSE_IDX,01/07/2025,09:58:56,54678.64,0,0,0,0,0,0
SMLCAP.BSE_IDX,01/07/2025,09:59:05,54681.67,0,0,0,0,0,0
SMLCAP.BSE_IDX,01/07/2025,09:59:12,54682.69,0,0,0,0,0,0
SMLCAP.BSE_IDX,01/07/2025,09:59:20,54684.51,0,0,0,0,0,0
SMLCAP.BSE_IDX,01/07/2025,09:59:28,54684.5,0,0,0,0,0,0
SMLCAP.BSE_IDX,01/07/2025,09:59:36,54687.56,0,0,0,0,0,0
SMLCAP.BSE_IDX,01/07/2025,09:59:45,54687.57,0,0,0,0,0,0
SMLCAP.BSE_IDX,01/07/2025,09:59:52,54688.65,0,0,0,0,0,0
SMLCAP.BSE_IDX,01/07/2025,10:00:00,54688.98,0,0,0,0,0,0
SMLCAP.BSE_IDX,01/07/2025,10:00:08,54694.37,0,0,0,0,0,0
SMLCAP.BSE_IDX,01/07/2025,10:00:16,54696.26,0,0,0,0,0,0
SMLCAP.BSE_IDX,01/07/2025,10:00:24,54693.05,0,0,0,0,0,0
SMLCAP.BSE_IDX,01/07/2025,10:00:32,54690.29,0,0,0,0,0,0
SMLCAP.BSE_IDX,01/07/2025,10:00:40,54691.29,0,0,0,0,0,0
SMLCAP.BSE_IDX,01/07/2025,10:00:48,54690.63,0,0,0,0,0,0
SMLCAP.BSE_IDX,01/07/2025,10:00:56,54689.16,0,0,0,0,0,0
SMLCAP.BSE_IDX,01/07/2025,10:01:04,54683.39,0,0,0,0,0,0
SMLCAP.BSE_IDX,01/07/2025,10:01:12,54680.97,0,0,0,0,0,0
SMLCAP.BSE_IDX,01/07/2025,10:01:21,54680.32,0,0,0,0,0,0
SMLCAP.BSE_IDX,01/07/2025,10:01:28,54680.95,0,0,0,0,0,0
SMLCAP.BSE_IDX,01/07/2025,10:01:36,54681.04,0,0,0,0,0,0
SMLCAP.BSE_IDX,01/07/2025,10:01:44,54684.31,0,0,0,0,0,0
SMLCAP.BSE_IDX,01/07/2025,10:01:52,54681.48,0,0,0,0,0,0
SMLCAP.BSE_IDX,01/07/2025,10:02:00,54681.53,0,0,0,0,0,0
SMLCAP.BSE_IDX,01/07/2025,10:02:08,54685.01,0,0,0,0,0,0
SMLCAP.BSE_IDX,01/07/2025,10:02:16,54685.13,0,0,0,0,0,0
SMLCAP.BSE_IDX,01/07/2025,10:02:24,54685.71,0,0,0,0,0,0
SMLCAP.BSE_IDX,01/07/2025,10:02:32,54684.82,0,0,0,0,0,0
SMLCAP.BSE_IDX,01/07/2025,10:02:41,54682.44,0,0,0,0,0,0
SMLCAP.BSE_IDX,01/07/2025,10:02:49,54682.22,0,0,0,0,0,0
SMLCAP.BSE_IDX,01/07/2025,10:02:56,54680.03,0,0,0,0,0,0
SMLCAP.BSE_IDX,01/07/2025,10:03:04,54673.98,0,0,0,0,0,0
SMLCAP.BSE_IDX,01/07/2025,10:03:13,54662.74,0,0,0,0,0,0
SMLCAP.BSE_IDX,01/07/2025,10:03:20,54657,0,0,0,0,0,0
SMLCAP.BSE_IDX,01/07/2025,10:03:29,54650.7,0,0,0,0,0,0
SMLCAP.BSE_IDX,01/07/2025,10:03:37,54647.61,0,0,0,0,0,0
SMLCAP.BSE_IDX,01/07/2025,10:03:45,54644.87,0,0,0,0,0,0
SMLCAP.BSE_IDX,01/07/2025,10:03:53,54642.19,0,0,0,0,0,0
SMLCAP.BSE_IDX,01/07/2025,10:04:01,54641.97,0,0,0,0,0,0
SMLCAP.BSE_IDX,01/07/2025,10:04:09,54640.53,0,0,0,0,0,0
SMLCAP.BSE_IDX,01/07/2025,10:04:17,54635.14,0,0,0,0,0,0
SMLCAP.BSE_IDX,01/07/2025,10:04:25,54635.5,0,0,0,0,0,0
SMLCAP.BSE_IDX,01/07/2025,10:04:33,54635.49,0,0,0,0,0,0
SMLCAP.BSE_IDX,01/07/2025,10:04:41,54632.93,0,0,0,0,0,0
SMLCAP.BSE_IDX,01/07/2025,10:04:50,54636.66,0,0,0,0,0,0
SMLCAP.BSE_IDX,01/07/2025,10:04:57,54639.81,0,0,0,0,0,0
SMLCAP.BSE_IDX,01/07/2025,10:05:05,54636.76,0,0,0,0,0,0
SMLCAP.BSE_IDX,01/07/2025,10:05:14,54637.07,0,0,0,0,0,0
SMLCAP.BSE_IDX,01/07/2025,10:05:21,54636.98,0,0,0,0,0,0
SMLCAP.BSE_IDX,01/07/2025,10:05:29,54638.6,0,0,0,0,0,0
SMLCAP.BSE_IDX,01/07/2025,10:05:37,54638.81,0,0,0,0,0,0
SMLCAP.BSE_IDX,01/07/2025,10:05:45,54637.34,0,0,0,0,0,0
SMLCAP.BSE_IDX,01/07/2025,10:05:53,54639.71,0,0,0,0,0,0
SMLCAP.BSE_IDX,01/07/2025,10:06:01,54640.84,0,0,0,0,0,0
SMLCAP.BSE_IDX,01/07/2025,10:06:09,54641.01,0,0,0,0,0,0
SMLCAP.BSE_IDX,01/07/2025,10:06:17,54641.15,0,0,0,0,0,0
SMLCAP.BSE_IDX,01/07/2025,10:06:25,54641.74,0,0,0,0,0,0
SMLCAP.BSE_IDX,01/07/2025,10:06:33,54643.32,0,0,0,0,0,0
SMLCAP.BSE_IDX,01/07/2025,10:06:41,54643.27,0,0,0,0,0,0
SMLCAP.BSE_IDX,01/07/2025,10:06:49,54646.02,0,0,0,0,0,0
SMLCAP.BSE_IDX,01/07/2025,10:06:57,54647.05,0,0,0,0,0,0
SMLCAP.BSE_IDX,01/07/2025,10:07:05,54654.02,0,0,0,0,0,0
SMLCAP.BSE_IDX,01/07/2025,10:07:13,54655.03,0,0,0,0,0,0
SMLCAP.BSE_IDX,01/07/2025,10:07:21,54654.96,0,0,0,0,0,0
SMLCAP.BSE_IDX,01/07/2025,10:07:29,54659,0,0,0,0,0,0
SMLCAP.BSE_IDX,01/07/2025,10:07:37,54658.9,0,0,0,0,0,0
SMLCAP.BSE_IDX,01/07/2025,10:07:45,54660.92,0,0,0,0,0,0
SMLCAP.BSE_IDX,01/07/2025,10:07:53,54661.29,0,0,0,0,0,0
SMLCAP.BSE_IDX,01/07/2025,10:08:01,54661.02,0,0,0,0,0,0
SMLCAP.BSE_IDX,01/07/2025,10:08:09,54660.69,0,0,0,0,0,0
SMLCAP.BSE_IDX,01/07/2025,10:08:17,54662.99,0,0,0,0,0,0
SMLCAP.BSE_IDX,01/07/2025,10:08:25,54663.45,0,0,0,0,0,0
SMLCAP.BSE_IDX,01/07/2025,10:08:33,54666.1,0,0,0,0,0,0
SMLCAP.BSE_IDX,01/07/2025,10:08:41,54666.66,0,0,0,0,0,0
SMLCAP.BSE_IDX,01/07/2025,10:08:49,54663.95,0,0,0,0,0,0
SMLCAP.BSE_IDX,01/07/2025,10:08:57,54660.28,0,0,0,0,0,0
SMLCAP.BSE_IDX,01/07/2025,10:09:05,54658.87,0,0,0,0,0,0
SMLCAP.BSE_IDX,01/07/2025,10:09:13,54655.2,0,0,0,0,0,0
SMLCAP.BSE_IDX,01/07/2025,10:09:21,54654.2,0,0,0,0,0,0
SMLCAP.BSE_IDX,01/07/2025,10:09:29,54651.47,0,0,0,0,0,0
SMLCAP.BSE_IDX,01/07/2025,10:09:37,54651.17,0,0,0,0,0,0
SMLCAP.BSE_IDX,01/07/2025,10:09:45,54651,0,0,0,0,0,0
SMLCAP.BSE_IDX,01/07/2025,10:09:53,54650.81,0,0,0,0,0,0
SMLCAP.BSE_IDX,01/07/2025,10:10:01,54652.01,0,0,0,0,0,0
SMLCAP.BSE_IDX,01/07/2025,10:10:09,54654.04,0,0,0,0,0,0
SMLCAP.BSE_IDX,01/07/2025,10:10:17,54652.64,0,0,0,0,0,0
SMLCAP.BSE_IDX,01/07/2025,10:10:25,54652.02,0,0,0,0,0,0
SMLCAP.BSE_IDX,01/07/2025,10:10:33,54651.84,0,0,0,0,0,0
SMLCAP.BSE_IDX,01/07/2025,10:10:41,54648.79,0,0,0,0,0,0
SMLCAP.BSE_IDX,01/07/2025,10:10:49,54647.08,0,0,0,0,0,0
SMLCAP.BSE_IDX,01/07/2025,10:10:57,54645.45,0,0,0,0,0,0
SMLCAP.BSE_IDX,01/07/2025,10:11:05,54642.22,0,0,0,0,0,0
SMLCAP.BSE_IDX,01/07/2025,10:11:13,54638.49,0,0,0,0,0,0
SMLCAP.BSE_IDX,01/07/2025,10:11:22,54634.64,0,0,0,0,0,0
SMLCAP.BSE_IDX,01/07/2025,10:11:29,54633.7,0,0,0,0,0,0
SMLCAP.BSE_IDX,01/07/2025,10:11:37,54635.03,0,0,0,0,0,0
SMLCAP.BSE_IDX,01/07/2025,10:11:45,54633.73,0,0,0,0,0,0
SMLCAP.BSE_IDX,01/07/2025,10:11:53,54629.45,0,0,0,0,0,0
SMLCAP.BSE_IDX,01/07/2025,10:12:01,54627.88,0,0,0,0,0,0
SMLCAP.BSE_IDX,01/07/2025,10:12:09,54626.14,0,0,0,0,0,0
SMLCAP.BSE_IDX,01/07/2025,10:12:17,54623.43,0,0,0,0,0,0
SMLCAP.BSE_IDX,01/07/2025,10:12:25,54619.66,0,0,0,0,0,0
SMLCAP.BSE_IDX,01/07/2025,10:12:33,54617.25,0,0,0,0,0,0
SMLCAP.BSE_IDX,01/07/2025,10:12:41,54613.65,0,0,0,0,0,0
SMLCAP.BSE_IDX,01/07/2025,10:12:49,54611.82,0,0,0,0,0,0
SMLCAP.BSE_IDX,01/07/2025,10:12:57,54607.79,0,0,0,0,0,0
SMLCAP.BSE_IDX,01/07/2025,10:13:05,54606.35,0,0,0,0,0,0
SMLCAP.BSE_IDX,01/07/2025,10:13:13,54608.16,0,0,0,0,0,0
SMLCAP.BSE_IDX,01/07/2025,10:13:21,54606.3,0,0,0,0,0,0
SMLCAP.BSE_IDX,01/07/2025,10:13:29,54603.61,0,0,0,0,0,0
SMLCAP.BSE_IDX,01/07/2025,10:13:37,54599.47,0,0,0,0,0,0
SMLCAP.BSE_IDX,01/07/2025,10:13:45,54597.58,0,0,0,0,0,0
SMLCAP.BSE_IDX,01/07/2025,10:13:53,54592.78,0,0,0,0,0,0
SMLCAP.BSE_IDX,01/07/2025,10:14:01,54580.6,0,0,0,0,0,0
SMLCAP.BSE_IDX,01/07/2025,10:14:09,54578.04,0,0,0,0,0,0
SMLCAP.BSE_IDX,01/07/2025,10:14:17,54576.06,0,0,0,0,0,0
SMLCAP.BSE_IDX,01/07/2025,10:14:25,54571.82,0,0,0,0,0,0
SMLCAP.BSE_IDX,01/07/2025,10:14:33,54566.93,0,0,0,0,0,0
SMLCAP.BSE_IDX,01/07/2025,10:14:41,54566.87,0,0,0,0,0,0
SMLCAP.BSE_IDX,01/07/2025,10:14:49,54562.43,0,0,0,0,0,0
SMLCAP.BSE_IDX,01/07/2025,10:14:57,54559.74,0,0,0,0,0,0
SMLCAP.BSE_IDX,01/07/2025,10:15:05,54553.74,0,0,0,0,0,0
SMLCAP.BSE_IDX,01/07/2025,10:15:13,54548.38,0,0,0,0,0,0
SMLCAP.BSE_IDX,01/07/2025,10:15:21,54545.27,0,0,0,0,0,0
SMLCAP.BSE_IDX,01/07/2025,10:15:29,54542.53,0,0,0,0,0,0
SMLCAP.BSE_IDX,01/07/2025,10:15:37,54545.05,0,0,0,0,0,0
SMLCAP.BSE_IDX,01/07/2025,10:15:45,54540.48,0,0,0,0,0,0
SMLCAP.BSE_IDX,01/07/2025,10:15:53,54536.83,0,0,0,0,0,0
SMLCAP.BSE_IDX,01/07/2025,10:16:01,54537.85,0,0,0,0,0,0
SMLCAP.BSE_IDX,01/07/2025,10:16:09,54539.23,0,0,0,0,0,0
SMLCAP.BSE_IDX,01/07/2025,10:16:17,54538.7,0,0,0,0,0,0
SMLCAP.BSE_IDX,01/07/2025,10:16:25,54542.26,0,0,0,0,0,0
SMLCAP.BSE_IDX,01/07/2025,10:16:33,54540.53,0,0,0,0,0,0
SMLCAP.BSE_IDX,01/07/2025,10:16:41,54540.14,0,0,0,0,0,0
SMLCAP.BSE_IDX,01/07/2025,10:16:49,54539.51,0,0,0,0,0,0
SMLCAP.BSE_IDX,01/07/2025,10:16:57,54536.91,0,0,0,0,0,0
SMLCAP.BSE_IDX,01/07/2025,10:17:05,54541,0,0,0,0,0,0
SMLCAP.BSE_IDX,01/07/2025,10:17:13,54543.73,0,0,0,0,0,0
SMLCAP.BSE_IDX,01/07/2025,10:17:21,54545.51,0,0,0,0,0,0
SMLCAP.BSE_IDX,01/07/2025,10:17:29,54546.03,0,0,0,0,0,0
SMLCAP.BSE_IDX,01/07/2025,10:17:37,54553.55,0,0,0,0,0,0
SMLCAP.BSE_IDX,01/07/2025,10:17:45,54555.71,0,0,0,0,0,0
SMLCAP.BSE_IDX,01/07/2025,10:17:53,54562.72,0,0,0,0,0,0
SMLCAP.BSE_IDX,01/07/2025,10:18:01,54565.17,0,0,0,0,0,0
SMLCAP.BSE_IDX,01/07/2025,10:18:09,54565.99,0,0,0,0,0,0
SMLCAP.BSE_IDX,01/07/2025,10:18:17,54567.64,0,0,0,0,0,0
SMLCAP.BSE_IDX,01/07/2025,10:18:25,54570.86,0,0,0,0,0,0
SMLCAP.BSE_IDX,01/07/2025,10:18:33,54570.6,0,0,0,0,0,0
SMLCAP.BSE_IDX,01/07/2025,10:18:41,54566.76,0,0,0,0,0,0
SMLCAP.BSE_IDX,01/07/2025,10:18:49,54565.61,0,0,0,0,0,0
SMLCAP.BSE_IDX,01/07/2025,10:18:57,54564.4,0,0,0,0,0,0
SMLCAP.BSE_IDX,01/07/2025,10:19:05,54562.26,0,0,0,0,0,0
SMLCAP.BSE_IDX,01/07/2025,10:19:13,54563.6,0,0,0,0,0,0
SMLCAP.BSE_IDX,01/07/2025,10:19:21,54568.63,0,0,0,0,0,0
SMLCAP.BSE_IDX,01/07/2025,10:19:29,54569.69,0,0,0,0,0,0
SMLCAP.BSE_IDX,01/07/2025,10:19:37,54569.31,0,0,0,0,0,0
SMLCAP.BSE_IDX,01/07/2025,10:19:45,54564.52,0,0,0,0,0,0
SMLCAP.BSE_IDX,01/07/2025,10:19:53,54558.71,0,0,0,0,0,0
SMLCAP.BSE_IDX,01/07/2025,10:20:01,54556.42,0,0,0,0,0,0
SMLCAP.BSE_IDX,01/07/2025,10:20:09,54554.96,0,0,0,0,0,0
SMLCAP.BSE_IDX,01/07/2025,10:20:17,54558.76,0,0,0,0,0,0
SMLCAP.BSE_IDX,01/07/2025,10:20:25,54556.28,0,0,0,0,0,0
SMLCAP.BSE_IDX,01/07/2025,10:20:33,54557.4,0,0,0,0,0,0
SMLCAP.BSE_IDX,01/07/2025,10:20:41,54555.76,0,0,0,0,0,0
SMLCAP.BSE_IDX,01/07/2025,10:20:49,54554.46,0,0,0,0,0,0
SMLCAP.BSE_IDX,01/07/2025,10:20:57,54553.71,0,0,0,0,0,0
SMLCAP.BSE_IDX,01/07/2025,10:21:05,54550.66,0,0,0,0,0,0
SMLCAP.BSE_IDX,01/07/2025,10:21:13,54549.47,0,0,0,0,0,0
SMLCAP.BSE_IDX,01/07/2025,10:21:21,54547.72,0,0,0,0,0,0
SMLCAP.BSE_IDX,01/07/2025,10:21:29,54547.48,0,0,0,0,0,0
SMLCAP.BSE_IDX,01/07/2025,10:21:37,54546.4,0,0,0,0,0,0
SMLCAP.BSE_IDX,01/07/2025,10:21:45,54545.16,0,0,0,0,0,0
SMLCAP.BSE_IDX,01/07/2025,10:21:53,54546.53,0,0,0,0,0,0
SMLCAP.BSE_IDX,01/07/2025,10:22:01,54548.13,0,0,0,0,0,0
SMLCAP.BSE_IDX,01/07/2025,10:22:09,54547.41,0,0,0,0,0,0
SMLCAP.BSE_IDX,01/07/2025,10:22:17,54547.31,0,0,0,0,0,0
SMLCAP.BSE_IDX,01/07/2025,10:22:25,54546.04,0,0,0,0,0,0
SMLCAP.BSE_IDX,01/07/2025,10:22:33,54545.66,0,0,0,0,0,0
SMLCAP.BSE_IDX,01/07/2025,10:22:41,54545.11,0,0,0,0,0,0
SMLCAP.BSE_IDX,01/07/2025,10:22:49,54544.14,0,0,0,0,0,0
SMLCAP.BSE_IDX,01/07/2025,10:22:57,54544.03,0,0,0,0,0,0
SMLCAP.BSE_IDX,01/07/2025,10:23:05,54542.92,0,0,0,0,0,0
SMLCAP.BSE_IDX,01/07/2025,10:23:13,54543.28,0,0,0,0,0,0
SMLCAP.BSE_IDX,01/07/2025,10:23:21,54543.16,0,0,0,0,0,0
SMLCAP.BSE_IDX,01/07/2025,10:23:29,54546.2,0,0,0,0,0,0
SMLCAP.BSE_IDX,01/07/2025,10:23:37,54545.95,0,0,0,0,0,0
SMLCAP.BSE_IDX,01/07/2025,10:23:45,54547.89,0,0,0,0,0,0
SMLCAP.BSE_IDX,01/07/2025,10:23:53,54547.26,0,0,0,0,0,0
SMLCAP.BSE_IDX,01/07/2025,10:24:01,54544.67,0,0,0,0,0,0
SMLCAP.BSE_IDX,01/07/2025,10:24:09,54547.21,0,0,0,0,0,0
SMLCAP.BSE_IDX,01/07/2025,10:24:17,54546.63,0,0,0,0,0,0
SMLCAP.BSE_IDX,01/07/2025,10:24:25,54544.67,0,0,0,0,0,0
SMLCAP.BSE_IDX,01/07/2025,10:24:33,54540.27,0,0,0,0,0,0
SMLCAP.BSE_IDX,01/07/2025,10:24:41,54540.53,0,0,0,0,0,0
SMLCAP.BSE_IDX,01/07/2025,10:24:49,54540.45,0,0,0,0,0,0
SMLCAP.BSE_IDX,01/07/2025,10:24:57,54539.39,0,0,0,0,0,0
SMLCAP.BSE_IDX,01/07/2025,10:25:05,54539.51,0,0,0,0,0,0
SMLCAP.BSE_IDX,01/07/2025,10:25:13,54539.84,0,0,0,0,0,0
SMLCAP.BSE_IDX,01/07/2025,10:25:21,54540.19,0,0,0,0,0,0
SMLCAP.BSE_IDX,01/07/2025,10:25:29,54538.75,0,0,0,0,0,0
SMLCAP.BSE_IDX,01/07/2025,10:25:37,54539.56,0,0,0,0,0,0
SMLCAP.BSE_IDX,01/07/2025,10:25:45,54539.6,0,0,0,0,0,0
SMLCAP.BSE_IDX,01/07/2025,10:25:53,54541.25,0,0,0,0,0,0
SMLCAP.BSE_IDX,01/07/2025,10:26:01,54541.47,0,0,0,0,0,0
SMLCAP.BSE_IDX,01/07/2025,10:26:09,54541.32,0,0,0,0,0,0
SMLCAP.BSE_IDX,01/07/2025,10:26:17,54541.46,0,0,0,0,0,0
SMLCAP.BSE_IDX,01/07/2025,10:26:25,54541.86,0,0,0,0,0,0
SMLCAP.BSE_IDX,01/07/2025,10:26:33,54543.9,0,0,0,0,0,0
SMLCAP.BSE_IDX,01/07/2025,10:26:41,54542.45,0,0,0,0,0,0
SMLCAP.BSE_IDX,01/07/2025,10:26:49,54541.43,0,0,0,0,0,0
SMLCAP.BSE_IDX,01/07/2025,10:26:57,54541.98,0,0,0,0,0,0
SMLCAP.BSE_IDX,01/07/2025,10:27:05,54543.22,0,0,0,0,0,0
SMLCAP.BSE_IDX,01/07/2025,10:27:13,54543.16,0,0,0,0,0,0
SMLCAP.BSE_IDX,01/07/2025,10:27:21,54543.86,0,0,0,0,0,0
SMLCAP.BSE_IDX,01/07/2025,10:27:29,54548.91,0,0,0,0,0,0
SMLCAP.BSE_IDX,01/07/2025,10:27:37,54550.73,0,0,0,0,0,0
SMLCAP.BSE_IDX,01/07/2025,10:27:45,54547.93,0,0,0,0,0,0
SMLCAP.BSE_IDX,01/07/2025,10:27:53,54550.76,0,0,0,0,0,0
SMLCAP.BSE_IDX,01/07/2025,10:28:01,54553.58,0,0,0,0,0,0
SMLCAP.BSE_IDX,01/07/2025,10:28:09,54555.33,0,0,0,0,0,0
SMLCAP.BSE_IDX,01/07/2025,10:28:17,54557.1,0,0,0,0,0,0
SMLCAP.BSE_IDX,01/07/2025,10:28:25,54556.03,0,0,0,0,0,0
SMLCAP.BSE_IDX,01/07/2025,10:28:33,54557.66,0,0,0,0,0,0
SMLCAP.BSE_IDX,01/07/2025,10:28:41,54557.61,0,0,0,0,0,0
SMLCAP.BSE_IDX,01/07/2025,10:28:49,54557.52,0,0,0,0,0,0
SMLCAP.BSE_IDX,01/07/2025,10:28:57,54557.17,0,0,0,0,0,0
SMLCAP.BSE_IDX,01/07/2025,10:29:05,54555.35,0,0,0,0,0,0
SMLCAP.BSE_IDX,01/07/2025,10:29:13,54555.43,0,0,0,0,0,0
SMLCAP.BSE_IDX,01/07/2025,10:29:21,54557.34,0,0,0,0,0,0
SMLCAP.BSE_IDX,01/07/2025,10:29:29,54558.07,0,0,0,0,0,0
SMLCAP.BSE_IDX,01/07/2025,10:29:37,54556.64,0,0,0,0,0,0
SMLCAP.BSE_IDX,01/07/2025,10:29:46,54556.78,0,0,0,0,0,0
SMLCAP.BSE_IDX,01/07/2025,10:29:54,54557.69,0,0,0,0,0,0
SMLCAP.BSE_IDX,01/07/2025,10:30:01,54559.82,0,0,0,0,0,0
SMLCAP.BSE_IDX,01/07/2025,10:30:09,54560.29,0,0,0,0,0,0
SMLCAP.BSE_IDX,01/07/2025,10:30:17,54561.48,0,0,0,0,0,0
SMLCAP.BSE_IDX,01/07/2025,10:30:25,54563.32,0,0,0,0,0,0
SMLCAP.BSE_IDX,01/07/2025,10:30:33,54563.28,0,0,0,0,0,0
SMLCAP.BSE_IDX,01/07/2025,10:30:41,54563.64,0,0,0,0,0,0
SMLCAP.BSE_IDX,01/07/2025,10:30:49,54565.44,0,0,0,0,0,0
SMLCAP.BSE_IDX,01/07/2025,10:30:57,54563.98,0,0,0,0,0,0
SMLCAP.BSE_IDX,01/07/2025,10:31:05,54565.36,0,0,0,0,0,0
SMLCAP.BSE_IDX,01/07/2025,10:31:13,54562.73,0,0,0,0,0,0
SMLCAP.BSE_IDX,01/07/2025,10:31:21,54563.47,0,0,0,0,0,0
SMLCAP.BSE_IDX,01/07/2025,10:31:29,54563.17,0,0,0,0,0,0
SMLCAP.BSE_IDX,01/07/2025,10:31:37,54562.87,0,0,0,0,0,0
SMLCAP.BSE_IDX,01/07/2025,10:31:45,54564.61,0,0,0,0,0,0
SMLCAP.BSE_IDX,01/07/2025,10:31:53,54565.17,0,0,0,0,0,0
SMLCAP.BSE_IDX,01/07/2025,10:32:01,54568.15,0,0,0,0,0,0
SMLCAP.BSE_IDX,01/07/2025,10:32:09,54569.29,0,0,0,0,0,0
SMLCAP.BSE_IDX,01/07/2025,10:32:17,54569.44,0,0,0,0,0,0
SMLCAP.BSE_IDX,01/07/2025,10:32:25,54569.15,0,0,0,0,0,0
SMLCAP.BSE_IDX,01/07/2025,10:32:33,54572.01,0,0,0,0,0,0
SMLCAP.BSE_IDX,01/07/2025,10:32:41,54570.31,0,0,0,0,0,0
SMLCAP.BSE_IDX,01/07/2025,10:32:49,54572.07,0,0,0,0,0,0
SMLCAP.BSE_IDX,01/07/2025,10:32:57,54572.26,0,0,0,0,0,0
SMLCAP.BSE_IDX,01/07/2025,10:33:05,54571.26,0,0,0,0,0,0
SMLCAP.BSE_IDX,01/07/2025,10:33:13,54573.16,0,0,0,0,0,0
SMLCAP.BSE_IDX,01/07/2025,10:33:21,54573.06,0,0,0,0,0,0
SMLCAP.BSE_IDX,01/07/2025,10:33:29,54574.46,0,0,0,0,0,0
SMLCAP.BSE_IDX,01/07/2025,10:33:37,54577.14,0,0,0,0,0,0
SMLCAP.BSE_IDX,01/07/2025,10:33:45,54579.3,0,0,0,0,0,0
SMLCAP.BSE_IDX,01/07/2025,10:33:53,54579.66,0,0,0,0,0,0
SMLCAP.BSE_IDX,01/07/2025,10:34:01,54580.81,0,0,0,0,0,0
SMLCAP.BSE_IDX,01/07/2025,10:34:09,54581.16,0,0,0,0,0,0
SMLCAP.BSE_IDX,01/07/2025,10:34:17,54580.7,0,0,0,0,0,0
SMLCAP.BSE_IDX,01/07/2025,10:34:25,54583.46,0,0,0,0,0,0
SMLCAP.BSE_IDX,01/07/2025,10:34:33,54584.74,0,0,0,0,0,0
SMLCAP.BSE_IDX,01/07/2025,10:34:41,54588.67,0,0,0,0,0,0
SMLCAP.BSE_IDX,01/07/2025,10:34:49,54588.56,0,0,0,0,0,0
SMLCAP.BSE_IDX,01/07/2025,10:34:58,54588.57,0,0,0,0,0,0
SMLCAP.BSE_IDX,01/07/2025,10:35:06,54586.6,0,0,0,0,0,0
SMLCAP.BSE_IDX,01/07/2025,10:35:14,54586.13,0,0,0,0,0,0
SMLCAP.BSE_IDX,01/07/2025,10:35:21,54585.83,0,0,0,0,0,0
SMLCAP.BSE_IDX,01/07/2025,10:35:29,54586.51,0,0,0,0,0,0
SMLCAP.BSE_IDX,01/07/2025,10:35:37,54588.13,0,0,0,0,0,0
SMLCAP.BSE_IDX,01/07/2025,10:35:45,54586.9,0,0,0,0,0,0
SMLCAP.BSE_IDX,01/07/2025,10:35:54,54586.61,0,0,0,0,0,0
SMLCAP.BSE_IDX,01/07/2025,10:36:02,54583.44,0,0,0,0,0,0
SMLCAP.BSE_IDX,01/07/2025,10:36:10,54581.49,0,0,0,0,0,0
SMLCAP.BSE_IDX,01/07/2025,10:36:17,54581.06,0,0,0,0,0,0
SMLCAP.BSE_IDX,01/07/2025,10:36:25,54581.98,0,0,0,0,0,0
SMLCAP.BSE_IDX,01/07/2025,10:36:34,54577.87,0,0,0,0,0,0
SMLCAP.BSE_IDX,01/07/2025,10:36:42,54579.82,0,0,0,0,0,0
SMLCAP.BSE_IDX,01/07/2025,10:36:49,54579.15,0,0,0,0,0,0
SMLCAP.BSE_IDX,01/07/2025,10:36:58,54576.04,0,0,0,0,0,0
SMLCAP.BSE_IDX,01/07/2025,10:37:05,54574.71,0,0,0,0,0,0
SMLCAP.BSE_IDX,01/07/2025,10:37:14,54575.38,0,0,0,0,0,0
SMLCAP.BSE_IDX,01/07/2025,10:37:21,54572.92,0,0,0,0,0,0
SMLCAP.BSE_IDX,01/07/2025,10:37:30,54568,0,0,0,0,0,0
SMLCAP.BSE_IDX,01/07/2025,10:37:38,54567.78,0,0,0,0,0,0
SMLCAP.BSE_IDX,01/07/2025,10:37:46,54568.67,0,0,0,0,0,0
SMLCAP.BSE_IDX,01/07/2025,10:37:54,54568.03,0,0,0,0,0,0
SMLCAP.BSE_IDX,01/07/2025,10:38:02,54568.48,0,0,0,0,0,0
SMLCAP.BSE_IDX,01/07/2025,10:38:10,54568.67,0,0,0,0,0,0
SMLCAP.BSE_IDX,01/07/2025,10:38:18,54570.82,0,0,0,0,0,0
SMLCAP.BSE_IDX,01/07/2025,10:38:26,54571.75,0,0,0,0,0,0
SMLCAP.BSE_IDX,01/07/2025,10:38:34,54570.59,0,0,0,0,0,0
SMLCAP.BSE_IDX,01/07/2025,10:38:42,54571.09,0,0,0,0,0,0
SMLCAP.BSE_IDX,01/07/2025,10:38:50,54571.01,0,0,0,0,0,0
SMLCAP.BSE_IDX,01/07/2025,10:38:58,54572.62,0,0,0,0,0,0
SMLCAP.BSE_IDX,01/07/2025,10:39:06,54574.83,0,0,0,0,0,0
SMLCAP.BSE_IDX,01/07/2025,10:39:14,54576.18,0,0,0,0,0,0
SMLCAP.BSE_IDX,01/07/2025,10:39:22,54576.05,0,0,0,0,0,0
SMLCAP.BSE_IDX,01/07/2025,10:39:30,54577.15,0,0,0,0,0,0
SMLCAP.BSE_IDX,01/07/2025,10:39:38,54577.24,0,0,0,0,0,0
SMLCAP.BSE_IDX,01/07/2025,10:39:46,54579.9,0,0,0,0,0,0
SMLCAP.BSE_IDX,01/07/2025,10:39:54,54577.9,0,0,0,0,0,0
SMLCAP.BSE_IDX,01/07/2025,10:40:02,54577.59,0,0,0,0,0,0
SMLCAP.BSE_IDX,01/07/2025,10:40:10,54575.28,0,0,0,0,0,0
SMLCAP.BSE_IDX,01/07/2025,10:40:18,54573.25,0,0,0,0,0,0
SMLCAP.BSE_IDX,01/07/2025,10:40:26,54570.34,0,0,0,0,0,0
SMLCAP.BSE_IDX,01/07/2025,10:40:34,54566.31,0,0,0,0,0,0
SMLCAP.BSE_IDX,01/07/2025,10:40:42,54567.27,0,0,0,0,0,0
SMLCAP.BSE_IDX,01/07/2025,10:40:50,54567.66,0,0,0,0,0,0
SMLCAP.BSE_IDX,01/07/2025,10:40:58,54566.07,0,0,0,0,0,0
SMLCAP.BSE_IDX,01/07/2025,10:41:06,54563.94,0,0,0,0,0,0
SMLCAP.BSE_IDX,01/07/2025,10:41:14,54562.36,0,0,0,0,0,0
SMLCAP.BSE_IDX,01/07/2025,10:41:22,54563.61,0,0,0,0,0,0
SMLCAP.BSE_IDX,01/07/2025,10:41:30,54563.61,0,0,0,0,0,0
SMLCAP.BSE_IDX,01/07/2025,10:41:38,54565.19,0,0,0,0,0,0
SMLCAP.BSE_IDX,01/07/2025,10:41:46,54566.88,0,0,0,0,0,0
SMLCAP.BSE_IDX,01/07/2025,10:41:54,54564.36,0,0,0,0,0,0
SMLCAP.BSE_IDX,01/07/2025,10:42:02,54563.38,0,0,0,0,0,0
SMLCAP.BSE_IDX,01/07/2025,10:42:10,54564.59,0,0,0,0,0,0
SMLCAP.BSE_IDX,01/07/2025,10:42:18,54567.78,0,0,0,0,0,0
SMLCAP.BSE_IDX,01/07/2025,10:42:26,54567.93,0,0,0,0,0,0
SMLCAP.BSE_IDX,01/07/2025,10:42:34,54567.23,0,0,0,0,0,0
SMLCAP.BSE_IDX,01/07/2025,10:42:42,54566.42,0,0,0,0,0,0
SMLCAP.BSE_IDX,01/07/2025,10:42:50,54566.22,0,0,0,0,0,0
SMLCAP.BSE_IDX,01/07/2025,10:42:58,54567.94,0,0,0,0,0,0
SMLCAP.BSE_IDX,01/07/2025,10:43:06,54568.54,0,0,0,0,0,0
SMLCAP.BSE_IDX,01/07/2025,10:43:14,54566.61,0,0,0,0,0,0
SMLCAP.BSE_IDX,01/07/2025,10:43:22,54568.22,0,0,0,0,0,0
SMLCAP.BSE_IDX,01/07/2025,10:43:30,54568.66,0,0,0,0,0,0
SMLCAP.BSE_IDX,01/07/2025,10:43:38,54566.54,0,0,0,0,0,0
SMLCAP.BSE_IDX,01/07/2025,10:43:46,54565.84,0,0,0,0,0,0
SMLCAP.BSE_IDX,01/07/2025,10:43:54,54564.85,0,0,0,0,0,0
SMLCAP.BSE_IDX,01/07/2025,10:44:02,54566,0,0,0,0,0,0
SMLCAP.BSE_IDX,01/07/2025,10:44:10,54564.87,0,0,0,0,0,0
SMLCAP.BSE_IDX,01/07/2025,10:44:18,54565.7,0,0,0,0,0,0
SMLCAP.BSE_IDX,01/07/2025,10:44:26,54567.19,0,0,0,0,0,0
SMLCAP.BSE_IDX,01/07/2025,10:44:34,54566.89,0,0,0,0,0,0
SMLCAP.BSE_IDX,01/07/2025,10:44:42,54565.89,0,0,0,0,0,0
SMLCAP.BSE_IDX,01/07/2025,10:44:50,54565.46,0,0,0,0,0,0
SMLCAP.BSE_IDX,01/07/2025,10:44:58,54566.15,0,0,0,0,0,0
SMLCAP.BSE_IDX,01/07/2025,10:45:07,54561.91,0,0,0,0,0,0
SMLCAP.BSE_IDX,01/07/2025,10:45:14,54559.28,0,0,0,0,0,0
SMLCAP.BSE_IDX,01/07/2025,10:45:22,54558.44,0,0,0,0,0,0
SMLCAP.BSE_IDX,01/07/2025,10:45:30,54558.29,0,0,0,0,0,0
SMLCAP.BSE_IDX,01/07/2025,10:45:38,54557.66,0,0,0,0,0,0
SMLCAP.BSE_IDX,01/07/2025,10:45:46,54559.81,0,0,0,0,0,0
SMLCAP.BSE_IDX,01/07/2025,10:45:54,54558.39,0,0,0,0,0,0
SMLCAP.BSE_IDX,01/07/2025,10:46:02,54555.74,0,0,0,0,0,0
SMLCAP.BSE_IDX,01/07/2025,10:46:10,54554.98,0,0,0,0,0,0
SMLCAP.BSE_IDX,01/07/2025,10:46:18,54552.4,0,0,0,0,0,0
SMLCAP.BSE_IDX,01/07/2025,10:46:26,54550.74,0,0,0,0,0,0
SMLCAP.BSE_IDX,01/07/2025,10:46:34,54551.83,0,0,0,0,0,0
SMLCAP.BSE_IDX,01/07/2025,10:46:42,54551.3,0,0,0,0,0,0
SMLCAP.BSE_IDX,01/07/2025,10:46:50,54551.64,0,0,0,0,0,0
SMLCAP.BSE_IDX,01/07/2025,10:46:58,54553.43,0,0,0,0,0,0
SMLCAP.BSE_IDX,01/07/2025,10:47:06,54553.24,0,0,0,0,0,0
SMLCAP.BSE_IDX,01/07/2025,10:47:14,54553.34,0,0,0,0,0,0
SMLCAP.BSE_IDX,01/07/2025,10:47:22,54552.58,0,0,0,0,0,0
SMLCAP.BSE_IDX,01/07/2025,10:47:30,54550.99,0,0,0,0,0,0
SMLCAP.BSE_IDX,01/07/2025,10:47:38,54552.29,0,0,0,0,0,0
SMLCAP.BSE_IDX,01/07/2025,10:47:46,54552.17,0,0,0,0,0,0
SMLCAP.BSE_IDX,01/07/2025,10:47:54,54553.44,0,0,0,0,0,0
SMLCAP.BSE_IDX,01/07/2025,10:48:02,54553.54,0,0,0,0,0,0
SMLCAP.BSE_IDX,01/07/2025,10:48:10,54555.21,0,0,0,0,0,0
SMLCAP.BSE_IDX,01/07/2025,10:48:18,54557.16,0,0,0,0,0,0
SMLCAP.BSE_IDX,01/07/2025,10:48:26,54557.98,0,0,0,0,0,0
SMLCAP.BSE_IDX,01/07/2025,10:48:34,54558.03,0,0,0,0,0,0
SMLCAP.BSE_IDX,01/07/2025,10:48:42,54558.22,0,0,0,0,0,0
SMLCAP.BSE_IDX,01/07/2025,10:48:50,54557.88,0,0,0,0,0,0
SMLCAP.BSE_IDX,01/07/2025,10:48:58,54558.46,0,0,0,0,0,0
SMLCAP.BSE_IDX,01/07/2025,10:49:06,54557.88,0,0,0,0,0,0
SMLCAP.BSE_IDX,01/07/2025,10:49:14,54555.43,0,0,0,0,0,0
SMLCAP.BSE_IDX,01/07/2025,10:49:22,54554.06,0,0,0,0,0,0
SMLCAP.BSE_IDX,01/07/2025,10:49:30,54553.5,0,0,0,0,0,0
SMLCAP.BSE_IDX,01/07/2025,10:49:38,54552.27,0,0,0,0,0,0
SMLCAP.BSE_IDX,01/07/2025,10:49:46,54551.12,0,0,0,0,0,0
SMLCAP.BSE_IDX,01/07/2025,10:49:54,54550.35,0,0,0,0,0,0
SMLCAP.BSE_IDX,01/07/2025,10:50:02,54549.53,0,0,0,0,0,0
SMLCAP.BSE_IDX,01/07/2025,10:50:10,54549.76,0,0,0,0,0,0
SMLCAP.BSE_IDX,01/07/2025,10:50:18,54550.57,0,0,0,0,0,0
SMLCAP.BSE_IDX,01/07/2025,10:50:26,54548.71,0,0,0,0,0,0
SMLCAP.BSE_IDX,01/07/2025,10:50:34,54547.96,0,0,0,0,0,0
SMLCAP.BSE_IDX,01/07/2025,10:50:42,54548.83,0,0,0,0,0,0
SMLCAP.BSE_IDX,01/07/2025,10:50:50,54546.14,0,0,0,0,0,0
SMLCAP.BSE_IDX,01/07/2025,10:50:58,54547.25,0,0,0,0,0,0
SMLCAP.BSE_IDX,01/07/2025,10:51:06,54549.05,0,0,0,0,0,0
SMLCAP.BSE_IDX,01/07/2025,10:51:14,54551.09,0,0,0,0,0,0
SMLCAP.BSE_IDX,01/07/2025,10:51:22,54552.51,0,0,0,0,0,0
SMLCAP.BSE_IDX,01/07/2025,10:51:30,54552.5,0,0,0,0,0,0
SMLCAP.BSE_IDX,01/07/2025,10:51:38,54550.26,0,0,0,0,0,0
SMLCAP.BSE_IDX,01/07/2025,10:51:46,54549.11,0,0,0,0,0,0
SMLCAP.BSE_IDX,01/07/2025,10:51:54,54546.53,0,0,0,0,0,0
SMLCAP.BSE_IDX,01/07/2025,10:52:02,54542.98,0,0,0,0,0,0
SMLCAP.BSE_IDX,01/07/2025,10:52:10,54543.63,0,0,0,0,0,0
SMLCAP.BSE_IDX,01/07/2025,10:52:18,54542.22,0,0,0,0,0,0
SMLCAP.BSE_IDX,01/07/2025,10:52:26,54537.03,0,0,0,0,0,0
SMLCAP.BSE_IDX,01/07/2025,10:52:34,54532.15,0,0,0,0,0,0
SMLCAP.BSE_IDX,01/07/2025,10:52:43,54528.25,0,0,0,0,0,0
SMLCAP.BSE_IDX,01/07/2025,10:52:50,54523.8,0,0,0,0,0,0
SMLCAP.BSE_IDX,01/07/2025,10:52:58,54521.66,0,0,0,0,0,0
SMLCAP.BSE_IDX,01/07/2025,10:53:06,54519.65,0,0,0,0,0,0
SMLCAP.BSE_IDX,01/07/2025,10:53:14,54516.63,0,0,0,0,0,0
SMLCAP.BSE_IDX,01/07/2025,10:53:22,54516.28,0,0,0,0,0,0
SMLCAP.BSE_IDX,01/07/2025,10:53:30,54516.33,0,0,0,0,0,0
SMLCAP.BSE_IDX,01/07/2025,10:53:38,54515.73,0,0,0,0,0,0
SMLCAP.BSE_IDX,01/07/2025,10:53:46,54516.23,0,0,0,0,0,0
SMLCAP.BSE_IDX,01/07/2025,10:53:54,54515.85,0,0,0,0,0,0
SMLCAP.BSE_IDX,01/07/2025,10:54:02,54513.45,0,0,0,0,0,0
SMLCAP.BSE_IDX,01/07/2025,10:54:10,54513.49,0,0,0,0,0,0
SMLCAP.BSE_IDX,01/07/2025,10:54:18,54512.46,0,0,0,0,0,0
SMLCAP.BSE_IDX,01/07/2025,10:54:26,54511.81,0,0,0,0,0,0
SMLCAP.BSE_IDX,01/07/2025,10:54:34,54512.03,0,0,0,0,0,0
SMLCAP.BSE_IDX,01/07/2025,10:54:42,54513.96,0,0,0,0,0,0
SMLCAP.BSE_IDX,01/07/2025,10:54:51,54512.48,0,0,0,0,0,0
SMLCAP.BSE_IDX,01/07/2025,10:54:58,54511.47,0,0,0,0,0,0
SMLCAP.BSE_IDX,01/07/2025,10:55:06,54510.87,0,0,0,0,0,0
SMLCAP.BSE_IDX,01/07/2025,10:55:14,54512.96,0,0,0,0,0,0
SMLCAP.BSE_IDX,01/07/2025,10:55:22,54513.39,0,0,0,0,0,0
SMLCAP.BSE_IDX,01/07/2025,10:55:30,54514.76,0,0,0,0,0,0
SMLCAP.BSE_IDX,01/07/2025,10:55:38,54513.29,0,0,0,0,0,0
SMLCAP.BSE_IDX,01/07/2025,10:55:46,54510.57,0,0,0,0,0,0
SMLCAP.BSE_IDX,01/07/2025,10:55:54,54508.42,0,0,0,0,0,0
SMLCAP.BSE_IDX,01/07/2025,10:56:02,54505.84,0,0,0,0,0,0
SMLCAP.BSE_IDX,01/07/2025,10:56:10,54503.01,0,0,0,0,0,0
SMLCAP.BSE_IDX,01/07/2025,10:56:18,54501.3,0,0,0,0,0,0
SMLCAP.BSE_IDX,01/07/2025,10:56:26,54500.63,0,0,0,0,0,0
SMLCAP.BSE_IDX,01/07/2025,10:56:34,54497.07,0,0,0,0,0,0
SMLCAP.BSE_IDX,01/07/2025,10:56:42,54496.92,0,0,0,0,0,0
SMLCAP.BSE_IDX,01/07/2025,10:56:50,54492.67,0,0,0,0,0,0
SMLCAP.BSE_IDX,01/07/2025,10:56:58,54490.25,0,0,0,0,0,0
SMLCAP.BSE_IDX,01/07/2025,10:57:06,54491.45,0,0,0,0,0,0
SMLCAP.BSE_IDX,01/07/2025,10:57:14,54487.48,0,0,0,0,0,0
SMLCAP.BSE_IDX,01/07/2025,10:57:22,54483.57,0,0,0,0,0,0
SMLCAP.BSE_IDX,01/07/2025,10:57:30,54484.84,0,0,0,0,0,0
SMLCAP.BSE_IDX,01/07/2025,10:57:39,54486.26,0,0,0,0,0,0
SMLCAP.BSE_IDX,01/07/2025,10:57:46,54484.95,0,0,0,0,0,0
SMLCAP.BSE_IDX,01/07/2025,10:57:54,54484.23,0,0,0,0,0,0
SMLCAP.BSE_IDX,01/07/2025,10:58:02,54482.62,0,0,0,0,0,0
SMLCAP.BSE_IDX,01/07/2025,10:58:10,54482.29,0,0,0,0,0,0
SMLCAP.BSE_IDX,01/07/2025,10:58:18,54482.3,0,0,0,0,0,0
SMLCAP.BSE_IDX,01/07/2025,10:58:26,54483.7,0,0,0,0,0,0
SMLCAP.BSE_IDX,01/07/2025,10:58:34,54484.75,0,0,0,0,0,0
SMLCAP.BSE_IDX,01/07/2025,10:58:42,54486.53,0,0,0,0,0,0
SMLCAP.BSE_IDX,01/07/2025,10:58:50,54487.4,0,0,0,0,0,0
SMLCAP.BSE_IDX,01/07/2025,10:58:58,54487.27,0,0,0,0,0,0
SMLCAP.BSE_IDX,01/07/2025,10:59:06,54487.59,0,0,0,0,0,0
SMLCAP.BSE_IDX,01/07/2025,10:59:14,54488.6,0,0,0,0,0,0
SMLCAP.BSE_IDX,01/07/2025,10:59:22,54486.63,0,0,0,0,0,0
SMLCAP.BSE_IDX,01/07/2025,10:59:30,54484.62,0,0,0,0,0,0
SMLCAP.BSE_IDX,01/07/2025,10:59:38,54484.77,0,0,0,0,0,0
SMLCAP.BSE_IDX,01/07/2025,10:59:47,54480.43,0,0,0,0,0,0
SMLCAP.BSE_IDX,01/07/2025,10:59:55,54479.45,0,0,0,0,0,0
SMLCAP.BSE_IDX,01/07/2025,11:00:03,54478.26,0,0,0,0,0,0
SMLCAP.BSE_IDX,01/07/2025,11:00:11,54479.41,0,0,0,0,0,0
SMLCAP.BSE_IDX,01/07/2025,11:00:18,54481.01,0,0,0,0,0,0
SMLCAP.BSE_IDX,01/07/2025,11:00:26,54480.5,0,0,0,0,0,0
SMLCAP.BSE_IDX,01/07/2025,11:00:34,54478.73,0,0,0,0,0,0
SMLCAP.BSE_IDX,01/07/2025,11:00:42,54476.46,0,0,0,0,0,0
SMLCAP.BSE_IDX,01/07/2025,11:00:50,54475.29,0,0,0,0,0,0
SMLCAP.BSE_IDX,01/07/2025,11:00:58,54475.94,0,0,0,0,0,0
SMLCAP.BSE_IDX,01/07/2025,11:01:06,54475.26,0,0,0,0,0,0
SMLCAP.BSE_IDX,01/07/2025,11:01:15,54475.59,0,0,0,0,0,0
SMLCAP.BSE_IDX,01/07/2025,11:01:22,54474.51,0,0,0,0,0,0
SMLCAP.BSE_IDX,01/07/2025,11:01:30,54474.56,0,0,0,0,0,0
SMLCAP.BSE_IDX,01/07/2025,11:01:38,54479.36,0,0,0,0,0,0
SMLCAP.BSE_IDX,01/07/2025,11:01:46,54479.81,0,0,0,0,0,0
SMLCAP.BSE_IDX,01/07/2025,11:01:54,54480.66,0,0,0,0,0,0
SMLCAP.BSE_IDX,01/07/2025,11:02:02,54480.16,0,0,0,0,0,0
SMLCAP.BSE_IDX,01/07/2025,11:02:10,54477.01,0,0,0,0,0,0
SMLCAP.BSE_IDX,01/07/2025,11:02:18,54475.74,0,0,0,0,0,0
SMLCAP.BSE_IDX,01/07/2025,11:02:27,54472.25,0,0,0,0,0,0
SMLCAP.BSE_IDX,01/07/2025,11:02:34,54473.96,0,0,0,0,0,0
SMLCAP.BSE_IDX,01/07/2025,11:02:42,54473.64,0,0,0,0,0,0
SMLCAP.BSE_IDX,01/07/2025,11:02:51,54470.49,0,0,0,0,0,0
SMLCAP.BSE_IDX,01/07/2025,11:02:58,54465.72,0,0,0,0,0,0
SMLCAP.BSE_IDX,01/07/2025,11:03:06,54459.68,0,0,0,0,0,0
SMLCAP.BSE_IDX,01/07/2025,11:03:14,54457.17,0,0,0,0,0,0
SMLCAP.BSE_IDX,01/07/2025,11:03:22,54455.44,0,0,0,0,0,0
SMLCAP.BSE_IDX,01/07/2025,11:03:31,54457.62,0,0,0,0,0,0
SMLCAP.BSE_IDX,01/07/2025,11:03:38,54456.2,0,0,0,0,0,0
SMLCAP.BSE_IDX,01/07/2025,11:03:46,54456.16,0,0,0,0,0,0
SMLCAP.BSE_IDX,01/07/2025,11:03:54,54455.27,0,0,0,0,0,0
SMLCAP.BSE_IDX,01/07/2025,11:04:02,54454.13,0,0,0,0,0,0
SMLCAP.BSE_IDX,01/07/2025,11:04:10,54452.37,0,0,0,0,0,0
SMLCAP.BSE_IDX,01/07/2025,11:04:18,54450.12,0,0,0,0,0,0
SMLCAP.BSE_IDX,01/07/2025,11:04:27,54450.72,0,0,0,0,0,0
SMLCAP.BSE_IDX,01/07/2025,11:04:34,54449.08,0,0,0,0,0,0
SMLCAP.BSE_IDX,01/07/2025,11:04:42,54447.95,0,0,0,0,0,0
SMLCAP.BSE_IDX,01/07/2025,11:04:51,54446.76,0,0,0,0,0,0
SMLCAP.BSE_IDX,01/07/2025,11:04:58,54447.56,0,0,0,0,0,0
SMLCAP.BSE_IDX,01/07/2025,11:05:06,54448.3,0,0,0,0,0,0
SMLCAP.BSE_IDX,01/07/2025,11:05:14,54450.88,0,0,0,0,0,0
SMLCAP.BSE_IDX,01/07/2025,11:05:22,54453.03,0,0,0,0,0,0
SMLCAP.BSE_IDX,01/07/2025,11:05:30,54455.87,0,0,0,0,0,0
SMLCAP.BSE_IDX,01/07/2025,11:05:38,54455.83,0,0,0,0,0,0
SMLCAP.BSE_IDX,01/07/2025,11:05:46,54457.5,0,0,0,0,0,0
SMLCAP.BSE_IDX,01/07/2025,11:05:54,54459.1,0,0,0,0,0,0
SMLCAP.BSE_IDX,01/07/2025,11:06:02,54460.76,0,0,0,0,0,0
SMLCAP.BSE_IDX,01/07/2025,11:06:11,54461.28,0,0,0,0,0,0
SMLCAP.BSE_IDX,01/07/2025,11:06:19,54463.57,0,0,0,0,0,0
SMLCAP.BSE_IDX,01/07/2025,11:06:26,54464.13,0,0,0,0,0,0
SMLCAP.BSE_IDX,01/07/2025,11:06:34,54465.69,0,0,0,0,0,0
SMLCAP.BSE_IDX,01/07/2025,11:06:42,54465.91,0,0,0,0,0,0
SMLCAP.BSE_IDX,01/07/2025,11:06:50,54466.92,0,0,0,0,0,0
SMLCAP.BSE_IDX,01/07/2025,11:06:58,54468.35,0,0,0,0,0,0
SMLCAP.BSE_IDX,01/07/2025,11:07:06,54472.71,0,0,0,0,0,0
SMLCAP.BSE_IDX,01/07/2025,11:07:15,54475.61,0,0,0,0,0,0
SMLCAP.BSE_IDX,01/07/2025,11:07:22,54477.92,0,0,0,0,0,0
SMLCAP.BSE_IDX,01/07/2025,11:07:30,54479.8,0,0,0,0,0,0
SMLCAP.BSE_IDX,01/07/2025,11:07:38,54482.7,0,0,0,0,0,0
SMLCAP.BSE_IDX,01/07/2025,11:07:46,54484.99,0,0,0,0,0,0
SMLCAP.BSE_IDX,01/07/2025,11:07:54,54485.95,0,0,0,0,0,0
SMLCAP.BSE_IDX,01/07/2025,11:08:02,54485.82,0,0,0,0,0,0
SMLCAP.BSE_IDX,01/07/2025,11:08:11,54485.85,0,0,0,0,0,0
SMLCAP.BSE_IDX,01/07/2025,11:08:18,54485.38,0,0,0,0,0,0
SMLCAP.BSE_IDX,01/07/2025,11:08:26,54487.08,0,0,0,0,0,0
SMLCAP.BSE_IDX,01/07/2025,11:08:35,54486.2,0,0,0,0,0,0
SMLCAP.BSE_IDX,01/07/2025,11:08:43,54489.01,0,0,0,0,0,0
SMLCAP.BSE_IDX,01/07/2025,11:08:51,54489.22,0,0,0,0,0,0
SMLCAP.BSE_IDX,01/07/2025,11:08:58,54489.77,0,0,0,0,0,0
SMLCAP.BSE_IDX,01/07/2025,11:09:07,54490.24,0,0,0,0,0,0
SMLCAP.BSE_IDX,01/07/2025,11:09:15,54493.85,0,0,0,0,0,0
SMLCAP.BSE_IDX,01/07/2025,11:09:23,54493.73,0,0,0,0,0,0
SMLCAP.BSE_IDX,01/07/2025,11:09:31,54497.31,0,0,0,0,0,0
SMLCAP.BSE_IDX,01/07/2025,11:09:39,54495.97,0,0,0,0,0,0
SMLCAP.BSE_IDX,01/07/2025,11:09:46,54495.54,0,0,0,0,0,0
SMLCAP.BSE_IDX,01/07/2025,11:09:55,54495.09,0,0,0,0,0,0
SMLCAP.BSE_IDX,01/07/2025,11:10:03,54496.16,0,0,0,0,0,0
SMLCAP.BSE_IDX,01/07/2025,11:10:11,54495.28,0,0,0,0,0,0
SMLCAP.BSE_IDX,01/07/2025,11:10:19,54496.58,0,0,0,0,0,0
SMLCAP.BSE_IDX,01/07/2025,11:10:27,54497.06,0,0,0,0,0,0
SMLCAP.BSE_IDX,01/07/2025,11:10:35,54497.83,0,0,0,0,0,0
SMLCAP.BSE_IDX,01/07/2025,11:10:43,54497.73,0,0,0,0,0,0
SMLCAP.BSE_IDX,01/07/2025,11:10:51,54500.67,0,0,0,0,0,0
SMLCAP.BSE_IDX,01/07/2025,11:10:59,54501.27,0,0,0,0,0,0
SMLCAP.BSE_IDX,01/07/2025,11:11:07,54500.7,0,0,0,0,0,0
SMLCAP.BSE_IDX,01/07/2025,11:11:15,54501.28,0,0,0,0,0,0
SMLCAP.BSE_IDX,01/07/2025,11:11:23,54501.69,0,0,0,0,0,0
SMLCAP.BSE_IDX,01/07/2025,11:11:31,54500.76,0,0,0,0,0,0
SMLCAP.BSE_IDX,01/07/2025,11:11:39,54501.82,0,0,0,0,0,0
SMLCAP.BSE_IDX,01/07/2025,11:11:47,54501.62,0,0,0,0,0,0
SMLCAP.BSE_IDX,01/07/2025,11:11:55,54504.46,0,0,0,0,0,0
SMLCAP.BSE_IDX,01/07/2025,11:12:03,54506.09,0,0,0,0,0,0
SMLCAP.BSE_IDX,01/07/2025,11:12:11,54506.5,0,0,0,0,0,0
SMLCAP.BSE_IDX,01/07/2025,11:12:19,54507.05,0,0,0,0,0,0
SMLCAP.BSE_IDX,01/07/2025,11:12:27,54505.87,0,0,0,0,0,0
SMLCAP.BSE_IDX,01/07/2025,11:12:35,54505.91,0,0,0,0,0,0
SMLCAP.BSE_IDX,01/07/2025,11:12:43,54505.21,0,0,0,0,0,0
SMLCAP.BSE_IDX,01/07/2025,11:12:51,54505,0,0,0,0,0,0
SMLCAP.BSE_IDX,01/07/2025,11:12:59,54504.12,0,0,0,0,0,0
SMLCAP.BSE_IDX,01/07/2025,11:13:07,54505.48,0,0,0,0,0,0
SMLCAP.BSE_IDX,01/07/2025,11:13:16,54503.94,0,0,0,0,0,0
SMLCAP.BSE_IDX,01/07/2025,11:13:23,54502.77,0,0,0,0,0,0
SMLCAP.BSE_IDX,01/07/2025,11:13:31,54504.98,0,0,0,0,0,0
SMLCAP.BSE_IDX,01/07/2025,11:13:39,54506.02,0,0,0,0,0,0
SMLCAP.BSE_IDX,01/07/2025,11:13:47,54505.44,0,0,0,0,0,0
SMLCAP.BSE_IDX,01/07/2025,11:13:55,54506.15,0,0,0,0,0,0
SMLCAP.BSE_IDX,01/07/2025,11:14:03,54507.92,0,0,0,0,0,0
SMLCAP.BSE_IDX,01/07/2025,11:14:11,54508.18,0,0,0,0,0,0
SMLCAP.BSE_IDX,01/07/2025,11:14:19,54508.57,0,0,0,0,0,0
SMLCAP.BSE_IDX,01/07/2025,11:14:27,54507.65,0,0,0,0,0,0
SMLCAP.BSE_IDX,01/07/2025,11:14:35,54510.24,0,0,0,0,0,0
SMLCAP.BSE_IDX,01/07/2025,11:14:43,54510.28,0,0,0,0,0,0
SMLCAP.BSE_IDX,01/07/2025,11:14:51,54510.22,0,0,0,0,0,0
SMLCAP.BSE_IDX,01/07/2025,11:14:59,54511.72,0,0,0,0,0,0
SMLCAP.BSE_IDX,01/07/2025,11:15:07,54511.76,0,0,0,0,0,0
SMLCAP.BSE_IDX,01/07/2025,11:15:15,54512.59,0,0,0,0,0,0
SMLCAP.BSE_IDX,01/07/2025,11:15:23,54511.99,0,0,0,0,0,0
SMLCAP.BSE_IDX,01/07/2025,11:15:31,54510.79,0,0,0,0,0,0
SMLCAP.BSE_IDX,01/07/2025,11:15:39,54510.04,0,0,0,0,0,0
SMLCAP.BSE_IDX,01/07/2025,11:15:47,54508.97,0,0,0,0,0,0
SMLCAP.BSE_IDX,01/07/2025,11:15:56,54510.79,0,0,0,0,0,0
SMLCAP.BSE_IDX,01/07/2025,11:16:03,54509.33,0,0,0,0,0,0
SMLCAP.BSE_IDX,01/07/2025,11:16:11,54506.78,0,0,0,0,0,0
SMLCAP.BSE_IDX,01/07/2025,11:16:19,54505.98,0,0,0,0,0,0
SMLCAP.BSE_IDX,01/07/2025,11:16:27,54505.38,0,0,0,0,0,0
SMLCAP.BSE_IDX,01/07/2025,11:16:35,54503.83,0,0,0,0,0,0
SMLCAP.BSE_IDX,01/07/2025,11:16:43,54503.95,0,0,0,0,0,0
SMLCAP.BSE_IDX,01/07/2025,11:16:51,54504.83,0,0,0,0,0,0
SMLCAP.BSE_IDX,01/07/2025,11:16:59,54504.3,0,0,0,0,0,0
SMLCAP.BSE_IDX,01/07/2025,11:17:07,54504.53,0,0,0,0,0,0
SMLCAP.BSE_IDX,01/07/2025,11:17:15,54506.84,0,0,0,0,0,0
SMLCAP.BSE_IDX,01/07/2025,11:17:23,54507.87,0,0,0,0,0,0
SMLCAP.BSE_IDX,01/07/2025,11:17:31,54509.6,0,0,0,0,0,0
SMLCAP.BSE_IDX,01/07/2025,11:17:39,54510.53,0,0,0,0,0,0
SMLCAP.BSE_IDX,01/07/2025,11:17:47,54512.18,0,0,0,0,0,0
SMLCAP.BSE_IDX,01/07/2025,11:17:57,54515.41,0,0,0,0,0,0
SMLCAP.BSE_IDX,01/07/2025,11:18:03,54520.8,0,0,0,0,0,0
SMLCAP.BSE_IDX,01/07/2025,11:18:11,54521.43,0,0,0,0,0,0
SMLCAP.BSE_IDX,01/07/2025,11:18:19,54523.93,0,0,0,0,0,0
SMLCAP.BSE_IDX,01/07/2025,11:18:27,54524.77,0,0,0,0,0,0
SMLCAP.BSE_IDX,01/07/2025,11:18:35,54525.07,0,0,0,0,0,0
SMLCAP.BSE_IDX,01/07/2025,11:18:44,54525.77,0,0,0,0,0,0
SMLCAP.BSE_IDX,01/07/2025,11:18:51,54526.82,0,0,0,0,0,0
SMLCAP.BSE_IDX,01/07/2025,11:18:59,54526.51,0,0,0,0,0,0
SMLCAP.BSE_IDX,01/07/2025,11:19:08,54527.05,0,0,0,0,0,0
SMLCAP.BSE_IDX,01/07/2025,11:19:15,54522.03,0,0,0,0,0,0
SMLCAP.BSE_IDX,01/07/2025,11:19:23,54521.43,0,0,0,0,0,0
SMLCAP.BSE_IDX,01/07/2025,11:19:31,54517.98,0,0,0,0,0,0
SMLCAP.BSE_IDX,01/07/2025,11:19:39,54516.25,0,0,0,0,0,0
SMLCAP.BSE_IDX,01/07/2025,11:19:47,54514.85,0,0,0,0,0,0
SMLCAP.BSE_IDX,01/07/2025,11:19:55,54514.76,0,0,0,0,0,0
SMLCAP.BSE_IDX,01/07/2025,11:20:03,54515.66,0,0,0,0,0,0
SMLCAP.BSE_IDX,01/07/2025,11:20:11,54515.59,0,0,0,0,0,0
SMLCAP.BSE_IDX,01/07/2025,11:20:19,54513.79,0,0,0,0,0,0
SMLCAP.BSE_IDX,01/07/2025,11:20:27,54512.06,0,0,0,0,0,0
SMLCAP.BSE_IDX,01/07/2025,11:20:35,54512.13,0,0,0,0,0,0
SMLCAP.BSE_IDX,01/07/2025,11:20:43,54512.08,0,0,0,0,0,0
SMLCAP.BSE_IDX,01/07/2025,11:20:51,54511.72,0,0,0,0,0,0
SMLCAP.BSE_IDX,01/07/2025,11:20:59,54511.38,0,0,0,0,0,0
SMLCAP.BSE_IDX,01/07/2025,11:21:07,54514.68,0,0,0,0,0,0
SMLCAP.BSE_IDX,01/07/2025,11:21:15,54514.9,0,0,0,0,0,0
SMLCAP.BSE_IDX,01/07/2025,11:21:24,54514.12,0,0,0,0,0,0
SMLCAP.BSE_IDX,01/07/2025,11:21:31,54514.17,0,0,0,0,0,0
SMLCAP.BSE_IDX,01/07/2025,11:21:39,54514.06,0,0,0,0,0,0
SMLCAP.BSE_IDX,01/07/2025,11:21:47,54511.49,0,0,0,0,0,0
SMLCAP.BSE_IDX,01/07/2025,11:21:56,54511.96,0,0,0,0,0,0
SMLCAP.BSE_IDX,01/07/2025,11:22:03,54512.05,0,0,0,0,0,0
SMLCAP.BSE_IDX,01/07/2025,11:22:11,54512.63,0,0,0,0,0,0
SMLCAP.BSE_IDX,01/07/2025,11:22:19,54514.64,0,0,0,0,0,0
SMLCAP.BSE_IDX,01/07/2025,11:22:28,54515.53,0,0,0,0,0,0
SMLCAP.BSE_IDX,01/07/2025,11:22:35,54517.43,0,0,0,0,0,0
SMLCAP.BSE_IDX,01/07/2025,11:22:43,54518.66,0,0,0,0,0,0
SMLCAP.BSE_IDX,01/07/2025,11:22:51,54516.79,0,0,0,0,0,0
SMLCAP.BSE_IDX,01/07/2025,11:22:59,54517.35,0,0,0,0,0,0
SMLCAP.BSE_IDX,01/07/2025,11:23:07,54516.99,0,0,0,0,0,0
SMLCAP.BSE_IDX,01/07/2025,11:23:15,54515.63,0,0,0,0,0,0
SMLCAP.BSE_IDX,01/07/2025,11:23:23,54514.22,0,0,0,0,0,0
SMLCAP.BSE_IDX,01/07/2025,11:23:31,54515.19,0,0,0,0,0,0
SMLCAP.BSE_IDX,01/07/2025,11:23:39,54515.38,0,0,0,0,0,0
SMLCAP.BSE_IDX,01/07/2025,11:23:47,54518.38,0,0,0,0,0,0
SMLCAP.BSE_IDX,01/07/2025,11:23:55,54519.04,0,0,0,0,0,0
SMLCAP.BSE_IDX,01/07/2025,11:24:04,54519.51,0,0,0,0,0,0
SMLCAP.BSE_IDX,01/07/2025,11:24:11,54520.48,0,0,0,0,0,0
SMLCAP.BSE_IDX,01/07/2025,11:24:19,54521.08,0,0,0,0,0,0
SMLCAP.BSE_IDX,01/07/2025,11:24:27,54520.97,0,0,0,0,0,0
SMLCAP.BSE_IDX,01/07/2025,11:24:35,54521.7,0,0,0,0,0,0
SMLCAP.BSE_IDX,01/07/2025,11:24:43,54522.43,0,0,0,0,0,0
SMLCAP.BSE_IDX,01/07/2025,11:24:52,54522.39,0,0,0,0,0,0
SMLCAP.BSE_IDX,01/07/2025,11:25:00,54522.69,0,0,0,0,0,0
SMLCAP.BSE_IDX,01/07/2025,11:25:07,54526.28,0,0,0,0,0,0
SMLCAP.BSE_IDX,01/07/2025,11:25:15,54525.95,0,0,0,0,0,0
SMLCAP.BSE_IDX,01/07/2025,11:25:23,54527.05,0,0,0,0,0,0
SMLCAP.BSE_IDX,01/07/2025,11:25:31,54529.34,0,0,0,0,0,0
SMLCAP.BSE_IDX,01/07/2025,11:25:41,54528.93,0,0,0,0,0,0
SMLCAP.BSE_IDX,01/07/2025,11:25:47,54530.3,0,0,0,0,0,0
SMLCAP.BSE_IDX,01/07/2025,11:25:55,54532.22,0,0,0,0,0,0
SMLCAP.BSE_IDX,01/07/2025,11:26:03,54531.44,0,0,0,0,0,0
SMLCAP.BSE_IDX,01/07/2025,11:26:11,54531.73,0,0,0,0,0,0
SMLCAP.BSE_IDX,01/07/2025,11:26:19,54532.53,0,0,0,0,0,0
SMLCAP.BSE_IDX,01/07/2025,11:26:27,54531.99,0,0,0,0,0,0
SMLCAP.BSE_IDX,01/07/2025,11:26:35,54533.47,0,0,0,0,0,0
SMLCAP.BSE_IDX,01/07/2025,11:26:43,54535.76,0,0,0,0,0,0
SMLCAP.BSE_IDX,01/07/2025,11:26:51,54536.47,0,0,0,0,0,0
SMLCAP.BSE_IDX,01/07/2025,11:26:59,54536.72,0,0,0,0,0,0
SMLCAP.BSE_IDX,01/07/2025,11:27:07,54537.81,0,0,0,0,0,0
SMLCAP.BSE_IDX,01/07/2025,11:27:15,54537.46,0,0,0,0,0,0
SMLCAP.BSE_IDX,01/07/2025,11:27:23,54539.36,0,0,0,0,0,0
SMLCAP.BSE_IDX,01/07/2025,11:27:31,54538.4,0,0,0,0,0,0
SMLCAP.BSE_IDX,01/07/2025,11:27:39,54536.65,0,0,0,0,0,0
SMLCAP.BSE_IDX,01/07/2025,11:27:47,54536.02,0,0,0,0,0,0
SMLCAP.BSE_IDX,01/07/2025,11:27:55,54536.08,0,0,0,0,0,0
SMLCAP.BSE_IDX,01/07/2025,11:28:03,54537.23,0,0,0,0,0,0
SMLCAP.BSE_IDX,01/07/2025,11:28:11,54538.36,0,0,0,0,0,0
SMLCAP.BSE_IDX,01/07/2025,11:28:19,54537.58,0,0,0,0,0,0
SMLCAP.BSE_IDX,01/07/2025,11:28:27,54537.78,0,0,0,0,0,0
SMLCAP.BSE_IDX,01/07/2025,11:28:36,54538.34,0,0,0,0,0,0
SMLCAP.BSE_IDX,01/07/2025,11:28:43,54538.59,0,0,0,0,0,0
SMLCAP.BSE_IDX,01/07/2025,11:28:51,54538.76,0,0,0,0,0,0
SMLCAP.BSE_IDX,01/07/2025,11:28:59,54541.35,0,0,0,0,0,0
SMLCAP.BSE_IDX,01/07/2025,11:29:07,54541.81,0,0,0,0,0,0
SMLCAP.BSE_IDX,01/07/2025,11:29:16,54542.18,0,0,0,0,0,0
SMLCAP.BSE_IDX,01/07/2025,11:29:24,54544.07,0,0,0,0,0,0
SMLCAP.BSE_IDX,01/07/2025,11:29:31,54544.91,0,0,0,0,0,0
SMLCAP.BSE_IDX,01/07/2025,11:29:39,54545.69,0,0,0,0,0,0
SMLCAP.BSE_IDX,01/07/2025,11:29:47,54547.19,0,0,0,0,0,0
SMLCAP.BSE_IDX,01/07/2025,11:29:55,54547.55,0,0,0,0,0,0
SMLCAP.BSE_IDX,01/07/2025,11:30:03,54547.98,0,0,0,0,0,0
SMLCAP.BSE_IDX,01/07/2025,11:30:11,54548.6,0,0,0,0,0,0
SMLCAP.BSE_IDX,01/07/2025,11:30:19,54548.83,0,0,0,0,0,0
SMLCAP.BSE_IDX,01/07/2025,11:30:27,54549.88,0,0,0,0,0,0
SMLCAP.BSE_IDX,01/07/2025,11:30:35,54551.28,0,0,0,0,0,0
SMLCAP.BSE_IDX,01/07/2025,11:30:43,54551.98,0,0,0,0,0,0
SMLCAP.BSE_IDX,01/07/2025,11:30:51,54550.87,0,0,0,0,0,0
SMLCAP.BSE_IDX,01/07/2025,11:30:59,54549.9,0,0,0,0,0,0
SMLCAP.BSE_IDX,01/07/2025,11:31:07,54548.3,0,0,0,0,0,0
SMLCAP.BSE_IDX,01/07/2025,11:31:15,54548.74,0,0,0,0,0,0
SMLCAP.BSE_IDX,01/07/2025,11:31:23,54548.68,0,0,0,0,0,0
SMLCAP.BSE_IDX,01/07/2025,11:31:31,54548.54,0,0,0,0,0,0
SMLCAP.BSE_IDX,01/07/2025,11:31:39,54548.82,0,0,0,0,0,0
SMLCAP.BSE_IDX,01/07/2025,11:31:47,54548.38,0,0,0,0,0,0
SMLCAP.BSE_IDX,01/07/2025,11:31:55,54549.35,0,0,0,0,0,0
SMLCAP.BSE_IDX,01/07/2025,11:32:04,54550.02,0,0,0,0,0,0
SMLCAP.BSE_IDX,01/07/2025,11:32:11,54547.8,0,0,0,0,0,0
SMLCAP.BSE_IDX,01/07/2025,11:32:19,54546.74,0,0,0,0,0,0
SMLCAP.BSE_IDX,01/07/2025,11:32:27,54547.77,0,0,0,0,0,0
SMLCAP.BSE_IDX,01/07/2025,11:32:35,54546.12,0,0,0,0,0,0
SMLCAP.BSE_IDX,01/07/2025,11:32:43,54546.91,0,0,0,0,0,0
SMLCAP.BSE_IDX,01/07/2025,11:32:51,54545.63,0,0,0,0,0,0
SMLCAP.BSE_IDX,01/07/2025,11:32:59,54544.69,0,0,0,0,0,0
SMLCAP.BSE_IDX,01/07/2025,11:33:07,54541.86,0,0,0,0,0,0
SMLCAP.BSE_IDX,01/07/2025,11:33:15,54541.64,0,0,0,0,0,0
SMLCAP.BSE_IDX,01/07/2025,11:33:23,54539.74,0,0,0,0,0,0
SMLCAP.BSE_IDX,01/07/2025,11:33:31,54541.42,0,0,0,0,0,0
SMLCAP.BSE_IDX,01/07/2025,11:33:39,54540.95,0,0,0,0,0,0
SMLCAP.BSE_IDX,01/07/2025,11:33:47,54539.47,0,0,0,0,0,0
SMLCAP.BSE_IDX,01/07/2025,11:33:55,54537.83,0,0,0,0,0,0
SMLCAP.BSE_IDX,01/07/2025,11:34:03,54538.1,0,0,0,0,0,0
SMLCAP.BSE_IDX,01/07/2025,11:34:12,54538.8,0,0,0,0,0,0
SMLCAP.BSE_IDX,01/07/2025,11:34:19,54538.27,0,0,0,0,0,0
SMLCAP.BSE_IDX,01/07/2025,11:34:27,54537.5,0,0,0,0,0,0
SMLCAP.BSE_IDX,01/07/2025,11:34:35,54535.84,0,0,0,0,0,0
SMLCAP.BSE_IDX,01/07/2025,11:34:43,54534.5,0,0,0,0,0,0
SMLCAP.BSE_IDX,01/07/2025,11:34:51,54532.93,0,0,0,0,0,0
SMLCAP.BSE_IDX,01/07/2025,11:34:59,54531.75,0,0,0,0,0,0
SMLCAP.BSE_IDX,01/07/2025,11:35:07,54531.3,0,0,0,0,0,0
SMLCAP.BSE_IDX,01/07/2025,11:35:16,54530.52,0,0,0,0,0,0
SMLCAP.BSE_IDX,01/07/2025,11:35:23,54529.64,0,0,0,0,0,0
SMLCAP.BSE_IDX,01/07/2025,11:35:32,54528.43,0,0,0,0,0,0
SMLCAP.BSE_IDX,01/07/2025,11:35:39,54529.8,0,0,0,0,0,0
SMLCAP.BSE_IDX,01/07/2025,11:35:47,54528.73,0,0,0,0,0,0
SMLCAP.BSE_IDX,01/07/2025,11:35:55,54527.84,0,0,0,0,0,0
SMLCAP.BSE_IDX,01/07/2025,11:36:04,54530.48,0,0,0,0,0,0
SMLCAP.BSE_IDX,01/07/2025,11:36:11,54529.92,0,0,0,0,0,0
SMLCAP.BSE_IDX,01/07/2025,11:36:19,54529.93,0,0,0,0,0,0
SMLCAP.BSE_IDX,01/07/2025,11:36:28,54530.43,0,0,0,0,0,0
SMLCAP.BSE_IDX,01/07/2025,11:36:35,54530.07,0,0,0,0,0,0
SMLCAP.BSE_IDX,01/07/2025,11:36:43,54530.11,0,0,0,0,0,0
SMLCAP.BSE_IDX,01/07/2025,11:36:54,54529.78,0,0,0,0,0,0
SMLCAP.BSE_IDX,01/07/2025,11:36:59,54529.12,0,0,0,0,0,0
SMLCAP.BSE_IDX,01/07/2025,11:37:07,54528.77,0,0,0,0,0,0
SMLCAP.BSE_IDX,01/07/2025,11:37:15,54529.63,0,0,0,0,0,0
SMLCAP.BSE_IDX,01/07/2025,11:37:23,54530.83,0,0,0,0,0,0
SMLCAP.BSE_IDX,01/07/2025,11:37:31,54533.11,0,0,0,0,0,0
SMLCAP.BSE_IDX,01/07/2025,11:37:41,54533.59,0,0,0,0,0,0
SMLCAP.BSE_IDX,01/07/2025,11:37:47,54534.6,0,0,0,0,0,0
SMLCAP.BSE_IDX,01/07/2025,11:37:55,54534.65,0,0,0,0,0,0
SMLCAP.BSE_IDX,01/07/2025,11:38:03,54532.93,0,0,0,0,0,0
SMLCAP.BSE_IDX,01/07/2025,11:38:11,54530.7,0,0,0,0,0,0
SMLCAP.BSE_IDX,01/07/2025,11:38:20,54530.5,0,0,0,0,0,0
SMLCAP.BSE_IDX,01/07/2025,11:38:27,54529.63,0,0,0,0,0,0
SMLCAP.BSE_IDX,01/07/2025,11:38:35,54529.77,0,0,0,0,0,0
SMLCAP.BSE_IDX,01/07/2025,11:38:43,54528.1,0,0,0,0,0,0
SMLCAP.BSE_IDX,01/07/2025,11:38:51,54529.13,0,0,0,0,0,0
SMLCAP.BSE_IDX,01/07/2025,11:38:59,54527.01,0,0,0,0,0,0
SMLCAP.BSE_IDX,01/07/2025,11:39:07,54528.94,0,0,0,0,0,0
SMLCAP.BSE_IDX,01/07/2025,11:39:16,54527.56,0,0,0,0,0,0
SMLCAP.BSE_IDX,01/07/2025,11:39:23,54527.59,0,0,0,0,0,0
SMLCAP.BSE_IDX,01/07/2025,11:39:31,54527.11,0,0,0,0,0,0
SMLCAP.BSE_IDX,01/07/2025,11:39:39,54524.36,0,0,0,0,0,0
SMLCAP.BSE_IDX,01/07/2025,11:39:47,54525.62,0,0,0,0,0,0
SMLCAP.BSE_IDX,01/07/2025,11:39:55,54524.65,0,0,0,0,0,0
SMLCAP.BSE_IDX,01/07/2025,11:40:03,54524.38,0,0,0,0,0,0
SMLCAP.BSE_IDX,01/07/2025,11:40:11,54523.92,0,0,0,0,0,0
SMLCAP.BSE_IDX,01/07/2025,11:40:19,54525.62,0,0,0,0,0,0
SMLCAP.BSE_IDX,01/07/2025,11:40:27,54526.47,0,0,0,0,0,0
SMLCAP.BSE_IDX,01/07/2025,11:40:35,54527.72,0,0,0,0,0,0
SMLCAP.BSE_IDX,01/07/2025,11:40:43,54528.02,0,0,0,0,0,0
SMLCAP.BSE_IDX,01/07/2025,11:40:51,54528.21,0,0,0,0,0,0
SMLCAP.BSE_IDX,01/07/2025,11:41:00,54528.46,0,0,0,0,0,0
SMLCAP.BSE_IDX,01/07/2025,11:41:07,54527.95,0,0,0,0,0,0
SMLCAP.BSE_IDX,01/07/2025,11:41:15,54525.53,0,0,0,0,0,0
SMLCAP.BSE_IDX,01/07/2025,11:41:24,54525.54,0,0,0,0,0,0
SMLCAP.BSE_IDX,01/07/2025,11:41:32,54523.9,0,0,0,0,0,0
SMLCAP.BSE_IDX,01/07/2025,11:41:39,54524.11,0,0,0,0,0,0
SMLCAP.BSE_IDX,01/07/2025,11:41:48,54521.72,0,0,0,0,0,0
SMLCAP.BSE_IDX,01/07/2025,11:41:56,54521.01,0,0,0,0,0,0
SMLCAP.BSE_IDX,01/07/2025,11:42:04,54521.3,0,0,0,0,0,0
SMLCAP.BSE_IDX,01/07/2025,11:42:12,54521.84,0,0,0,0,0,0
SMLCAP.BSE_IDX,01/07/2025,11:42:20,54520.78,0,0,0,0,0,0
SMLCAP.BSE_IDX,01/07/2025,11:42:28,54521.52,0,0,0,0,0,0
SMLCAP.BSE_IDX,01/07/2025,11:42:36,54521.25,0,0,0,0,0,0
SMLCAP.BSE_IDX,01/07/2025,11:42:44,54524.01,0,0,0,0,0,0
SMLCAP.BSE_IDX,01/07/2025,11:42:52,54523.5,0,0,0,0,0,0
SMLCAP.BSE_IDX,01/07/2025,11:43:00,54523.13,0,0,0,0,0,0
SMLCAP.BSE_IDX,01/07/2025,11:43:08,54521.13,0,0,0,0,0,0
SMLCAP.BSE_IDX,01/07/2025,11:43:16,54520.36,0,0,0,0,0,0
SMLCAP.BSE_IDX,01/07/2025,11:43:24,54521.1,0,0,0,0,0,0
SMLCAP.BSE_IDX,01/07/2025,11:43:32,54521.44,0,0,0,0,0,0
SMLCAP.BSE_IDX,01/07/2025,11:43:40,54522.7,0,0,0,0,0,0
SMLCAP.BSE_IDX,01/07/2025,11:43:48,54522.71,0,0,0,0,0,0
SMLCAP.BSE_IDX,01/07/2025,11:43:56,54521.42,0,0,0,0,0,0
SMLCAP.BSE_IDX,01/07/2025,11:44:04,54522.04,0,0,0,0,0,0
SMLCAP.BSE_IDX,01/07/2025,11:44:12,54522.73,0,0,0,0,0,0
SMLCAP.BSE_IDX,01/07/2025,11:44:20,54523.48,0,0,0,0,0,0
SMLCAP.BSE_IDX,01/07/2025,11:44:28,54524.77,0,0,0,0,0,0
SMLCAP.BSE_IDX,01/07/2025,11:44:36,54523.51,0,0,0,0,0,0
SMLCAP.BSE_IDX,01/07/2025,11:44:44,54523.96,0,0,0,0,0,0
SMLCAP.BSE_IDX,01/07/2025,11:44:52,54525.05,0,0,0,0,0,0
SMLCAP.BSE_IDX,01/07/2025,11:45:00,54524.47,0,0,0,0,0,0
SMLCAP.BSE_IDX,01/07/2025,11:45:08,54523.39,0,0,0,0,0,0
SMLCAP.BSE_IDX,01/07/2025,11:45:16,54521.05,0,0,0,0,0,0
SMLCAP.BSE_IDX,01/07/2025,11:45:24,54516.01,0,0,0,0,0,0
SMLCAP.BSE_IDX,01/07/2025,11:45:32,54516,0,0,0,0,0,0
SMLCAP.BSE_IDX,01/07/2025,11:45:40,54516.2,0,0,0,0,0,0
SMLCAP.BSE_IDX,01/07/2025,11:45:48,54517.05,0,0,0,0,0,0
SMLCAP.BSE_IDX,01/07/2025,11:45:56,54517.21,0,0,0,0,0,0
SMLCAP.BSE_IDX,01/07/2025,11:46:04,54517.86,0,0,0,0,0,0
SMLCAP.BSE_IDX,01/07/2025,11:46:12,54517.28,0,0,0,0,0,0
SMLCAP.BSE_IDX,01/07/2025,11:46:20,54516.59,0,0,0,0,0,0
SMLCAP.BSE_IDX,01/07/2025,11:46:28,54517.6,0,0,0,0,0,0
SMLCAP.BSE_IDX,01/07/2025,11:46:36,54520.86,0,0,0,0,0,0
SMLCAP.BSE_IDX,01/07/2025,11:46:44,54523.5,0,0,0,0,0,0
SMLCAP.BSE_IDX,01/07/2025,11:46:52,54525.15,0,0,0,0,0,0
SMLCAP.BSE_IDX,01/07/2025,11:47:00,54527.28,0,0,0,0,0,0
SMLCAP.BSE_IDX,01/07/2025,11:47:08,54526.81,0,0,0,0,0,0
SMLCAP.BSE_IDX,01/07/2025,11:47:16,54525.82,0,0,0,0,0,0
SMLCAP.BSE_IDX,01/07/2025,11:47:24,54524.78,0,0,0,0,0,0
SMLCAP.BSE_IDX,01/07/2025,11:47:32,54525.68,0,0,0,0,0,0
SMLCAP.BSE_IDX,01/07/2025,11:47:40,54526.11,0,0,0,0,0,0
SMLCAP.BSE_IDX,01/07/2025,11:47:48,54525.26,0,0,0,0,0,0
SMLCAP.BSE_IDX,01/07/2025,11:47:56,54525.31,0,0,0,0,0,0
SMLCAP.BSE_IDX,01/07/2025,11:48:04,54525.23,0,0,0,0,0,0
SMLCAP.BSE_IDX,01/07/2025,11:48:12,54525.35,0,0,0,0,0,0
SMLCAP.BSE_IDX,01/07/2025,11:48:20,54526.77,0,0,0,0,0,0
SMLCAP.BSE_IDX,01/07/2025,11:48:28,54528.12,0,0,0,0,0,0
SMLCAP.BSE_IDX,01/07/2025,11:48:36,54529.04,0,0,0,0,0,0
SMLCAP.BSE_IDX,01/07/2025,11:48:44,54529.27,0,0,0,0,0,0
SMLCAP.BSE_IDX,01/07/2025,11:48:52,54529.53,0,0,0,0,0,0
SMLCAP.BSE_IDX,01/07/2025,11:49:01,54529.36,0,0,0,0,0,0
SMLCAP.BSE_IDX,01/07/2025,11:49:09,54531.19,0,0,0,0,0,0
SMLCAP.BSE_IDX,01/07/2025,11:49:16,54530.42,0,0,0,0,0,0
SMLCAP.BSE_IDX,01/07/2025,11:49:24,54529.21,0,0,0,0,0,0
SMLCAP.BSE_IDX,01/07/2025,11:49:32,54528.81,0,0,0,0,0,0
SMLCAP.BSE_IDX,01/07/2025,11:49:40,54527.52,0,0,0,0,0,0
SMLCAP.BSE_IDX,01/07/2025,11:49:49,54526.84,0,0,0,0,0,0
SMLCAP.BSE_IDX,01/07/2025,11:49:56,54525.98,0,0,0,0,0,0
SMLCAP.BSE_IDX,01/07/2025,11:50:04,54522.83,0,0,0,0,0,0
SMLCAP.BSE_IDX,01/07/2025,11:50:12,54523.14,0,0,0,0,0,0
SMLCAP.BSE_IDX,01/07/2025,11:50:20,54524.7,0,0,0,0,0,0
SMLCAP.BSE_IDX,01/07/2025,11:50:28,54526,0,0,0,0,0,0
SMLCAP.BSE_IDX,01/07/2025,11:50:36,54524.07,0,0,0,0,0,0
SMLCAP.BSE_IDX,01/07/2025,11:50:44,54524.28,0,0,0,0,0,0
SMLCAP.BSE_IDX,01/07/2025,11:50:52,54521.13,0,0,0,0,0,0
SMLCAP.BSE_IDX,01/07/2025,11:51:00,54519.21,0,0,0,0,0,0
SMLCAP.BSE_IDX,01/07/2025,11:51:08,54520.17,0,0,0,0,0,0
SMLCAP.BSE_IDX,01/07/2025,11:51:16,54522.57,0,0,0,0,0,0
SMLCAP.BSE_IDX,01/07/2025,11:51:24,54521.05,0,0,0,0,0,0
SMLCAP.BSE_IDX,01/07/2025,11:51:32,54522.75,0,0,0,0,0,0
SMLCAP.BSE_IDX,01/07/2025,11:51:40,54523.6,0,0,0,0,0,0
SMLCAP.BSE_IDX,01/07/2025,11:51:48,54522.9,0,0,0,0,0,0
SMLCAP.BSE_IDX,01/07/2025,11:51:56,54524.59,0,0,0,0,0,0
SMLCAP.BSE_IDX,01/07/2025,11:52:04,54524.8,0,0,0,0,0,0
SMLCAP.BSE_IDX,01/07/2025,11:52:12,54524.45,0,0,0,0,0,0
SMLCAP.BSE_IDX,01/07/2025,11:52:20,54524.28,0,0,0,0,0,0
SMLCAP.BSE_IDX,01/07/2025,11:52:28,54523.71,0,0,0,0,0,0
SMLCAP.BSE_IDX,01/07/2025,11:52:36,54523.76,0,0,0,0,0,0
SMLCAP.BSE_IDX,01/07/2025,11:52:44,54521.78,0,0,0,0,0,0
SMLCAP.BSE_IDX,01/07/2025,11:52:52,54521.3,0,0,0,0,0,0
SMLCAP.BSE_IDX,01/07/2025,11:53:00,54520.01,0,0,0,0,0,0
SMLCAP.BSE_IDX,01/07/2025,11:53:08,54516.88,0,0,0,0,0,0
SMLCAP.BSE_IDX,01/07/2025,11:53:16,54515.64,0,0,0,0,0,0
SMLCAP.BSE_IDX,01/07/2025,11:53:24,54514.44,0,0,0,0,0,0
SMLCAP.BSE_IDX,01/07/2025,11:53:32,54513.31,0,0,0,0,0,0
SMLCAP.BSE_IDX,01/07/2025,11:53:40,54512.97,0,0,0,0,0,0
SMLCAP.BSE_IDX,01/07/2025,11:53:48,54510.02,0,0,0,0,0,0
SMLCAP.BSE_IDX,01/07/2025,11:53:56,54509.3,0,0,0,0,0,0
SMLCAP.BSE_IDX,01/07/2025,11:54:04,54505.71,0,0,0,0,0,0
SMLCAP.BSE_IDX,01/07/2025,11:54:12,54499.28,0,0,0,0,0,0
SMLCAP.BSE_IDX,01/07/2025,11:54:20,54498.6,0,0,0,0,0,0
SMLCAP.BSE_IDX,01/07/2025,11:54:28,54497.88,0,0,0,0,0,0
SMLCAP.BSE_IDX,01/07/2025,11:54:36,54496.87,0,0,0,0,0,0
SMLCAP.BSE_IDX,01/07/2025,11:54:44,54496.72,0,0,0,0,0,0
SMLCAP.BSE_IDX,01/07/2025,11:54:52,54495.17,0,0,0,0,0,0
SMLCAP.BSE_IDX,01/07/2025,11:55:00,54495.3,0,0,0,0,0,0
SMLCAP.BSE_IDX,01/07/2025,11:55:08,54493.88,0,0,0,0,0,0
SMLCAP.BSE_IDX,01/07/2025,11:55:17,54493.54,0,0,0,0,0,0
SMLCAP.BSE_IDX,01/07/2025,11:55:24,54494.19,0,0,0,0,0,0
SMLCAP.BSE_IDX,01/07/2025,11:55:32,54496.39,0,0,0,0,0,0
SMLCAP.BSE_IDX,01/07/2025,11:55:40,54497.35,0,0,0,0,0,0
SMLCAP.BSE_IDX,01/07/2025,11:55:48,54496.7,0,0,0,0,0,0
SMLCAP.BSE_IDX,01/07/2025,11:55:56,54493.79,0,0,0,0,0,0
SMLCAP.BSE_IDX,01/07/2025,11:56:05,54492.34,0,0,0,0,0,0
SMLCAP.BSE_IDX,01/07/2025,11:56:12,54491.6,0,0,0,0,0,0
SMLCAP.BSE_IDX,01/07/2025,11:56:20,54487.84,0,0,0,0,0,0
SMLCAP.BSE_IDX,01/07/2025,11:56:28,54484.57,0,0,0,0,0,0
SMLCAP.BSE_IDX,01/07/2025,11:56:36,54483.05,0,0,0,0,0,0
SMLCAP.BSE_IDX,01/07/2025,11:56:44,54480.77,0,0,0,0,0,0
SMLCAP.BSE_IDX,01/07/2025,11:56:52,54479.51,0,0,0,0,0,0
SMLCAP.BSE_IDX,01/07/2025,11:57:00,54479.76,0,0,0,0,0,0
SMLCAP.BSE_IDX,01/07/2025,11:57:08,54478.32,0,0,0,0,0,0
SMLCAP.BSE_IDX,01/07/2025,11:57:16,54475.8,0,0,0,0,0,0
SMLCAP.BSE_IDX,01/07/2025,11:57:24,54475.66,0,0,0,0,0,0
SMLCAP.BSE_IDX,01/07/2025,11:57:32,54474.62,0,0,0,0,0,0
SMLCAP.BSE_IDX,01/07/2025,11:57:40,54474.31,0,0,0,0,0,0
SMLCAP.BSE_IDX,01/07/2025,11:57:48,54473.16,0,0,0,0,0,0
SMLCAP.BSE_IDX,01/07/2025,11:57:56,54472.24,0,0,0,0,0,0
SMLCAP.BSE_IDX,01/07/2025,11:58:04,54470.67,0,0,0,0,0,0
SMLCAP.BSE_IDX,01/07/2025,11:58:12,54467.7,0,0,0,0,0,0
SMLCAP.BSE_IDX,01/07/2025,11:58:20,54466.83,0,0,0,0,0,0
SMLCAP.BSE_IDX,01/07/2025,11:58:28,54467.49,0,0,0,0,0,0
SMLCAP.BSE_IDX,01/07/2025,11:58:36,54467.56,0,0,0,0,0,0
SMLCAP.BSE_IDX,01/07/2025,11:58:44,54467.36,0,0,0,0,0,0
SMLCAP.BSE_IDX,01/07/2025,11:58:52,54465.58,0,0,0,0,0,0
SMLCAP.BSE_IDX,01/07/2025,11:59:00,54464.92,0,0,0,0,0,0
SMLCAP.BSE_IDX,01/07/2025,11:59:08,54467.73,0,0,0,0,0,0
SMLCAP.BSE_IDX,01/07/2025,11:59:16,54466.4,0,0,0,0,0,0
SMLCAP.BSE_IDX,01/07/2025,11:59:24,54467.18,0,0,0,0,0,0
SMLCAP.BSE_IDX,01/07/2025,11:59:32,54468.75,0,0,0,0,0,0
SMLCAP.BSE_IDX,01/07/2025,11:59:40,54470.23,0,0,0,0,0,0
SMLCAP.BSE_IDX,01/07/2025,11:59:48,54472.95,0,0,0,0,0,0
SMLCAP.BSE_IDX,01/07/2025,11:59:56,54473.34,0,0,0,0,0,0
SMLCAP.BSE_IDX,01/07/2025,12:00:05,54476.03,0,0,0,0,0,0
SMLCAP.BSE_IDX,01/07/2025,12:00:12,54476.81,0,0,0,0,0,0
SMLCAP.BSE_IDX,01/07/2025,12:00:20,54477.44,0,0,0,0,0,0
SMLCAP.BSE_IDX,01/07/2025,12:00:28,54477.32,0,0,0,0,0,0
SMLCAP.BSE_IDX,01/07/2025,12:00:37,54477.06,0,0,0,0,0,0
SMLCAP.BSE_IDX,01/07/2025,12:00:44,54476.26,0,0,0,0,0,0
SMLCAP.BSE_IDX,01/07/2025,12:00:52,54480.5,0,0,0,0,0,0
SMLCAP.BSE_IDX,01/07/2025,12:01:00,54482.43,0,0,0,0,0,0
SMLCAP.BSE_IDX,01/07/2025,12:01:08,54482.98,0,0,0,0,0,0
SMLCAP.BSE_IDX,01/07/2025,12:01:16,54485.05,0,0,0,0,0,0
SMLCAP.BSE_IDX,01/07/2025,12:01:24,54485.52,0,0,0,0,0,0
SMLCAP.BSE_IDX,01/07/2025,12:01:32,54484.38,0,0,0,0,0,0
SMLCAP.BSE_IDX,01/07/2025,12:01:40,54484.23,0,0,0,0,0,0
SMLCAP.BSE_IDX,01/07/2025,12:01:48,54485.25,0,0,0,0,0,0
SMLCAP.BSE_IDX,01/07/2025,12:01:57,54484.93,0,0,0,0,0,0
SMLCAP.BSE_IDX,01/07/2025,12:02:04,54485.49,0,0,0,0,0,0
SMLCAP.BSE_IDX,01/07/2025,12:02:12,54485.77,0,0,0,0,0,0
SMLCAP.BSE_IDX,01/07/2025,12:02:20,54485.64,0,0,0,0,0,0
SMLCAP.BSE_IDX,01/07/2025,12:02:28,54487.01,0,0,0,0,0,0
SMLCAP.BSE_IDX,01/07/2025,12:02:36,54487.2,0,0,0,0,0,0
SMLCAP.BSE_IDX,01/07/2025,12:02:44,54487.22,0,0,0,0,0,0
SMLCAP.BSE_IDX,01/07/2025,12:02:52,54487.98,0,0,0,0,0,0
SMLCAP.BSE_IDX,01/07/2025,12:03:00,54487.37,0,0,0,0,0,0
SMLCAP.BSE_IDX,01/07/2025,12:03:08,54486.91,0,0,0,0,0,0
SMLCAP.BSE_IDX,01/07/2025,12:03:17,54488.86,0,0,0,0,0,0
SMLCAP.BSE_IDX,01/07/2025,12:03:24,54486.65,0,0,0,0,0,0
SMLCAP.BSE_IDX,01/07/2025,12:03:32,54487.25,0,0,0,0,0,0
SMLCAP.BSE_IDX,01/07/2025,12:03:40,54487.48,0,0,0,0,0,0
SMLCAP.BSE_IDX,01/07/2025,12:03:48,54487.04,0,0,0,0,0,0
SMLCAP.BSE_IDX,01/07/2025,12:03:56,54486.52,0,0,0,0,0,0
SMLCAP.BSE_IDX,01/07/2025,12:04:04,54488.59,0,0,0,0,0,0
SMLCAP.BSE_IDX,01/07/2025,12:04:12,54487.12,0,0,0,0,0,0
SMLCAP.BSE_IDX,01/07/2025,12:04:20,54486.18,0,0,0,0,0,0
SMLCAP.BSE_IDX,01/07/2025,12:04:28,54486.19,0,0,0,0,0,0
SMLCAP.BSE_IDX,01/07/2025,12:04:36,54486.59,0,0,0,0,0,0
SMLCAP.BSE_IDX,01/07/2025,12:04:44,54486.12,0,0,0,0,0,0
SMLCAP.BSE_IDX,01/07/2025,12:04:52,54486.05,0,0,0,0,0,0
SMLCAP.BSE_IDX,01/07/2025,12:05:01,54484.1,0,0,0,0,0,0
SMLCAP.BSE_IDX,01/07/2025,12:05:08,54482.69,0,0,0,0,0,0
SMLCAP.BSE_IDX,01/07/2025,12:05:16,54483.09,0,0,0,0,0,0
SMLCAP.BSE_IDX,01/07/2025,12:05:24,54483.47,0,0,0,0,0,0
SMLCAP.BSE_IDX,01/07/2025,12:05:32,54482.54,0,0,0,0,0,0
SMLCAP.BSE_IDX,01/07/2025,12:05:40,54482.28,0,0,0,0,0,0
SMLCAP.BSE_IDX,01/07/2025,12:05:48,54483.46,0,0,0,0,0,0
SMLCAP.BSE_IDX,01/07/2025,12:05:56,54482.38,0,0,0,0,0,0
SMLCAP.BSE_IDX,01/07/2025,12:06:04,54482.27,0,0,0,0,0,0
SMLCAP.BSE_IDX,01/07/2025,12:06:12,54483.96,0,0,0,0,0,0
SMLCAP.BSE_IDX,01/07/2025,12:06:20,54485.58,0,0,0,0,0,0
SMLCAP.BSE_IDX,01/07/2025,12:06:28,54485.77,0,0,0,0,0,0
SMLCAP.BSE_IDX,01/07/2025,12:06:36,54482.92,0,0,0,0,0,0
SMLCAP.BSE_IDX,01/07/2025,12:06:44,54483.41,0,0,0,0,0,0
SMLCAP.BSE_IDX,01/07/2025,12:06:53,54481.98,0,0,0,0,0,0
SMLCAP.BSE_IDX,01/07/2025,12:07:00,54481.13,0,0,0,0,0,0
SMLCAP.BSE_IDX,01/07/2025,12:07:08,54480.49,0,0,0,0,0,0
SMLCAP.BSE_IDX,01/07/2025,12:07:16,54480.52,0,0,0,0,0,0
SMLCAP.BSE_IDX,01/07/2025,12:07:24,54481.08,0,0,0,0,0,0
SMLCAP.BSE_IDX,01/07/2025,12:07:32,54481.87,0,0,0,0,0,0
SMLCAP.BSE_IDX,01/07/2025,12:07:40,54481.8,0,0,0,0,0,0
SMLCAP.BSE_IDX,01/07/2025,12:07:48,54481.53,0,0,0,0,0,0
SMLCAP.BSE_IDX,01/07/2025,12:07:56,54482.66,0,0,0,0,0,0
SMLCAP.BSE_IDX,01/07/2025,12:08:04,54484.08,0,0,0,0,0,0
SMLCAP.BSE_IDX,01/07/2025,12:08:12,54484.2,0,0,0,0,0,0
SMLCAP.BSE_IDX,01/07/2025,12:08:20,54483.48,0,0,0,0,0,0
SMLCAP.BSE_IDX,01/07/2025,12:08:28,54482.96,0,0,0,0,0,0
SMLCAP.BSE_IDX,01/07/2025,12:08:36,54482.15,0,0,0,0,0,0
SMLCAP.BSE_IDX,01/07/2025,12:08:44,54483.96,0,0,0,0,0,0
SMLCAP.BSE_IDX,01/07/2025,12:08:52,54483.58,0,0,0,0,0,0
SMLCAP.BSE_IDX,01/07/2025,12:09:00,54483.26,0,0,0,0,0,0
SMLCAP.BSE_IDX,01/07/2025,12:09:08,54484.43,0,0,0,0,0,0
SMLCAP.BSE_IDX,01/07/2025,12:09:16,54485.46,0,0,0,0,0,0
SMLCAP.BSE_IDX,01/07/2025,12:09:25,54485.45,0,0,0,0,0,0
SMLCAP.BSE_IDX,01/07/2025,12:09:32,54485.84,0,0,0,0,0,0
SMLCAP.BSE_IDX,01/07/2025,12:09:40,54485.02,0,0,0,0,0,0
SMLCAP.BSE_IDX,01/07/2025,12:09:48,54485.55,0,0,0,0,0,0
SMLCAP.BSE_IDX,01/07/2025,12:09:57,54485.52,0,0,0,0,0,0
SMLCAP.BSE_IDX,01/07/2025,12:10:05,54485.15,0,0,0,0,0,0
SMLCAP.BSE_IDX,01/07/2025,12:10:13,54484.13,0,0,0,0,0,0
SMLCAP.BSE_IDX,01/07/2025,12:10:22,54484.03,0,0,0,0,0,0
SMLCAP.BSE_IDX,01/07/2025,12:10:28,54481.8,0,0,0,0,0,0
SMLCAP.BSE_IDX,01/07/2025,12:10:36,54484.58,0,0,0,0,0,0
SMLCAP.BSE_IDX,01/07/2025,12:10:45,54485.98,0,0,0,0,0,0
SMLCAP.BSE_IDX,01/07/2025,12:10:52,54486.66,0,0,0,0,0,0
SMLCAP.BSE_IDX,01/07/2025,12:11:00,54486.94,0,0,0,0,0,0
SMLCAP.BSE_IDX,01/07/2025,12:11:08,54486.79,0,0,0,0,0,0
SMLCAP.BSE_IDX,01/07/2025,12:11:17,54486.59,0,0,0,0,0,0
SMLCAP.BSE_IDX,01/07/2025,12:11:24,54487.37,0,0,0,0,0,0
SMLCAP.BSE_IDX,01/07/2025,12:11:32,54489.26,0,0,0,0,0,0
SMLCAP.BSE_IDX,01/07/2025,12:11:40,54489.73,0,0,0,0,0,0
SMLCAP.BSE_IDX,01/07/2025,12:11:49,54491.08,0,0,0,0,0,0
SMLCAP.BSE_IDX,01/07/2025,12:11:57,54492.37,0,0,0,0,0,0
SMLCAP.BSE_IDX,01/07/2025,12:12:05,54492.04,0,0,0,0,0,0
SMLCAP.BSE_IDX,01/07/2025,12:12:13,54494.24,0,0,0,0,0,0
SMLCAP.BSE_IDX,01/07/2025,12:12:21,54496.75,0,0,0,0,0,0
SMLCAP.BSE_IDX,01/07/2025,12:12:29,54498.31,0,0,0,0,0,0
SMLCAP.BSE_IDX,01/07/2025,12:12:37,54499.13,0,0,0,0,0,0
SMLCAP.BSE_IDX,01/07/2025,12:12:45,54497.88,0,0,0,0,0,0
SMLCAP.BSE_IDX,01/07/2025,12:12:53,54499.41,0,0,0,0,0,0
SMLCAP.BSE_IDX,01/07/2025,12:13:01,54497.62,0,0,0,0,0,0
SMLCAP.BSE_IDX,01/07/2025,12:13:09,54496.88,0,0,0,0,0,0
SMLCAP.BSE_IDX,01/07/2025,12:13:17,54498.62,0,0,0,0,0,0
SMLCAP.BSE_IDX,01/07/2025,12:13:25,54499.8,0,0,0,0,0,0
SMLCAP.BSE_IDX,01/07/2025,12:13:33,54497.8,0,0,0,0,0,0
SMLCAP.BSE_IDX,01/07/2025,12:13:41,54499.08,0,0,0,0,0,0
SMLCAP.BSE_IDX,01/07/2025,12:13:49,54500.16,0,0,0,0,0,0
SMLCAP.BSE_IDX,01/07/2025,12:13:57,54501.61,0,0,0,0,0,0
SMLCAP.BSE_IDX,01/07/2025,12:14:05,54501.45,0,0,0,0,0,0
SMLCAP.BSE_IDX,01/07/2025,12:14:13,54502.41,0,0,0,0,0,0
SMLCAP.BSE_IDX,01/07/2025,12:14:21,54502.19,0,0,0,0,0,0
SMLCAP.BSE_IDX,01/07/2025,12:14:29,54500.11,0,0,0,0,0,0
SMLCAP.BSE_IDX,01/07/2025,12:14:37,54499.82,0,0,0,0,0,0
SMLCAP.BSE_IDX,01/07/2025,12:14:46,54500.81,0,0,0,0,0,0
SMLCAP.BSE_IDX,01/07/2025,12:14:54,54500.82,0,0,0,0,0,0
SMLCAP.BSE_IDX,01/07/2025,12:15:01,54503.26,0,0,0,0,0,0
SMLCAP.BSE_IDX,01/07/2025,12:15:09,54501.74,0,0,0,0,0,0
SMLCAP.BSE_IDX,01/07/2025,12:15:17,54503.35,0,0,0,0,0,0
SMLCAP.BSE_IDX,01/07/2025,12:15:25,54501.46,0,0,0,0,0,0
SMLCAP.BSE_IDX,01/07/2025,12:15:33,54501.09,0,0,0,0,0,0
SMLCAP.BSE_IDX,01/07/2025,12:15:41,54501.02,0,0,0,0,0,0
SMLCAP.BSE_IDX,01/07/2025,12:15:49,54502.25,0,0,0,0,0,0
SMLCAP.BSE_IDX,01/07/2025,12:15:57,54503.73,0,0,0,0,0,0
SMLCAP.BSE_IDX,01/07/2025,12:16:05,54503.72,0,0,0,0,0,0
SMLCAP.BSE_IDX,01/07/2025,12:16:13,54504.41,0,0,0,0,0,0
SMLCAP.BSE_IDX,01/07/2025,12:16:21,54503.02,0,0,0,0,0,0
SMLCAP.BSE_IDX,01/07/2025,12:16:29,54502.04,0,0,0,0,0,0
SMLCAP.BSE_IDX,01/07/2025,12:16:37,54501.14,0,0,0,0,0,0
SMLCAP.BSE_IDX,01/07/2025,12:16:45,54502.61,0,0,0,0,0,0
SMLCAP.BSE_IDX,01/07/2025,12:16:53,54504.3,0,0,0,0,0,0
SMLCAP.BSE_IDX,01/07/2025,12:17:01,54503.47,0,0,0,0,0,0
SMLCAP.BSE_IDX,01/07/2025,12:17:09,54504.67,0,0,0,0,0,0
SMLCAP.BSE_IDX,01/07/2025,12:17:17,54505.67,0,0,0,0,0,0
SMLCAP.BSE_IDX,01/07/2025,12:17:25,54505.33,0,0,0,0,0,0
SMLCAP.BSE_IDX,01/07/2025,12:17:33,54505.45,0,0,0,0,0,0
SMLCAP.BSE_IDX,01/07/2025,12:17:41,54506.67,0,0,0,0,0,0
SMLCAP.BSE_IDX,01/07/2025,12:17:49,54507.13,0,0,0,0,0,0
SMLCAP.BSE_IDX,01/07/2025,12:17:57,54507.95,0,0,0,0,0,0
SMLCAP.BSE_IDX,01/07/2025,12:18:05,54509.47,0,0,0,0,0,0
SMLCAP.BSE_IDX,01/07/2025,12:18:13,54512.44,0,0,0,0,0,0
SMLCAP.BSE_IDX,01/07/2025,12:18:21,54513.78,0,0,0,0,0,0
SMLCAP.BSE_IDX,01/07/2025,12:18:29,54513.54,0,0,0,0,0,0
SMLCAP.BSE_IDX,01/07/2025,12:18:37,54513.62,0,0,0,0,0,0
SMLCAP.BSE_IDX,01/07/2025,12:18:45,54513.66,0,0,0,0,0,0
SMLCAP.BSE_IDX,01/07/2025,12:18:53,54515.15,0,0,0,0,0,0
SMLCAP.BSE_IDX,01/07/2025,12:19:01,54514.88,0,0,0,0,0,0
SMLCAP.BSE_IDX,01/07/2025,12:19:09,54516.16,0,0,0,0,0,0
SMLCAP.BSE_IDX,01/07/2025,12:19:17,54516.42,0,0,0,0,0,0
SMLCAP.BSE_IDX,01/07/2025,12:19:25,54515.88,0,0,0,0,0,0
SMLCAP.BSE_IDX,01/07/2025,12:19:33,54518.15,0,0,0,0,0,0
SMLCAP.BSE_IDX,01/07/2025,12:19:41,54522.22,0,0,0,0,0,0
SMLCAP.BSE_IDX,01/07/2025,12:19:49,54523.7,0,0,0,0,0,0
SMLCAP.BSE_IDX,01/07/2025,12:19:57,54525.19,0,0,0,0,0,0
SMLCAP.BSE_IDX,01/07/2025,12:20:05,54526.09,0,0,0,0,0,0
SMLCAP.BSE_IDX,01/07/2025,12:20:13,54526.85,0,0,0,0,0,0
SMLCAP.BSE_IDX,01/07/2025,12:20:21,54528.7,0,0,0,0,0,0
SMLCAP.BSE_IDX,01/07/2025,12:20:29,54529.48,0,0,0,0,0,0
SMLCAP.BSE_IDX,01/07/2025,12:20:37,54530.41,0,0,0,0,0,0
SMLCAP.BSE_IDX,01/07/2025,12:20:45,54530.66,0,0,0,0,0,0
SMLCAP.BSE_IDX,01/07/2025,12:20:53,54530.58,0,0,0,0,0,0
SMLCAP.BSE_IDX,01/07/2025,12:21:01,54532.41,0,0,0,0,0,0
SMLCAP.BSE_IDX,01/07/2025,12:21:09,54530.53,0,0,0,0,0,0
SMLCAP.BSE_IDX,01/07/2025,12:21:17,54529.47,0,0,0,0,0,0
SMLCAP.BSE_IDX,01/07/2025,12:21:25,54529.06,0,0,0,0,0,0
SMLCAP.BSE_IDX,01/07/2025,12:21:33,54531.33,0,0,0,0,0,0
SMLCAP.BSE_IDX,01/07/2025,12:21:41,54534.81,0,0,0,0,0,0
SMLCAP.BSE_IDX,01/07/2025,12:21:49,54537.48,0,0,0,0,0,0
SMLCAP.BSE_IDX,01/07/2025,12:21:57,54538.36,0,0,0,0,0,0
SMLCAP.BSE_IDX,01/07/2025,12:22:05,54538.66,0,0,0,0,0,0
SMLCAP.BSE_IDX,01/07/2025,12:22:13,54539.52,0,0,0,0,0,0
SMLCAP.BSE_IDX,01/07/2025,12:22:21,54540.97,0,0,0,0,0,0
SMLCAP.BSE_IDX,01/07/2025,12:22:29,54541.8,0,0,0,0,0,0
SMLCAP.BSE_IDX,01/07/2025,12:22:37,54542.67,0,0,0,0,0,0
SMLCAP.BSE_IDX,01/07/2025,12:22:45,54543.24,0,0,0,0,0,0
SMLCAP.BSE_IDX,01/07/2025,12:22:53,54544.61,0,0,0,0,0,0
SMLCAP.BSE_IDX,01/07/2025,12:23:02,54545.55,0,0,0,0,0,0
SMLCAP.BSE_IDX,01/07/2025,12:23:09,54546.64,0,0,0,0,0,0
SMLCAP.BSE_IDX,01/07/2025,12:23:17,54545.12,0,0,0,0,0,0
SMLCAP.BSE_IDX,01/07/2025,12:23:25,54544.74,0,0,0,0,0,0
SMLCAP.BSE_IDX,01/07/2025,12:23:33,54546.06,0,0,0,0,0,0
SMLCAP.BSE_IDX,01/07/2025,12:23:41,54546.15,0,0,0,0,0,0
SMLCAP.BSE_IDX,01/07/2025,12:23:49,54546.45,0,0,0,0,0,0
SMLCAP.BSE_IDX,01/07/2025,12:23:57,54548.81,0,0,0,0,0,0
SMLCAP.BSE_IDX,01/07/2025,12:24:05,54549.89,0,0,0,0,0,0
SMLCAP.BSE_IDX,01/07/2025,12:24:13,54551.16,0,0,0,0,0,0
SMLCAP.BSE_IDX,01/07/2025,12:24:21,54553.1,0,0,0,0,0,0
SMLCAP.BSE_IDX,01/07/2025,12:24:29,54554.07,0,0,0,0,0,0
SMLCAP.BSE_IDX,01/07/2025,12:24:37,54553.08,0,0,0,0,0,0
SMLCAP.BSE_IDX,01/07/2025,12:24:45,54555.16,0,0,0,0,0,0
SMLCAP.BSE_IDX,01/07/2025,12:24:53,54554.57,0,0,0,0,0,0
SMLCAP.BSE_IDX,01/07/2025,12:25:01,54555.85,0,0,0,0,0,0
SMLCAP.BSE_IDX,01/07/2025,12:25:09,54554.91,0,0,0,0,0,0
SMLCAP.BSE_IDX,01/07/2025,12:25:17,54555.49,0,0,0,0,0,0
SMLCAP.BSE_IDX,01/07/2025,12:25:25,54556.34,0,0,0,0,0,0
SMLCAP.BSE_IDX,01/07/2025,12:25:33,54557.24,0,0,0,0,0,0
SMLCAP.BSE_IDX,01/07/2025,12:25:41,54557.09,0,0,0,0,0,0
SMLCAP.BSE_IDX,01/07/2025,12:25:49,54556.85,0,0,0,0,0,0
SMLCAP.BSE_IDX,01/07/2025,12:25:57,54556.92,0,0,0,0,0,0
SMLCAP.BSE_IDX,01/07/2025,12:26:05,54557.96,0,0,0,0,0,0
SMLCAP.BSE_IDX,01/07/2025,12:26:13,54557.59,0,0,0,0,0,0
SMLCAP.BSE_IDX,01/07/2025,12:26:21,54559.15,0,0,0,0,0,0
SMLCAP.BSE_IDX,01/07/2025,12:26:31,54559.84,0,0,0,0,0,0
SMLCAP.BSE_IDX,01/07/2025,12:26:37,54559.52,0,0,0,0,0,0
SMLCAP.BSE_IDX,01/07/2025,12:26:45,54559.15,0,0,0,0,0,0
SMLCAP.BSE_IDX,01/07/2025,12:26:53,54558.42,0,0,0,0,0,0
SMLCAP.BSE_IDX,01/07/2025,12:27:01,54558.56,0,0,0,0,0,0
SMLCAP.BSE_IDX,01/07/2025,12:27:09,54557.89,0,0,0,0,0,0
SMLCAP.BSE_IDX,01/07/2025,12:27:17,54556.29,0,0,0,0,0,0
SMLCAP.BSE_IDX,01/07/2025,12:27:25,54555.51,0,0,0,0,0,0
SMLCAP.BSE_IDX,01/07/2025,12:27:33,54555.21,0,0,0,0,0,0
SMLCAP.BSE_IDX,01/07/2025,12:27:41,54554.21,0,0,0,0,0,0
SMLCAP.BSE_IDX,01/07/2025,12:27:49,54554.48,0,0,0,0,0,0
SMLCAP.BSE_IDX,01/07/2025,12:27:57,54556.79,0,0,0,0,0,0
SMLCAP.BSE_IDX,01/07/2025,12:28:05,54556.73,0,0,0,0,0,0
SMLCAP.BSE_IDX,01/07/2025,12:28:13,54557.86,0,0,0,0,0,0
SMLCAP.BSE_IDX,01/07/2025,12:28:21,54557.36,0,0,0,0,0,0
SMLCAP.BSE_IDX,01/07/2025,12:28:29,54557.06,0,0,0,0,0,0
SMLCAP.BSE_IDX,01/07/2025,12:28:37,54555.96,0,0,0,0,0,0
SMLCAP.BSE_IDX,01/07/2025,12:28:45,54554.7,0,0,0,0,0,0
SMLCAP.BSE_IDX,01/07/2025,12:28:53,54553.41,0,0,0,0,0,0
SMLCAP.BSE_IDX,01/07/2025,12:29:01,54551.5,0,0,0,0,0,0
SMLCAP.BSE_IDX,01/07/2025,12:29:10,54551.99,0,0,0,0,0,0
SMLCAP.BSE_IDX,01/07/2025,12:29:18,54551.15,0,0,0,0,0,0
SMLCAP.BSE_IDX,01/07/2025,12:29:25,54550.98,0,0,0,0,0,0
SMLCAP.BSE_IDX,01/07/2025,12:29:33,54551.75,0,0,0,0,0,0
SMLCAP.BSE_IDX,01/07/2025,12:29:41,54551.68,0,0,0,0,0,0
SMLCAP.BSE_IDX,01/07/2025,12:29:49,54552.26,0,0,0,0,0,0
SMLCAP.BSE_IDX,01/07/2025,12:29:57,54550.72,0,0,0,0,0,0
SMLCAP.BSE_IDX,01/07/2025,12:30:05,54551.32,0,0,0,0,0,0
SMLCAP.BSE_IDX,01/07/2025,12:30:13,54552.87,0,0,0,0,0,0
SMLCAP.BSE_IDX,01/07/2025,12:30:22,54552.84,0,0,0,0,0,0
SMLCAP.BSE_IDX,01/07/2025,12:30:29,54554.28,0,0,0,0,0,0
SMLCAP.BSE_IDX,01/07/2025,12:30:37,54554.51,0,0,0,0,0,0
SMLCAP.BSE_IDX,01/07/2025,12:30:45,54554.85,0,0,0,0,0,0
SMLCAP.BSE_IDX,01/07/2025,12:30:53,54554.14,0,0,0,0,0,0
SMLCAP.BSE_IDX,01/07/2025,12:31:01,54552.63,0,0,0,0,0,0
SMLCAP.BSE_IDX,01/07/2025,12:31:09,54553.97,0,0,0,0,0,0
SMLCAP.BSE_IDX,01/07/2025,12:31:17,54554.35,0,0,0,0,0,0
SMLCAP.BSE_IDX,01/07/2025,12:31:25,54555.09,0,0,0,0,0,0
SMLCAP.BSE_IDX,01/07/2025,12:31:34,54555.27,0,0,0,0,0,0
SMLCAP.BSE_IDX,01/07/2025,12:31:41,54554.24,0,0,0,0,0,0
SMLCAP.BSE_IDX,01/07/2025,12:31:49,54554.44,0,0,0,0,0,0
SMLCAP.BSE_IDX,01/07/2025,12:31:57,54552.67,0,0,0,0,0,0
SMLCAP.BSE_IDX,01/07/2025,12:32:05,54553.51,0,0,0,0,0,0
SMLCAP.BSE_IDX,01/07/2025,12:32:13,54553.42,0,0,0,0,0,0
SMLCAP.BSE_IDX,01/07/2025,12:32:21,54552.51,0,0,0,0,0,0
SMLCAP.BSE_IDX,01/07/2025,12:32:29,54553.07,0,0,0,0,0,0
SMLCAP.BSE_IDX,01/07/2025,12:32:37,54550.49,0,0,0,0,0,0
SMLCAP.BSE_IDX,01/07/2025,12:32:45,54552.57,0,0,0,0,0,0
SMLCAP.BSE_IDX,01/07/2025,12:32:53,54550.86,0,0,0,0,0,0
SMLCAP.BSE_IDX,01/07/2025,12:33:01,54551,0,0,0,0,0,0
SMLCAP.BSE_IDX,01/07/2025,12:33:09,54550.2,0,0,0,0,0,0
SMLCAP.BSE_IDX,01/07/2025,12:33:17,54550.81,0,0,0,0,0,0
SMLCAP.BSE_IDX,01/07/2025,12:33:26,54551.99,0,0,0,0,0,0
SMLCAP.BSE_IDX,01/07/2025,12:33:33,54550.89,0,0,0,0,0,0
SMLCAP.BSE_IDX,01/07/2025,12:33:41,54552.16,0,0,0,0,0,0
SMLCAP.BSE_IDX,01/07/2025,12:33:49,54551.32,0,0,0,0,0,0
SMLCAP.BSE_IDX,01/07/2025,12:33:57,54550.73,0,0,0,0,0,0
SMLCAP.BSE_IDX,01/07/2025,12:34:05,54549.4,0,0,0,0,0,0
SMLCAP.BSE_IDX,01/07/2025,12:34:13,54550.87,0,0,0,0,0,0
SMLCAP.BSE_IDX,01/07/2025,12:34:21,54550.68,0,0,0,0,0,0
SMLCAP.BSE_IDX,01/07/2025,12:34:29,54550.37,0,0,0,0,0,0
SMLCAP.BSE_IDX,01/07/2025,12:34:37,54547.39,0,0,0,0,0,0
SMLCAP.BSE_IDX,01/07/2025,12:34:45,54548.77,0,0,0,0,0,0
SMLCAP.BSE_IDX,01/07/2025,12:34:53,54550.58,0,0,0,0,0,0
SMLCAP.BSE_IDX,01/07/2025,12:35:01,54550.89,0,0,0,0,0,0
SMLCAP.BSE_IDX,01/07/2025,12:35:09,54551.03,0,0,0,0,0,0
SMLCAP.BSE_IDX,01/07/2025,12:35:17,54552.95,0,0,0,0,0,0
SMLCAP.BSE_IDX,01/07/2025,12:35:25,54553.15,0,0,0,0,0,0
SMLCAP.BSE_IDX,01/07/2025,12:35:33,54553.58,0,0,0,0,0,0
SMLCAP.BSE_IDX,01/07/2025,12:35:41,54553.45,0,0,0,0,0,0
SMLCAP.BSE_IDX,01/07/2025,12:35:49,54555.19,0,0,0,0,0,0
SMLCAP.BSE_IDX,01/07/2025,12:35:57,54555.25,0,0,0,0,0,0
SMLCAP.BSE_IDX,01/07/2025,12:36:05,54555.12,0,0,0,0,0,0
SMLCAP.BSE_IDX,01/07/2025,12:36:13,54555.88,0,0,0,0,0,0
SMLCAP.BSE_IDX,01/07/2025,12:36:21,54556.92,0,0,0,0,0,0
SMLCAP.BSE_IDX,01/07/2025,12:36:29,54557.06,0,0,0,0,0,0
SMLCAP.BSE_IDX,01/07/2025,12:36:37,54557.93,0,0,0,0,0,0
SMLCAP.BSE_IDX,01/07/2025,12:36:45,54558.17,0,0,0,0,0,0
SMLCAP.BSE_IDX,01/07/2025,12:36:53,54557.79,0,0,0,0,0,0
SMLCAP.BSE_IDX,01/07/2025,12:37:01,54557.43,0,0,0,0,0,0
SMLCAP.BSE_IDX,01/07/2025,12:37:09,54557.04,0,0,0,0,0,0
SMLCAP.BSE_IDX,01/07/2025,12:37:17,54556.26,0,0,0,0,0,0
SMLCAP.BSE_IDX,01/07/2025,12:37:25,54554.69,0,0,0,0,0,0
SMLCAP.BSE_IDX,01/07/2025,12:37:33,54552.68,0,0,0,0,0,0
SMLCAP.BSE_IDX,01/07/2025,12:37:41,54552.36,0,0,0,0,0,0
SMLCAP.BSE_IDX,01/07/2025,12:37:49,54551.97,0,0,0,0,0,0
SMLCAP.BSE_IDX,01/07/2025,12:37:57,54549.54,0,0,0,0,0,0
SMLCAP.BSE_IDX,01/07/2025,12:38:05,54549.82,0,0,0,0,0,0
SMLCAP.BSE_IDX,01/07/2025,12:38:13,54549.54,0,0,0,0,0,0
SMLCAP.BSE_IDX,01/07/2025,12:38:22,54549.98,0,0,0,0,0,0
SMLCAP.BSE_IDX,01/07/2025,12:38:29,54551.58,0,0,0,0,0,0
SMLCAP.BSE_IDX,01/07/2025,12:38:39,54550.03,0,0,0,0,0,0
SMLCAP.BSE_IDX,01/07/2025,12:38:45,54549.85,0,0,0,0,0,0
SMLCAP.BSE_IDX,01/07/2025,12:38:53,54551.53,0,0,0,0,0,0
SMLCAP.BSE_IDX,01/07/2025,12:39:01,54552.52,0,0,0,0,0,0
SMLCAP.BSE_IDX,01/07/2025,12:39:10,54551.21,0,0,0,0,0,0
SMLCAP.BSE_IDX,01/07/2025,12:39:17,54551.45,0,0,0,0,0,0
SMLCAP.BSE_IDX,01/07/2025,12:39:25,54551.37,0,0,0,0,0,0
SMLCAP.BSE_IDX,01/07/2025,12:39:34,54551.46,0,0,0,0,0,0
SMLCAP.BSE_IDX,01/07/2025,12:39:42,54551.73,0,0,0,0,0,0
SMLCAP.BSE_IDX,01/07/2025,12:39:49,54553.05,0,0,0,0,0,0
SMLCAP.BSE_IDX,01/07/2025,12:39:57,54552.02,0,0,0,0,0,0
SMLCAP.BSE_IDX,01/07/2025,12:40:05,54553.52,0,0,0,0,0,0
SMLCAP.BSE_IDX,01/07/2025,12:40:14,54554.45,0,0,0,0,0,0
SMLCAP.BSE_IDX,01/07/2025,12:40:21,54556.79,0,0,0,0,0,0
SMLCAP.BSE_IDX,01/07/2025,12:40:29,54555.81,0,0,0,0,0,0
SMLCAP.BSE_IDX,01/07/2025,12:40:37,54554.68,0,0,0,0,0,0
SMLCAP.BSE_IDX,01/07/2025,12:40:45,54556.33,0,0,0,0,0,0
SMLCAP.BSE_IDX,01/07/2025,12:40:54,54557.58,0,0,0,0,0,0
SMLCAP.BSE_IDX,01/07/2025,12:41:01,54557.22,0,0,0,0,0,0
SMLCAP.BSE_IDX,01/07/2025,12:41:09,54556.59,0,0,0,0,0,0
SMLCAP.BSE_IDX,01/07/2025,12:41:17,54556.2,0,0,0,0,0,0
SMLCAP.BSE_IDX,01/07/2025,12:41:25,54555.09,0,0,0,0,0,0
SMLCAP.BSE_IDX,01/07/2025,12:41:33,54554.7,0,0,0,0,0,0
SMLCAP.BSE_IDX,01/07/2025,12:41:41,54556.8,0,0,0,0,0,0
SMLCAP.BSE_IDX,01/07/2025,12:41:49,54558.05,0,0,0,0,0,0
SMLCAP.BSE_IDX,01/07/2025,12:41:57,54558.25,0,0,0,0,0,0
SMLCAP.BSE_IDX,01/07/2025,12:42:05,54558.65,0,0,0,0,0,0
SMLCAP.BSE_IDX,01/07/2025,12:42:13,54559.21,0,0,0,0,0,0
SMLCAP.BSE_IDX,01/07/2025,12:42:21,54558.87,0,0,0,0,0,0
SMLCAP.BSE_IDX,01/07/2025,12:42:29,54558.64,0,0,0,0,0,0
SMLCAP.BSE_IDX,01/07/2025,12:42:37,54558.82,0,0,0,0,0,0
SMLCAP.BSE_IDX,01/07/2025,12:42:45,54560.03,0,0,0,0,0,0
SMLCAP.BSE_IDX,01/07/2025,12:42:53,54559.04,0,0,0,0,0,0
SMLCAP.BSE_IDX,01/07/2025,12:43:01,54559.78,0,0,0,0,0,0
SMLCAP.BSE_IDX,01/07/2025,12:43:10,54559.04,0,0,0,0,0,0
SMLCAP.BSE_IDX,01/07/2025,12:43:17,54558.28,0,0,0,0,0,0
SMLCAP.BSE_IDX,01/07/2025,12:43:26,54556.57,0,0,0,0,0,0
SMLCAP.BSE_IDX,01/07/2025,12:43:33,54556.65,0,0,0,0,0,0
SMLCAP.BSE_IDX,01/07/2025,12:43:41,54557.2,0,0,0,0,0,0
SMLCAP.BSE_IDX,01/07/2025,12:43:49,54555.99,0,0,0,0,0,0
SMLCAP.BSE_IDX,01/07/2025,12:43:58,54556.09,0,0,0,0,0,0
SMLCAP.BSE_IDX,01/07/2025,12:44:05,54556.85,0,0,0,0,0,0
SMLCAP.BSE_IDX,01/07/2025,12:44:14,54554.23,0,0,0,0,0,0
SMLCAP.BSE_IDX,01/07/2025,12:44:21,54552.06,0,0,0,0,0,0
SMLCAP.BSE_IDX,01/07/2025,12:44:29,54550.98,0,0,0,0,0,0
SMLCAP.BSE_IDX,01/07/2025,12:44:38,54549.42,0,0,0,0,0,0
SMLCAP.BSE_IDX,01/07/2025,12:44:45,54549.08,0,0,0,0,0,0
SMLCAP.BSE_IDX,01/07/2025,12:44:53,54548.86,0,0,0,0,0,0
SMLCAP.BSE_IDX,01/07/2025,12:45:01,54548.11,0,0,0,0,0,0
SMLCAP.BSE_IDX,01/07/2025,12:45:11,54547.74,0,0,0,0,0,0
SMLCAP.BSE_IDX,01/07/2025,12:45:17,54545.58,0,0,0,0,0,0
SMLCAP.BSE_IDX,01/07/2025,12:45:25,54545.47,0,0,0,0,0,0
SMLCAP.BSE_IDX,01/07/2025,12:45:34,54544.28,0,0,0,0,0,0
SMLCAP.BSE_IDX,01/07/2025,12:45:42,54543.78,0,0,0,0,0,0
SMLCAP.BSE_IDX,01/07/2025,12:45:50,54542.47,0,0,0,0,0,0
SMLCAP.BSE_IDX,01/07/2025,12:45:58,54542.8,0,0,0,0,0,0
SMLCAP.BSE_IDX,01/07/2025,12:46:06,54541.07,0,0,0,0,0,0
SMLCAP.BSE_IDX,01/07/2025,12:46:14,54539.92,0,0,0,0,0,0
SMLCAP.BSE_IDX,01/07/2025,12:46:22,54539.72,0,0,0,0,0,0
SMLCAP.BSE_IDX,01/07/2025,12:46:30,54537.15,0,0,0,0,0,0
SMLCAP.BSE_IDX,01/07/2025,12:46:38,54535.48,0,0,0,0,0,0
SMLCAP.BSE_IDX,01/07/2025,12:46:46,54532.86,0,0,0,0,0,0
SMLCAP.BSE_IDX,01/07/2025,12:46:54,54532.21,0,0,0,0,0,0
SMLCAP.BSE_IDX,01/07/2025,12:47:02,54532.55,0,0,0,0,0,0
SMLCAP.BSE_IDX,01/07/2025,12:47:10,54530.84,0,0,0,0,0,0
SMLCAP.BSE_IDX,01/07/2025,12:47:18,54530.31,0,0,0,0,0,0
SMLCAP.BSE_IDX,01/07/2025,12:47:26,54529.67,0,0,0,0,0,0
SMLCAP.BSE_IDX,01/07/2025,12:47:34,54527.55,0,0,0,0,0,0
SMLCAP.BSE_IDX,01/07/2025,12:47:42,54526.32,0,0,0,0,0,0
SMLCAP.BSE_IDX,01/07/2025,12:47:50,54526.17,0,0,0,0,0,0
SMLCAP.BSE_IDX,01/07/2025,12:47:58,54524.33,0,0,0,0,0,0
SMLCAP.BSE_IDX,01/07/2025,12:48:06,54523.89,0,0,0,0,0,0
SMLCAP.BSE_IDX,01/07/2025,12:48:14,54524.55,0,0,0,0,0,0
SMLCAP.BSE_IDX,01/07/2025,12:48:22,54523.21,0,0,0,0,0,0
SMLCAP.BSE_IDX,01/07/2025,12:48:30,54523.09,0,0,0,0,0,0
SMLCAP.BSE_IDX,01/07/2025,12:48:38,54522.93,0,0,0,0,0,0
SMLCAP.BSE_IDX,01/07/2025,12:48:46,54522.99,0,0,0,0,0,0
SMLCAP.BSE_IDX,01/07/2025,12:48:54,54520.5,0,0,0,0,0,0
SMLCAP.BSE_IDX,01/07/2025,12:49:02,54519.72,0,0,0,0,0,0
SMLCAP.BSE_IDX,01/07/2025,12:49:10,54518.9,0,0,0,0,0,0
SMLCAP.BSE_IDX,01/07/2025,12:49:18,54518.41,0,0,0,0,0,0
SMLCAP.BSE_IDX,01/07/2025,12:49:26,54519.16,0,0,0,0,0,0
SMLCAP.BSE_IDX,01/07/2025,12:49:34,54519.78,0,0,0,0,0,0
SMLCAP.BSE_IDX,01/07/2025,12:49:42,54520.86,0,0,0,0,0,0
SMLCAP.BSE_IDX,01/07/2025,12:49:50,54520.39,0,0,0,0,0,0
SMLCAP.BSE_IDX,01/07/2025,12:49:58,54520.53,0,0,0,0,0,0
SMLCAP.BSE_IDX,01/07/2025,12:50:06,54520.02,0,0,0,0,0,0
SMLCAP.BSE_IDX,01/07/2025,12:50:14,54520.31,0,0,0,0,0,0
SMLCAP.BSE_IDX,01/07/2025,12:50:22,54521.55,0,0,0,0,0,0
SMLCAP.BSE_IDX,01/07/2025,12:50:30,54524.23,0,0,0,0,0,0
SMLCAP.BSE_IDX,01/07/2025,12:50:38,54524.78,0,0,0,0,0,0
SMLCAP.BSE_IDX,01/07/2025,12:50:47,54526.84,0,0,0,0,0,0
SMLCAP.BSE_IDX,01/07/2025,12:50:54,54527.77,0,0,0,0,0,0
SMLCAP.BSE_IDX,01/07/2025,12:51:02,54527.67,0,0,0,0,0,0
SMLCAP.BSE_IDX,01/07/2025,12:51:10,54527.42,0,0,0,0,0,0
SMLCAP.BSE_IDX,01/07/2025,12:51:19,54527.42,0,0,0,0,0,0
SMLCAP.BSE_IDX,01/07/2025,12:51:26,54527.71,0,0,0,0,0,0
SMLCAP.BSE_IDX,01/07/2025,12:51:34,54528.67,0,0,0,0,0,0
SMLCAP.BSE_IDX,01/07/2025,12:51:42,54529.19,0,0,0,0,0,0
SMLCAP.BSE_IDX,01/07/2025,12:51:50,54529.22,0,0,0,0,0,0
SMLCAP.BSE_IDX,01/07/2025,12:51:58,54528.54,0,0,0,0,0,0
SMLCAP.BSE_IDX,01/07/2025,12:52:06,54529.61,0,0,0,0,0,0
SMLCAP.BSE_IDX,01/07/2025,12:52:14,54529.58,0,0,0,0,0,0
SMLCAP.BSE_IDX,01/07/2025,12:52:22,54528.97,0,0,0,0,0,0
SMLCAP.BSE_IDX,01/07/2025,12:52:30,54529.17,0,0,0,0,0,0
SMLCAP.BSE_IDX,01/07/2025,12:52:38,54527.04,0,0,0,0,0,0
SMLCAP.BSE_IDX,01/07/2025,12:52:46,54527.04,0,0,0,0,0,0
SMLCAP.BSE_IDX,01/07/2025,12:52:54,54526.77,0,0,0,0,0,0
SMLCAP.BSE_IDX,01/07/2025,12:53:02,54527.23,0,0,0,0,0,0
SMLCAP.BSE_IDX,01/07/2025,12:53:10,54527.11,0,0,0,0,0,0
SMLCAP.BSE_IDX,01/07/2025,12:53:18,54528.05,0,0,0,0,0,0
SMLCAP.BSE_IDX,01/07/2025,12:53:26,54527.6,0,0,0,0,0,0
SMLCAP.BSE_IDX,01/07/2025,12:53:34,54528.11,0,0,0,0,0,0
SMLCAP.BSE_IDX,01/07/2025,12:53:42,54528.77,0,0,0,0,0,0
SMLCAP.BSE_IDX,01/07/2025,12:53:50,54528.12,0,0,0,0,0,0
SMLCAP.BSE_IDX,01/07/2025,12:53:58,54528.52,0,0,0,0,0,0
SMLCAP.BSE_IDX,01/07/2025,12:54:06,54529.17,0,0,0,0,0,0
SMLCAP.BSE_IDX,01/07/2025,12:54:14,54528.9,0,0,0,0,0,0
