Ticker,Date,Time,LTP,BuyPrice,BuyQty,SellPrice,SellQty,LTQ,OpenInterest
SMLSEL.BSE_IDX,01/07/2025,09:00:07,8295.63,0,0,0,0,0,0
SMLSEL.BSE_IDX,01/07/2025,09:00:15,8261.37,0,0,0,0,0,0
SMLSEL.BSE_IDX,01/07/2025,09:00:23,8288.9,0,0,0,0,0,0
SMLSEL.BSE_IDX,01/07/2025,09:00:31,8320.34,0,0,0,0,0,0
SMLSEL.BSE_IDX,01/07/2025,09:00:39,8321.75,0,0,0,0,0,0
SMLSEL.BSE_IDX,01/07/2025,09:00:47,8326.61,0,0,0,0,0,0
SMLSEL.BSE_IDX,01/07/2025,09:00:55,8330.08,0,0,0,0,0,0
SMLSEL.BSE_IDX,01/07/2025,09:01:03,8331,0,0,0,0,0,0
SMLSEL.BSE_IDX,01/07/2025,09:01:11,8330.43,0,0,0,0,0,0
SMLSEL.BSE_IDX,01/07/2025,09:01:19,8330.03,0,0,0,0,0,0
SMLSEL.BSE_IDX,01/07/2025,09:01:27,8331.03,0,0,0,0,0,0
SMLSEL.BSE_IDX,01/07/2025,09:01:35,8292.13,0,0,0,0,0,0
SMLSEL.BSE_IDX,01/07/2025,09:01:43,8305.47,0,0,0,0,0,0
SMLSEL.BSE_IDX,01/07/2025,09:01:51,8295.2,0,0,0,0,0,0
SMLSEL.BSE_IDX,01/07/2025,09:01:59,8294.67,0,0,0,0,0,0
SMLSEL.BSE_IDX,01/07/2025,09:02:07,8294.5,0,0,0,0,0,0
SMLSEL.BSE_IDX,01/07/2025,09:02:15,8294.58,0,0,0,0,0,0
SMLSEL.BSE_IDX,01/07/2025,09:02:23,8294.23,0,0,0,0,0,0
SMLSEL.BSE_IDX,01/07/2025,09:02:31,8293.11,0,0,0,0,0,0
SMLSEL.BSE_IDX,01/07/2025,09:02:39,8294.07,0,0,0,0,0,0
SMLSEL.BSE_IDX,01/07/2025,09:02:47,8290.28,0,0,0,0,0,0
SMLSEL.BSE_IDX,01/07/2025,09:02:55,8288.78,0,0,0,0,0,0
SMLSEL.BSE_IDX,01/07/2025,09:03:03,8290.85,0,0,0,0,0,0
SMLSEL.BSE_IDX,01/07/2025,09:03:11,8290.95,0,0,0,0,0,0
SMLSEL.BSE_IDX,01/07/2025,09:03:19,8292.71,0,0,0,0,0,0
SMLSEL.BSE_IDX,01/07/2025,09:03:27,8289.71,0,0,0,0,0,0
SMLSEL.BSE_IDX,01/07/2025,09:03:35,8288.94,0,0,0,0,0,0
SMLSEL.BSE_IDX,01/07/2025,09:03:43,8288.45,0,0,0,0,0,0
SMLSEL.BSE_IDX,01/07/2025,09:03:51,8283.56,0,0,0,0,0,0
SMLSEL.BSE_IDX,01/07/2025,09:03:59,8286.18,0,0,0,0,0,0
SMLSEL.BSE_IDX,01/07/2025,09:04:07,8286.45,0,0,0,0,0,0
SMLSEL.BSE_IDX,01/07/2025,09:04:15,8285.5,0,0,0,0,0,0
SMLSEL.BSE_IDX,01/07/2025,09:04:23,8285.2,0,0,0,0,0,0
SMLSEL.BSE_IDX,01/07/2025,09:04:31,8287.99,0,0,0,0,0,0
SMLSEL.BSE_IDX,01/07/2025,09:04:39,8288.4,0,0,0,0,0,0
SMLSEL.BSE_IDX,01/07/2025,09:04:47,8287.3,0,0,0,0,0,0
SMLSEL.BSE_IDX,01/07/2025,09:04:55,8287.25,0,0,0,0,0,0
SMLSEL.BSE_IDX,01/07/2025,09:05:03,8286.54,0,0,0,0,0,0
SMLSEL.BSE_IDX,01/07/2025,09:05:11,8296.68,0,0,0,0,0,0
SMLSEL.BSE_IDX,01/07/2025,09:05:19,8288.55,0,0,0,0,0,0
SMLSEL.BSE_IDX,01/07/2025,09:05:27,8287.27,0,0,0,0,0,0
SMLSEL.BSE_IDX,01/07/2025,09:05:35,8286.39,0,0,0,0,0,0
SMLSEL.BSE_IDX,01/07/2025,09:05:43,8287.33,0,0,0,0,0,0
SMLSEL.BSE_IDX,01/07/2025,09:05:51,8290.56,0,0,0,0,0,0
SMLSEL.BSE_IDX,01/07/2025,09:05:59,8287.62,0,0,0,0,0,0
SMLSEL.BSE_IDX,01/07/2025,09:06:07,8286.76,0,0,0,0,0,0
SMLSEL.BSE_IDX,01/07/2025,09:06:15,8285.02,0,0,0,0,0,0
SMLSEL.BSE_IDX,01/07/2025,09:06:23,8286.28,0,0,0,0,0,0
SMLSEL.BSE_IDX,01/07/2025,09:06:31,8289.01,0,0,0,0,0,0
SMLSEL.BSE_IDX,01/07/2025,09:06:39,8289.38,0,0,0,0,0,0
SMLSEL.BSE_IDX,01/07/2025,09:06:47,8289.35,0,0,0,0,0,0
SMLSEL.BSE_IDX,01/07/2025,09:06:55,8290.28,0,0,0,0,0,0
SMLSEL.BSE_IDX,01/07/2025,09:07:04,8290.56,0,0,0,0,0,0
SMLSEL.BSE_IDX,01/07/2025,09:07:11,8290.56,0,0,0,0,0,0
SMLSEL.BSE_IDX,01/07/2025,09:07:19,8290.56,0,0,0,0,0,0
SMLSEL.BSE_IDX,01/07/2025,09:07:27,8290.56,0,0,0,0,0,0
SMLSEL.BSE_IDX,01/07/2025,09:07:35,8290.56,0,0,0,0,0,0
SMLSEL.BSE_IDX,01/07/2025,09:07:43,8290.56,0,0,0,0,0,0
SMLSEL.BSE_IDX,01/07/2025,09:07:51,8290.56,0,0,0,0,0,0
SMLSEL.BSE_IDX,01/07/2025,09:07:59,8290.56,0,0,0,0,0,0
SMLSEL.BSE_IDX,01/07/2025,09:08:07,8290.56,0,0,0,0,0,0
SMLSEL.BSE_IDX,01/07/2025,09:08:15,8290.56,0,0,0,0,0,0
SMLSEL.BSE_IDX,01/07/2025,09:08:23,8290.56,0,0,0,0,0,0
SMLSEL.BSE_IDX,01/07/2025,09:08:31,8290.56,0,0,0,0,0,0
SMLSEL.BSE_IDX,01/07/2025,09:08:39,8290.56,0,0,0,0,0,0
SMLSEL.BSE_IDX,01/07/2025,09:08:47,8290.56,0,0,0,0,0,0
SMLSEL.BSE_IDX,01/07/2025,09:08:55,8290.56,0,0,0,0,0,0
SMLSEL.BSE_IDX,01/07/2025,09:09:03,8289.48,0,0,0,0,0,0
SMLSEL.BSE_IDX,01/07/2025,09:09:11,8289.48,0,0,0,0,0,0
SMLSEL.BSE_IDX,01/07/2025,09:09:19,8289.48,0,0,0,0,0,0
SMLSEL.BSE_IDX,01/07/2025,09:09:27,8289.48,0,0,0,0,0,0
SMLSEL.BSE_IDX,01/07/2025,09:09:35,8289.48,0,0,0,0,0,0
SMLSEL.BSE_IDX,01/07/2025,09:09:43,8289.48,0,0,0,0,0,0
SMLSEL.BSE_IDX,01/07/2025,09:09:51,8289.48,0,0,0,0,0,0
SMLSEL.BSE_IDX,01/07/2025,09:09:59,8289.48,0,0,0,0,0,0
SMLSEL.BSE_IDX,01/07/2025,09:10:07,8289.48,0,0,0,0,0,0
SMLSEL.BSE_IDX,01/07/2025,09:10:15,8289.48,0,0,0,0,0,0
SMLSEL.BSE_IDX,01/07/2025,09:10:23,8289.48,0,0,0,0,0,0
SMLSEL.BSE_IDX,01/07/2025,09:10:31,8289.48,0,0,0,0,0,0
SMLSEL.BSE_IDX,01/07/2025,09:10:39,8289.48,0,0,0,0,0,0
SMLSEL.BSE_IDX,01/07/2025,09:10:47,8289.48,0,0,0,0,0,0
SMLSEL.BSE_IDX,01/07/2025,09:10:55,8289.48,0,0,0,0,0,0
SMLSEL.BSE_IDX,01/07/2025,09:11:03,8289.48,0,0,0,0,0,0
SMLSEL.BSE_IDX,01/07/2025,09:11:11,8289.48,0,0,0,0,0,0
SMLSEL.BSE_IDX,01/07/2025,09:11:19,8289.48,0,0,0,0,0,0
SMLSEL.BSE_IDX,01/07/2025,09:11:27,8289.48,0,0,0,0,0,0
SMLSEL.BSE_IDX,01/07/2025,09:11:35,8289.48,0,0,0,0,0,0
SMLSEL.BSE_IDX,01/07/2025,09:11:43,8289.48,0,0,0,0,0,0
SMLSEL.BSE_IDX,01/07/2025,09:11:51,8289.48,0,0,0,0,0,0
SMLSEL.BSE_IDX,01/07/2025,09:11:59,8289.48,0,0,0,0,0,0
SMLSEL.BSE_IDX,01/07/2025,09:12:07,8289.48,0,0,0,0,0,0
SMLSEL.BSE_IDX,01/07/2025,09:12:16,8289.48,0,0,0,0,0,0
SMLSEL.BSE_IDX,01/07/2025,09:12:23,8289.48,0,0,0,0,0,0
SMLSEL.BSE_IDX,01/07/2025,09:12:31,8289.48,0,0,0,0,0,0
SMLSEL.BSE_IDX,01/07/2025,09:12:39,8289.48,0,0,0,0,0,0
SMLSEL.BSE_IDX,01/07/2025,09:12:47,8289.48,0,0,0,0,0,0
SMLSEL.BSE_IDX,01/07/2025,09:12:55,8289.48,0,0,0,0,0,0
SMLSEL.BSE_IDX,01/07/2025,09:13:03,8289.48,0,0,0,0,0,0
SMLSEL.BSE_IDX,01/07/2025,09:13:11,8289.48,0,0,0,0,0,0
SMLSEL.BSE_IDX,01/07/2025,09:13:19,8289.48,0,0,0,0,0,0
SMLSEL.BSE_IDX,01/07/2025,09:13:27,8289.48,0,0,0,0,0,0
SMLSEL.BSE_IDX,01/07/2025,09:13:35,8289.48,0,0,0,0,0,0
SMLSEL.BSE_IDX,01/07/2025,09:13:43,8289.48,0,0,0,0,0,0
SMLSEL.BSE_IDX,01/07/2025,09:13:51,8289.48,0,0,0,0,0,0
SMLSEL.BSE_IDX,01/07/2025,09:13:59,8289.48,0,0,0,0,0,0
SMLSEL.BSE_IDX,01/07/2025,09:14:07,8289.48,0,0,0,0,0,0
SMLSEL.BSE_IDX,01/07/2025,09:14:15,8289.48,0,0,0,0,0,0
SMLSEL.BSE_IDX,01/07/2025,09:14:23,8289.48,0,0,0,0,0,0
SMLSEL.BSE_IDX,01/07/2025,09:14:31,8289.48,0,0,0,0,0,0
SMLSEL.BSE_IDX,01/07/2025,09:14:39,8289.48,0,0,0,0,0,0
SMLSEL.BSE_IDX,01/07/2025,09:14:47,8289.48,0,0,0,0,0,0
SMLSEL.BSE_IDX,01/07/2025,09:14:55,8289.48,0,0,0,0,0,0
SMLSEL.BSE_IDX,01/07/2025,09:15:04,8292.01,0,0,0,0,0,0
SMLSEL.BSE_IDX,01/07/2025,09:15:11,8281.74,0,0,0,0,0,0
SMLSEL.BSE_IDX,01/07/2025,09:15:19,8278.27,0,0,0,0,0,0
SMLSEL.BSE_IDX,01/07/2025,09:15:27,8270.66,0,0,0,0,0,0
SMLSEL.BSE_IDX,01/07/2025,09:15:35,8270.26,0,0,0,0,0,0
SMLSEL.BSE_IDX,01/07/2025,09:15:43,8272.49,0,0,0,0,0,0
SMLSEL.BSE_IDX,01/07/2025,09:15:51,8273.44,0,0,0,0,0,0
SMLSEL.BSE_IDX,01/07/2025,09:15:59,8274.76,0,0,0,0,0,0
SMLSEL.BSE_IDX,01/07/2025,09:16:07,8270.77,0,0,0,0,0,0
SMLSEL.BSE_IDX,01/07/2025,09:16:15,8272.44,0,0,0,0,0,0
SMLSEL.BSE_IDX,01/07/2025,09:16:24,8275.03,0,0,0,0,0,0
SMLSEL.BSE_IDX,01/07/2025,09:16:31,8275.15,0,0,0,0,0,0
SMLSEL.BSE_IDX,01/07/2025,09:16:39,8276.74,0,0,0,0,0,0
SMLSEL.BSE_IDX,01/07/2025,09:16:48,8276.83,0,0,0,0,0,0
SMLSEL.BSE_IDX,01/07/2025,09:16:55,8278.44,0,0,0,0,0,0
SMLSEL.BSE_IDX,01/07/2025,09:17:03,8277.46,0,0,0,0,0,0
SMLSEL.BSE_IDX,01/07/2025,09:17:12,8277.69,0,0,0,0,0,0
SMLSEL.BSE_IDX,01/07/2025,09:17:19,8277.36,0,0,0,0,0,0
SMLSEL.BSE_IDX,01/07/2025,09:17:27,8274.14,0,0,0,0,0,0
SMLSEL.BSE_IDX,01/07/2025,09:17:35,8274.71,0,0,0,0,0,0
SMLSEL.BSE_IDX,01/07/2025,09:17:44,8275.51,0,0,0,0,0,0
SMLSEL.BSE_IDX,01/07/2025,09:17:51,8274.89,0,0,0,0,0,0
SMLSEL.BSE_IDX,01/07/2025,09:17:59,8275.1,0,0,0,0,0,0
SMLSEL.BSE_IDX,01/07/2025,09:18:07,8273.42,0,0,0,0,0,0
SMLSEL.BSE_IDX,01/07/2025,09:18:15,8271.46,0,0,0,0,0,0
SMLSEL.BSE_IDX,01/07/2025,09:18:23,8272.19,0,0,0,0,0,0
SMLSEL.BSE_IDX,01/07/2025,09:18:31,8272.36,0,0,0,0,0,0
SMLSEL.BSE_IDX,01/07/2025,09:18:39,8271.06,0,0,0,0,0,0
SMLSEL.BSE_IDX,01/07/2025,09:18:47,8270.73,0,0,0,0,0,0
SMLSEL.BSE_IDX,01/07/2025,09:18:56,8271.86,0,0,0,0,0,0
SMLSEL.BSE_IDX,01/07/2025,09:19:03,8271.11,0,0,0,0,0,0
SMLSEL.BSE_IDX,01/07/2025,09:19:11,8269.26,0,0,0,0,0,0
SMLSEL.BSE_IDX,01/07/2025,09:19:19,8269.6,0,0,0,0,0,0
SMLSEL.BSE_IDX,01/07/2025,09:19:28,8268.05,0,0,0,0,0,0
SMLSEL.BSE_IDX,01/07/2025,09:19:35,8268.82,0,0,0,0,0,0
SMLSEL.BSE_IDX,01/07/2025,09:19:43,8267.09,0,0,0,0,0,0
SMLSEL.BSE_IDX,01/07/2025,09:19:52,8265.49,0,0,0,0,0,0
SMLSEL.BSE_IDX,01/07/2025,09:19:59,8266.8,0,0,0,0,0,0
SMLSEL.BSE_IDX,01/07/2025,09:20:07,8268.26,0,0,0,0,0,0
SMLSEL.BSE_IDX,01/07/2025,09:20:15,8268.73,0,0,0,0,0,0
SMLSEL.BSE_IDX,01/07/2025,09:20:24,8265.41,0,0,0,0,0,0
SMLSEL.BSE_IDX,01/07/2025,09:20:31,8262.39,0,0,0,0,0,0
SMLSEL.BSE_IDX,01/07/2025,09:20:39,8262.21,0,0,0,0,0,0
SMLSEL.BSE_IDX,01/07/2025,09:20:47,8262.58,0,0,0,0,0,0
SMLSEL.BSE_IDX,01/07/2025,09:20:55,8261.5,0,0,0,0,0,0
SMLSEL.BSE_IDX,01/07/2025,09:21:03,8262.37,0,0,0,0,0,0
SMLSEL.BSE_IDX,01/07/2025,09:21:11,8261.11,0,0,0,0,0,0
SMLSEL.BSE_IDX,01/07/2025,09:21:19,8261.53,0,0,0,0,0,0
SMLSEL.BSE_IDX,01/07/2025,09:21:27,8258.67,0,0,0,0,0,0
SMLSEL.BSE_IDX,01/07/2025,09:21:36,8258.31,0,0,0,0,0,0
SMLSEL.BSE_IDX,01/07/2025,09:21:43,8258.8,0,0,0,0,0,0
SMLSEL.BSE_IDX,01/07/2025,09:21:51,8259.92,0,0,0,0,0,0
SMLSEL.BSE_IDX,01/07/2025,09:21:59,8260.32,0,0,0,0,0,0
SMLSEL.BSE_IDX,01/07/2025,09:22:07,8260.62,0,0,0,0,0,0
SMLSEL.BSE_IDX,01/07/2025,09:22:15,8260.42,0,0,0,0,0,0
SMLSEL.BSE_IDX,01/07/2025,09:22:23,8261.23,0,0,0,0,0,0
SMLSEL.BSE_IDX,01/07/2025,09:22:31,8261.15,0,0,0,0,0,0
SMLSEL.BSE_IDX,01/07/2025,09:22:39,8262.22,0,0,0,0,0,0
SMLSEL.BSE_IDX,01/07/2025,09:22:47,8262.81,0,0,0,0,0,0
SMLSEL.BSE_IDX,01/07/2025,09:22:55,8263.17,0,0,0,0,0,0
SMLSEL.BSE_IDX,01/07/2025,09:23:03,8265.7,0,0,0,0,0,0
SMLSEL.BSE_IDX,01/07/2025,09:23:11,8264.01,0,0,0,0,0,0
SMLSEL.BSE_IDX,01/07/2025,09:23:19,8263.27,0,0,0,0,0,0
SMLSEL.BSE_IDX,01/07/2025,09:23:27,8263.92,0,0,0,0,0,0
SMLSEL.BSE_IDX,01/07/2025,09:23:35,8263.4,0,0,0,0,0,0
SMLSEL.BSE_IDX,01/07/2025,09:23:44,8262.85,0,0,0,0,0,0
SMLSEL.BSE_IDX,01/07/2025,09:23:51,8260.59,0,0,0,0,0,0
SMLSEL.BSE_IDX,01/07/2025,09:23:59,8259.42,0,0,0,0,0,0
SMLSEL.BSE_IDX,01/07/2025,09:24:08,8259.55,0,0,0,0,0,0
SMLSEL.BSE_IDX,01/07/2025,09:24:15,8259.53,0,0,0,0,0,0
SMLSEL.BSE_IDX,01/07/2025,09:24:23,8257.48,0,0,0,0,0,0
SMLSEL.BSE_IDX,01/07/2025,09:24:32,8257.65,0,0,0,0,0,0
SMLSEL.BSE_IDX,01/07/2025,09:24:39,8258.27,0,0,0,0,0,0
SMLSEL.BSE_IDX,01/07/2025,09:24:48,8257.99,0,0,0,0,0,0
SMLSEL.BSE_IDX,01/07/2025,09:24:57,8257.34,0,0,0,0,0,0
SMLSEL.BSE_IDX,01/07/2025,09:25:03,8257.16,0,0,0,0,0,0
SMLSEL.BSE_IDX,01/07/2025,09:25:12,8255,0,0,0,0,0,0
SMLSEL.BSE_IDX,01/07/2025,09:25:19,8254.1,0,0,0,0,0,0
SMLSEL.BSE_IDX,01/07/2025,09:25:29,8254.18,0,0,0,0,0,0
SMLSEL.BSE_IDX,01/07/2025,09:25:35,8253.56,0,0,0,0,0,0
SMLSEL.BSE_IDX,01/07/2025,09:25:43,8252.64,0,0,0,0,0,0
SMLSEL.BSE_IDX,01/07/2025,09:25:51,8251.1,0,0,0,0,0,0
SMLSEL.BSE_IDX,01/07/2025,09:25:59,8248.99,0,0,0,0,0,0
SMLSEL.BSE_IDX,01/07/2025,09:26:08,8247.97,0,0,0,0,0,0
SMLSEL.BSE_IDX,01/07/2025,09:26:15,8248.95,0,0,0,0,0,0
SMLSEL.BSE_IDX,01/07/2025,09:26:24,8247.58,0,0,0,0,0,0
SMLSEL.BSE_IDX,01/07/2025,09:26:31,8249.29,0,0,0,0,0,0
SMLSEL.BSE_IDX,01/07/2025,09:26:39,8249.01,0,0,0,0,0,0
SMLSEL.BSE_IDX,01/07/2025,09:26:48,8249.74,0,0,0,0,0,0
SMLSEL.BSE_IDX,01/07/2025,09:26:55,8252.09,0,0,0,0,0,0
SMLSEL.BSE_IDX,01/07/2025,09:27:04,8253.65,0,0,0,0,0,0
SMLSEL.BSE_IDX,01/07/2025,09:27:12,8252.54,0,0,0,0,0,0
SMLSEL.BSE_IDX,01/07/2025,09:27:19,8253.3,0,0,0,0,0,0
SMLSEL.BSE_IDX,01/07/2025,09:27:28,8252.59,0,0,0,0,0,0
SMLSEL.BSE_IDX,01/07/2025,09:27:36,8252.8,0,0,0,0,0,0
SMLSEL.BSE_IDX,01/07/2025,09:27:44,8251.66,0,0,0,0,0,0
SMLSEL.BSE_IDX,01/07/2025,09:27:51,8251.08,0,0,0,0,0,0
SMLSEL.BSE_IDX,01/07/2025,09:28:00,8252.34,0,0,0,0,0,0
SMLSEL.BSE_IDX,01/07/2025,09:28:08,8250.86,0,0,0,0,0,0
SMLSEL.BSE_IDX,01/07/2025,09:28:16,8247.62,0,0,0,0,0,0
SMLSEL.BSE_IDX,01/07/2025,09:28:24,8245.41,0,0,0,0,0,0
SMLSEL.BSE_IDX,01/07/2025,09:28:32,8244.18,0,0,0,0,0,0
SMLSEL.BSE_IDX,01/07/2025,09:28:40,8245.09,0,0,0,0,0,0
SMLSEL.BSE_IDX,01/07/2025,09:28:48,8245.97,0,0,0,0,0,0
SMLSEL.BSE_IDX,01/07/2025,09:28:56,8247.41,0,0,0,0,0,0
SMLSEL.BSE_IDX,01/07/2025,09:29:04,8248.29,0,0,0,0,0,0
SMLSEL.BSE_IDX,01/07/2025,09:29:12,8247.29,0,0,0,0,0,0
SMLSEL.BSE_IDX,01/07/2025,09:29:20,8245.2,0,0,0,0,0,0
SMLSEL.BSE_IDX,01/07/2025,09:29:28,8243.78,0,0,0,0,0,0
SMLSEL.BSE_IDX,01/07/2025,09:29:36,8243.9,0,0,0,0,0,0
SMLSEL.BSE_IDX,01/07/2025,09:29:44,8245.29,0,0,0,0,0,0
SMLSEL.BSE_IDX,01/07/2025,09:29:52,8244.73,0,0,0,0,0,0
SMLSEL.BSE_IDX,01/07/2025,09:30:00,8245.43,0,0,0,0,0,0
SMLSEL.BSE_IDX,01/07/2025,09:30:08,8247.78,0,0,0,0,0,0
SMLSEL.BSE_IDX,01/07/2025,09:30:16,8247.39,0,0,0,0,0,0
SMLSEL.BSE_IDX,01/07/2025,09:30:24,8249.1,0,0,0,0,0,0
SMLSEL.BSE_IDX,01/07/2025,09:30:32,8250.15,0,0,0,0,0,0
SMLSEL.BSE_IDX,01/07/2025,09:30:40,8249.97,0,0,0,0,0,0
SMLSEL.BSE_IDX,01/07/2025,09:30:48,8250.55,0,0,0,0,0,0
SMLSEL.BSE_IDX,01/07/2025,09:30:56,8247.1,0,0,0,0,0,0
SMLSEL.BSE_IDX,01/07/2025,09:31:04,8244.24,0,0,0,0,0,0
SMLSEL.BSE_IDX,01/07/2025,09:31:12,8243.35,0,0,0,0,0,0
SMLSEL.BSE_IDX,01/07/2025,09:31:20,8242.5,0,0,0,0,0,0
SMLSEL.BSE_IDX,01/07/2025,09:31:28,8241.83,0,0,0,0,0,0
SMLSEL.BSE_IDX,01/07/2025,09:31:36,8242.52,0,0,0,0,0,0
SMLSEL.BSE_IDX,01/07/2025,09:31:44,8240.52,0,0,0,0,0,0
SMLSEL.BSE_IDX,01/07/2025,09:31:52,8240.64,0,0,0,0,0,0
SMLSEL.BSE_IDX,01/07/2025,09:32:00,8240.01,0,0,0,0,0,0
SMLSEL.BSE_IDX,01/07/2025,09:32:08,8239.99,0,0,0,0,0,0
SMLSEL.BSE_IDX,01/07/2025,09:32:16,8240.2,0,0,0,0,0,0
SMLSEL.BSE_IDX,01/07/2025,09:32:24,8238.87,0,0,0,0,0,0
SMLSEL.BSE_IDX,01/07/2025,09:32:32,8239.65,0,0,0,0,0,0
SMLSEL.BSE_IDX,01/07/2025,09:32:40,8240.6,0,0,0,0,0,0
SMLSEL.BSE_IDX,01/07/2025,09:32:48,8241.33,0,0,0,0,0,0
SMLSEL.BSE_IDX,01/07/2025,09:32:56,8241.9,0,0,0,0,0,0
SMLSEL.BSE_IDX,01/07/2025,09:33:04,8241.87,0,0,0,0,0,0
SMLSEL.BSE_IDX,01/07/2025,09:33:12,8242.77,0,0,0,0,0,0
SMLSEL.BSE_IDX,01/07/2025,09:33:20,8243.45,0,0,0,0,0,0
SMLSEL.BSE_IDX,01/07/2025,09:33:28,8244.16,0,0,0,0,0,0
SMLSEL.BSE_IDX,01/07/2025,09:33:36,8244.78,0,0,0,0,0,0
SMLSEL.BSE_IDX,01/07/2025,09:33:44,8245.69,0,0,0,0,0,0
SMLSEL.BSE_IDX,01/07/2025,09:33:52,8245.88,0,0,0,0,0,0
SMLSEL.BSE_IDX,01/07/2025,09:34:00,8246.25,0,0,0,0,0,0
SMLSEL.BSE_IDX,01/07/2025,09:34:08,8246.74,0,0,0,0,0,0
SMLSEL.BSE_IDX,01/07/2025,09:34:16,8246.07,0,0,0,0,0,0
SMLSEL.BSE_IDX,01/07/2025,09:34:24,8246.11,0,0,0,0,0,0
SMLSEL.BSE_IDX,01/07/2025,09:34:32,8248.03,0,0,0,0,0,0
SMLSEL.BSE_IDX,01/07/2025,09:34:40,8249.28,0,0,0,0,0,0
SMLSEL.BSE_IDX,01/07/2025,09:34:48,8249.65,0,0,0,0,0,0
SMLSEL.BSE_IDX,01/07/2025,09:34:56,8249.79,0,0,0,0,0,0
SMLSEL.BSE_IDX,01/07/2025,09:35:05,8250.1,0,0,0,0,0,0
SMLSEL.BSE_IDX,01/07/2025,09:35:12,8249.48,0,0,0,0,0,0
SMLSEL.BSE_IDX,01/07/2025,09:35:20,8250.37,0,0,0,0,0,0
SMLSEL.BSE_IDX,01/07/2025,09:35:28,8251.49,0,0,0,0,0,0
SMLSEL.BSE_IDX,01/07/2025,09:35:36,8252.3,0,0,0,0,0,0
SMLSEL.BSE_IDX,01/07/2025,09:35:44,8251.65,0,0,0,0,0,0
SMLSEL.BSE_IDX,01/07/2025,09:35:52,8251.16,0,0,0,0,0,0
SMLSEL.BSE_IDX,01/07/2025,09:36:00,8251.29,0,0,0,0,0,0
SMLSEL.BSE_IDX,01/07/2025,09:36:08,8251.04,0,0,0,0,0,0
SMLSEL.BSE_IDX,01/07/2025,09:36:16,8249.87,0,0,0,0,0,0
SMLSEL.BSE_IDX,01/07/2025,09:36:24,8249.42,0,0,0,0,0,0
SMLSEL.BSE_IDX,01/07/2025,09:36:33,8249.88,0,0,0,0,0,0
SMLSEL.BSE_IDX,01/07/2025,09:36:40,8249.34,0,0,0,0,0,0
SMLSEL.BSE_IDX,01/07/2025,09:36:48,8250.32,0,0,0,0,0,0
SMLSEL.BSE_IDX,01/07/2025,09:36:56,8249.47,0,0,0,0,0,0
SMLSEL.BSE_IDX,01/07/2025,09:37:04,8250.7,0,0,0,0,0,0
SMLSEL.BSE_IDX,01/07/2025,09:37:12,8250.81,0,0,0,0,0,0
SMLSEL.BSE_IDX,01/07/2025,09:37:20,8250.8,0,0,0,0,0,0
SMLSEL.BSE_IDX,01/07/2025,09:37:28,8251.94,0,0,0,0,0,0
SMLSEL.BSE_IDX,01/07/2025,09:37:36,8252.6,0,0,0,0,0,0
SMLSEL.BSE_IDX,01/07/2025,09:37:44,8251.61,0,0,0,0,0,0
SMLSEL.BSE_IDX,01/07/2025,09:37:52,8251.13,0,0,0,0,0,0
SMLSEL.BSE_IDX,01/07/2025,09:38:00,8251.15,0,0,0,0,0,0
SMLSEL.BSE_IDX,01/07/2025,09:38:08,8249.2,0,0,0,0,0,0
SMLSEL.BSE_IDX,01/07/2025,09:38:16,8248.76,0,0,0,0,0,0
SMLSEL.BSE_IDX,01/07/2025,09:38:24,8249.46,0,0,0,0,0,0
SMLSEL.BSE_IDX,01/07/2025,09:38:32,8247.6,0,0,0,0,0,0
SMLSEL.BSE_IDX,01/07/2025,09:38:40,8245.66,0,0,0,0,0,0
SMLSEL.BSE_IDX,01/07/2025,09:38:48,8244.88,0,0,0,0,0,0
SMLSEL.BSE_IDX,01/07/2025,09:38:56,8243.34,0,0,0,0,0,0
SMLSEL.BSE_IDX,01/07/2025,09:39:04,8242.27,0,0,0,0,0,0
SMLSEL.BSE_IDX,01/07/2025,09:39:12,8243.32,0,0,0,0,0,0
SMLSEL.BSE_IDX,01/07/2025,09:39:20,8243.08,0,0,0,0,0,0
SMLSEL.BSE_IDX,01/07/2025,09:39:28,8243.75,0,0,0,0,0,0
SMLSEL.BSE_IDX,01/07/2025,09:39:36,8243.82,0,0,0,0,0,0
SMLSEL.BSE_IDX,01/07/2025,09:39:44,8243.87,0,0,0,0,0,0
SMLSEL.BSE_IDX,01/07/2025,09:39:52,8243.64,0,0,0,0,0,0
SMLSEL.BSE_IDX,01/07/2025,09:40:00,8244.08,0,0,0,0,0,0
SMLSEL.BSE_IDX,01/07/2025,09:40:08,8244.35,0,0,0,0,0,0
SMLSEL.BSE_IDX,01/07/2025,09:40:16,8244.9,0,0,0,0,0,0
SMLSEL.BSE_IDX,01/07/2025,09:40:24,8244.2,0,0,0,0,0,0
SMLSEL.BSE_IDX,01/07/2025,09:40:32,8243.63,0,0,0,0,0,0
SMLSEL.BSE_IDX,01/07/2025,09:40:40,8243.52,0,0,0,0,0,0
SMLSEL.BSE_IDX,01/07/2025,09:40:48,8243.94,0,0,0,0,0,0
SMLSEL.BSE_IDX,01/07/2025,09:40:56,8243.89,0,0,0,0,0,0
SMLSEL.BSE_IDX,01/07/2025,09:41:04,8242.68,0,0,0,0,0,0
SMLSEL.BSE_IDX,01/07/2025,09:41:12,8242.88,0,0,0,0,0,0
SMLSEL.BSE_IDX,01/07/2025,09:41:20,8243.02,0,0,0,0,0,0
SMLSEL.BSE_IDX,01/07/2025,09:41:28,8244.14,0,0,0,0,0,0
SMLSEL.BSE_IDX,01/07/2025,09:41:36,8244.6,0,0,0,0,0,0
SMLSEL.BSE_IDX,01/07/2025,09:41:44,8243.15,0,0,0,0,0,0
SMLSEL.BSE_IDX,01/07/2025,09:41:52,8244.43,0,0,0,0,0,0
SMLSEL.BSE_IDX,01/07/2025,09:42:00,8243.64,0,0,0,0,0,0
SMLSEL.BSE_IDX,01/07/2025,09:42:08,8243.32,0,0,0,0,0,0
SMLSEL.BSE_IDX,01/07/2025,09:42:16,8242.44,0,0,0,0,0,0
SMLSEL.BSE_IDX,01/07/2025,09:42:24,8242.03,0,0,0,0,0,0
SMLSEL.BSE_IDX,01/07/2025,09:42:32,8242.63,0,0,0,0,0,0
SMLSEL.BSE_IDX,01/07/2025,09:42:40,8241.26,0,0,0,0,0,0
SMLSEL.BSE_IDX,01/07/2025,09:42:48,8241.91,0,0,0,0,0,0
SMLSEL.BSE_IDX,01/07/2025,09:42:56,8242.52,0,0,0,0,0,0
SMLSEL.BSE_IDX,01/07/2025,09:43:04,8242.69,0,0,0,0,0,0
SMLSEL.BSE_IDX,01/07/2025,09:43:12,8242.47,0,0,0,0,0,0
SMLSEL.BSE_IDX,01/07/2025,09:43:20,8242.59,0,0,0,0,0,0
SMLSEL.BSE_IDX,01/07/2025,09:43:28,8242.01,0,0,0,0,0,0
SMLSEL.BSE_IDX,01/07/2025,09:43:36,8241.81,0,0,0,0,0,0
SMLSEL.BSE_IDX,01/07/2025,09:43:44,8242.56,0,0,0,0,0,0
SMLSEL.BSE_IDX,01/07/2025,09:43:53,8242.27,0,0,0,0,0,0
SMLSEL.BSE_IDX,01/07/2025,09:44:00,8242.89,0,0,0,0,0,0
SMLSEL.BSE_IDX,01/07/2025,09:44:08,8243.08,0,0,0,0,0,0
SMLSEL.BSE_IDX,01/07/2025,09:44:16,8242.86,0,0,0,0,0,0
SMLSEL.BSE_IDX,01/07/2025,09:44:24,8242.91,0,0,0,0,0,0
SMLSEL.BSE_IDX,01/07/2025,09:44:32,8243.21,0,0,0,0,0,0
SMLSEL.BSE_IDX,01/07/2025,09:44:40,8243.24,0,0,0,0,0,0
SMLSEL.BSE_IDX,01/07/2025,09:44:48,8241.7,0,0,0,0,0,0
SMLSEL.BSE_IDX,01/07/2025,09:44:56,8242.07,0,0,0,0,0,0
SMLSEL.BSE_IDX,01/07/2025,09:45:05,8241.59,0,0,0,0,0,0
SMLSEL.BSE_IDX,01/07/2025,09:45:12,8240.49,0,0,0,0,0,0
SMLSEL.BSE_IDX,01/07/2025,09:45:20,8239.64,0,0,0,0,0,0
SMLSEL.BSE_IDX,01/07/2025,09:45:28,8240.41,0,0,0,0,0,0
SMLSEL.BSE_IDX,01/07/2025,09:45:36,8239.83,0,0,0,0,0,0
SMLSEL.BSE_IDX,01/07/2025,09:45:44,8239.91,0,0,0,0,0,0
SMLSEL.BSE_IDX,01/07/2025,09:45:52,8240.85,0,0,0,0,0,0
SMLSEL.BSE_IDX,01/07/2025,09:46:01,8241.49,0,0,0,0,0,0
SMLSEL.BSE_IDX,01/07/2025,09:46:08,8239.01,0,0,0,0,0,0
SMLSEL.BSE_IDX,01/07/2025,09:46:16,8238.28,0,0,0,0,0,0
SMLSEL.BSE_IDX,01/07/2025,09:46:24,8239.25,0,0,0,0,0,0
SMLSEL.BSE_IDX,01/07/2025,09:46:32,8239.84,0,0,0,0,0,0
SMLSEL.BSE_IDX,01/07/2025,09:46:40,8240.28,0,0,0,0,0,0
SMLSEL.BSE_IDX,01/07/2025,09:46:48,8240.57,0,0,0,0,0,0
SMLSEL.BSE_IDX,01/07/2025,09:46:56,8241.15,0,0,0,0,0,0
SMLSEL.BSE_IDX,01/07/2025,09:47:04,8240.94,0,0,0,0,0,0
SMLSEL.BSE_IDX,01/07/2025,09:47:12,8240.56,0,0,0,0,0,0
SMLSEL.BSE_IDX,01/07/2025,09:47:20,8240.55,0,0,0,0,0,0
SMLSEL.BSE_IDX,01/07/2025,09:47:28,8240.04,0,0,0,0,0,0
SMLSEL.BSE_IDX,01/07/2025,09:47:36,8239.37,0,0,0,0,0,0
SMLSEL.BSE_IDX,01/07/2025,09:47:44,8239.07,0,0,0,0,0,0
SMLSEL.BSE_IDX,01/07/2025,09:47:52,8239.93,0,0,0,0,0,0
SMLSEL.BSE_IDX,01/07/2025,09:48:00,8241.03,0,0,0,0,0,0
SMLSEL.BSE_IDX,01/07/2025,09:48:08,8241.97,0,0,0,0,0,0
SMLSEL.BSE_IDX,01/07/2025,09:48:16,8242.64,0,0,0,0,0,0
SMLSEL.BSE_IDX,01/07/2025,09:48:24,8243.56,0,0,0,0,0,0
SMLSEL.BSE_IDX,01/07/2025,09:48:32,8242.98,0,0,0,0,0,0
SMLSEL.BSE_IDX,01/07/2025,09:48:40,8243.24,0,0,0,0,0,0
SMLSEL.BSE_IDX,01/07/2025,09:48:48,8244.17,0,0,0,0,0,0
SMLSEL.BSE_IDX,01/07/2025,09:48:56,8244.51,0,0,0,0,0,0
SMLSEL.BSE_IDX,01/07/2025,09:49:04,8245.16,0,0,0,0,0,0
SMLSEL.BSE_IDX,01/07/2025,09:49:12,8244.73,0,0,0,0,0,0
SMLSEL.BSE_IDX,01/07/2025,09:49:20,8244.6,0,0,0,0,0,0
SMLSEL.BSE_IDX,01/07/2025,09:49:28,8245.02,0,0,0,0,0,0
SMLSEL.BSE_IDX,01/07/2025,09:49:36,8245.46,0,0,0,0,0,0
SMLSEL.BSE_IDX,01/07/2025,09:49:44,8245.89,0,0,0,0,0,0
SMLSEL.BSE_IDX,01/07/2025,09:49:52,8246,0,0,0,0,0,0
SMLSEL.BSE_IDX,01/07/2025,09:50:00,8246.34,0,0,0,0,0,0
SMLSEL.BSE_IDX,01/07/2025,09:50:08,8246.2,0,0,0,0,0,0
SMLSEL.BSE_IDX,01/07/2025,09:50:16,8247.26,0,0,0,0,0,0
SMLSEL.BSE_IDX,01/07/2025,09:50:24,8248.06,0,0,0,0,0,0
SMLSEL.BSE_IDX,01/07/2025,09:50:32,8247.52,0,0,0,0,0,0
SMLSEL.BSE_IDX,01/07/2025,09:50:40,8247.94,0,0,0,0,0,0
SMLSEL.BSE_IDX,01/07/2025,09:50:48,8247.88,0,0,0,0,0,0
SMLSEL.BSE_IDX,01/07/2025,09:50:57,8247.59,0,0,0,0,0,0
SMLSEL.BSE_IDX,01/07/2025,09:51:04,8246.39,0,0,0,0,0,0
SMLSEL.BSE_IDX,01/07/2025,09:51:12,8245.67,0,0,0,0,0,0
SMLSEL.BSE_IDX,01/07/2025,09:51:20,8245.23,0,0,0,0,0,0
SMLSEL.BSE_IDX,01/07/2025,09:51:28,8245.35,0,0,0,0,0,0
SMLSEL.BSE_IDX,01/07/2025,09:51:37,8245.56,0,0,0,0,0,0
SMLSEL.BSE_IDX,01/07/2025,09:51:44,8244.48,0,0,0,0,0,0
SMLSEL.BSE_IDX,01/07/2025,09:51:52,8245.1,0,0,0,0,0,0
SMLSEL.BSE_IDX,01/07/2025,09:52:01,8244.64,0,0,0,0,0,0
SMLSEL.BSE_IDX,01/07/2025,09:52:08,8243.6,0,0,0,0,0,0
SMLSEL.BSE_IDX,01/07/2025,09:52:17,8242.73,0,0,0,0,0,0
SMLSEL.BSE_IDX,01/07/2025,09:52:24,8241.84,0,0,0,0,0,0
SMLSEL.BSE_IDX,01/07/2025,09:52:32,8241.14,0,0,0,0,0,0
SMLSEL.BSE_IDX,01/07/2025,09:52:40,8242.31,0,0,0,0,0,0
SMLSEL.BSE_IDX,01/07/2025,09:52:48,8242.54,0,0,0,0,0,0
SMLSEL.BSE_IDX,01/07/2025,09:52:57,8242.76,0,0,0,0,0,0
SMLSEL.BSE_IDX,01/07/2025,09:53:04,8242.35,0,0,0,0,0,0
SMLSEL.BSE_IDX,01/07/2025,09:53:13,8242.89,0,0,0,0,0,0
SMLSEL.BSE_IDX,01/07/2025,09:53:20,8242.98,0,0,0,0,0,0
SMLSEL.BSE_IDX,01/07/2025,09:53:28,8242.76,0,0,0,0,0,0
SMLSEL.BSE_IDX,01/07/2025,09:53:36,8243.98,0,0,0,0,0,0
SMLSEL.BSE_IDX,01/07/2025,09:53:44,8243.97,0,0,0,0,0,0
SMLSEL.BSE_IDX,01/07/2025,09:53:52,8245.42,0,0,0,0,0,0
SMLSEL.BSE_IDX,01/07/2025,09:54:00,8245.25,0,0,0,0,0,0
SMLSEL.BSE_IDX,01/07/2025,09:54:08,8243.78,0,0,0,0,0,0
SMLSEL.BSE_IDX,01/07/2025,09:54:16,8242.67,0,0,0,0,0,0
SMLSEL.BSE_IDX,01/07/2025,09:54:24,8241.53,0,0,0,0,0,0
SMLSEL.BSE_IDX,01/07/2025,09:54:32,8241.33,0,0,0,0,0,0
SMLSEL.BSE_IDX,01/07/2025,09:54:40,8240.91,0,0,0,0,0,0
SMLSEL.BSE_IDX,01/07/2025,09:54:48,8241.21,0,0,0,0,0,0
SMLSEL.BSE_IDX,01/07/2025,09:54:56,8241.24,0,0,0,0,0,0
SMLSEL.BSE_IDX,01/07/2025,09:55:04,8240.43,0,0,0,0,0,0
SMLSEL.BSE_IDX,01/07/2025,09:55:12,8239.53,0,0,0,0,0,0
SMLSEL.BSE_IDX,01/07/2025,09:55:20,8239.44,0,0,0,0,0,0
SMLSEL.BSE_IDX,01/07/2025,09:55:28,8238.44,0,0,0,0,0,0
SMLSEL.BSE_IDX,01/07/2025,09:55:36,8239.17,0,0,0,0,0,0
SMLSEL.BSE_IDX,01/07/2025,09:55:44,8237.8,0,0,0,0,0,0
SMLSEL.BSE_IDX,01/07/2025,09:55:52,8238.02,0,0,0,0,0,0
SMLSEL.BSE_IDX,01/07/2025,09:56:00,8237.32,0,0,0,0,0,0
SMLSEL.BSE_IDX,01/07/2025,09:56:08,8238.27,0,0,0,0,0,0
SMLSEL.BSE_IDX,01/07/2025,09:56:16,8237.36,0,0,0,0,0,0
SMLSEL.BSE_IDX,01/07/2025,09:56:25,8237.1,0,0,0,0,0,0
SMLSEL.BSE_IDX,01/07/2025,09:56:32,8238.14,0,0,0,0,0,0
SMLSEL.BSE_IDX,01/07/2025,09:56:41,8239.03,0,0,0,0,0,0
SMLSEL.BSE_IDX,01/07/2025,09:56:48,8239.64,0,0,0,0,0,0
SMLSEL.BSE_IDX,01/07/2025,09:56:57,8239.1,0,0,0,0,0,0
SMLSEL.BSE_IDX,01/07/2025,09:57:04,8239.59,0,0,0,0,0,0
SMLSEL.BSE_IDX,01/07/2025,09:57:12,8239.85,0,0,0,0,0,0
SMLSEL.BSE_IDX,01/07/2025,09:57:20,8241.48,0,0,0,0,0,0
SMLSEL.BSE_IDX,01/07/2025,09:57:28,8242.36,0,0,0,0,0,0
SMLSEL.BSE_IDX,01/07/2025,09:57:36,8241.61,0,0,0,0,0,0
SMLSEL.BSE_IDX,01/07/2025,09:57:44,8241.34,0,0,0,0,0,0
SMLSEL.BSE_IDX,01/07/2025,09:57:52,8240.91,0,0,0,0,0,0
SMLSEL.BSE_IDX,01/07/2025,09:58:00,8242.62,0,0,0,0,0,0
SMLSEL.BSE_IDX,01/07/2025,09:58:08,8242.57,0,0,0,0,0,0
SMLSEL.BSE_IDX,01/07/2025,09:58:16,8242.1,0,0,0,0,0,0
SMLSEL.BSE_IDX,01/07/2025,09:58:24,8241.66,0,0,0,0,0,0
SMLSEL.BSE_IDX,01/07/2025,09:58:32,8242.09,0,0,0,0,0,0
SMLSEL.BSE_IDX,01/07/2025,09:58:40,8242.67,0,0,0,0,0,0
SMLSEL.BSE_IDX,01/07/2025,09:58:48,8243.35,0,0,0,0,0,0
SMLSEL.BSE_IDX,01/07/2025,09:58:56,8243.6,0,0,0,0,0,0
SMLSEL.BSE_IDX,01/07/2025,09:59:05,8244.29,0,0,0,0,0,0
SMLSEL.BSE_IDX,01/07/2025,09:59:12,8244.2,0,0,0,0,0,0
SMLSEL.BSE_IDX,01/07/2025,09:59:20,8244.75,0,0,0,0,0,0
SMLSEL.BSE_IDX,01/07/2025,09:59:28,8245.07,0,0,0,0,0,0
SMLSEL.BSE_IDX,01/07/2025,09:59:36,8245.11,0,0,0,0,0,0
SMLSEL.BSE_IDX,01/07/2025,09:59:45,8245.33,0,0,0,0,0,0
SMLSEL.BSE_IDX,01/07/2025,09:59:52,8245.82,0,0,0,0,0,0
SMLSEL.BSE_IDX,01/07/2025,10:00:00,8245.43,0,0,0,0,0,0
SMLSEL.BSE_IDX,01/07/2025,10:00:08,8246.49,0,0,0,0,0,0
SMLSEL.BSE_IDX,01/07/2025,10:00:16,8248.4,0,0,0,0,0,0
SMLSEL.BSE_IDX,01/07/2025,10:00:24,8246.94,0,0,0,0,0,0
SMLSEL.BSE_IDX,01/07/2025,10:00:32,8245.86,0,0,0,0,0,0
SMLSEL.BSE_IDX,01/07/2025,10:00:40,8245.71,0,0,0,0,0,0
SMLSEL.BSE_IDX,01/07/2025,10:00:48,8245.59,0,0,0,0,0,0
SMLSEL.BSE_IDX,01/07/2025,10:00:56,8244.31,0,0,0,0,0,0
SMLSEL.BSE_IDX,01/07/2025,10:01:04,8242.31,0,0,0,0,0,0
SMLSEL.BSE_IDX,01/07/2025,10:01:12,8241.15,0,0,0,0,0,0
SMLSEL.BSE_IDX,01/07/2025,10:01:21,8241.19,0,0,0,0,0,0
SMLSEL.BSE_IDX,01/07/2025,10:01:28,8241.29,0,0,0,0,0,0
SMLSEL.BSE_IDX,01/07/2025,10:01:36,8241.29,0,0,0,0,0,0
SMLSEL.BSE_IDX,01/07/2025,10:01:44,8242.46,0,0,0,0,0,0
SMLSEL.BSE_IDX,01/07/2025,10:01:52,8241.76,0,0,0,0,0,0
SMLSEL.BSE_IDX,01/07/2025,10:02:00,8242.49,0,0,0,0,0,0
SMLSEL.BSE_IDX,01/07/2025,10:02:08,8243.9,0,0,0,0,0,0
SMLSEL.BSE_IDX,01/07/2025,10:02:17,8243.71,0,0,0,0,0,0
SMLSEL.BSE_IDX,01/07/2025,10:02:24,8244.06,0,0,0,0,0,0
SMLSEL.BSE_IDX,01/07/2025,10:02:32,8243.56,0,0,0,0,0,0
SMLSEL.BSE_IDX,01/07/2025,10:02:41,8243.08,0,0,0,0,0,0
SMLSEL.BSE_IDX,01/07/2025,10:02:49,8243.81,0,0,0,0,0,0
SMLSEL.BSE_IDX,01/07/2025,10:02:56,8243.78,0,0,0,0,0,0
SMLSEL.BSE_IDX,01/07/2025,10:03:04,8243.01,0,0,0,0,0,0
SMLSEL.BSE_IDX,01/07/2025,10:03:13,8239.76,0,0,0,0,0,0
SMLSEL.BSE_IDX,01/07/2025,10:03:20,8239.39,0,0,0,0,0,0
SMLSEL.BSE_IDX,01/07/2025,10:03:29,8238.17,0,0,0,0,0,0
SMLSEL.BSE_IDX,01/07/2025,10:03:37,8237.68,0,0,0,0,0,0
SMLSEL.BSE_IDX,01/07/2025,10:03:45,8237.41,0,0,0,0,0,0
SMLSEL.BSE_IDX,01/07/2025,10:03:53,8236.24,0,0,0,0,0,0
SMLSEL.BSE_IDX,01/07/2025,10:04:01,8236.14,0,0,0,0,0,0
SMLSEL.BSE_IDX,01/07/2025,10:04:09,8236.29,0,0,0,0,0,0
SMLSEL.BSE_IDX,01/07/2025,10:04:17,8234.86,0,0,0,0,0,0
SMLSEL.BSE_IDX,01/07/2025,10:04:25,8235.07,0,0,0,0,0,0
SMLSEL.BSE_IDX,01/07/2025,10:04:33,8235.23,0,0,0,0,0,0
SMLSEL.BSE_IDX,01/07/2025,10:04:41,8234.84,0,0,0,0,0,0
SMLSEL.BSE_IDX,01/07/2025,10:04:50,8236.89,0,0,0,0,0,0
SMLSEL.BSE_IDX,01/07/2025,10:04:57,8236.81,0,0,0,0,0,0
SMLSEL.BSE_IDX,01/07/2025,10:05:05,8236.1,0,0,0,0,0,0
SMLSEL.BSE_IDX,01/07/2025,10:05:14,8236.18,0,0,0,0,0,0
SMLSEL.BSE_IDX,01/07/2025,10:05:21,8236.12,0,0,0,0,0,0
SMLSEL.BSE_IDX,01/07/2025,10:05:29,8236.75,0,0,0,0,0,0
SMLSEL.BSE_IDX,01/07/2025,10:05:37,8236,0,0,0,0,0,0
SMLSEL.BSE_IDX,01/07/2025,10:05:45,8235.78,0,0,0,0,0,0
SMLSEL.BSE_IDX,01/07/2025,10:05:53,8237.17,0,0,0,0,0,0
SMLSEL.BSE_IDX,01/07/2025,10:06:01,8236.92,0,0,0,0,0,0
SMLSEL.BSE_IDX,01/07/2025,10:06:09,8237.11,0,0,0,0,0,0
SMLSEL.BSE_IDX,01/07/2025,10:06:17,8236.24,0,0,0,0,0,0
SMLSEL.BSE_IDX,01/07/2025,10:06:25,8236.23,0,0,0,0,0,0
SMLSEL.BSE_IDX,01/07/2025,10:06:33,8236.86,0,0,0,0,0,0
SMLSEL.BSE_IDX,01/07/2025,10:06:41,8237.4,0,0,0,0,0,0
SMLSEL.BSE_IDX,01/07/2025,10:06:49,8238.28,0,0,0,0,0,0
SMLSEL.BSE_IDX,01/07/2025,10:06:57,8238.21,0,0,0,0,0,0
SMLSEL.BSE_IDX,01/07/2025,10:07:05,8240.96,0,0,0,0,0,0
SMLSEL.BSE_IDX,01/07/2025,10:07:13,8240.69,0,0,0,0,0,0
SMLSEL.BSE_IDX,01/07/2025,10:07:21,8242.31,0,0,0,0,0,0
SMLSEL.BSE_IDX,01/07/2025,10:07:29,8243,0,0,0,0,0,0
SMLSEL.BSE_IDX,01/07/2025,10:07:37,8242.93,0,0,0,0,0,0
SMLSEL.BSE_IDX,01/07/2025,10:07:45,8243.83,0,0,0,0,0,0
SMLSEL.BSE_IDX,01/07/2025,10:07:53,8243.76,0,0,0,0,0,0
SMLSEL.BSE_IDX,01/07/2025,10:08:01,8243.37,0,0,0,0,0,0
SMLSEL.BSE_IDX,01/07/2025,10:08:09,8242.85,0,0,0,0,0,0
SMLSEL.BSE_IDX,01/07/2025,10:08:17,8243.28,0,0,0,0,0,0
SMLSEL.BSE_IDX,01/07/2025,10:08:25,8243.32,0,0,0,0,0,0
SMLSEL.BSE_IDX,01/07/2025,10:08:33,8244.25,0,0,0,0,0,0
SMLSEL.BSE_IDX,01/07/2025,10:08:41,8244.41,0,0,0,0,0,0
SMLSEL.BSE_IDX,01/07/2025,10:08:49,8243.43,0,0,0,0,0,0
SMLSEL.BSE_IDX,01/07/2025,10:08:57,8243.12,0,0,0,0,0,0
SMLSEL.BSE_IDX,01/07/2025,10:09:05,8242.02,0,0,0,0,0,0
SMLSEL.BSE_IDX,01/07/2025,10:09:13,8241.54,0,0,0,0,0,0
SMLSEL.BSE_IDX,01/07/2025,10:09:21,8241.63,0,0,0,0,0,0
SMLSEL.BSE_IDX,01/07/2025,10:09:29,8240.73,0,0,0,0,0,0
SMLSEL.BSE_IDX,01/07/2025,10:09:37,8241.45,0,0,0,0,0,0
SMLSEL.BSE_IDX,01/07/2025,10:09:45,8241.45,0,0,0,0,0,0
SMLSEL.BSE_IDX,01/07/2025,10:09:53,8241.78,0,0,0,0,0,0
SMLSEL.BSE_IDX,01/07/2025,10:10:01,8242.05,0,0,0,0,0,0
SMLSEL.BSE_IDX,01/07/2025,10:10:09,8242.76,0,0,0,0,0,0
SMLSEL.BSE_IDX,01/07/2025,10:10:17,8242.86,0,0,0,0,0,0
SMLSEL.BSE_IDX,01/07/2025,10:10:25,8242.69,0,0,0,0,0,0
SMLSEL.BSE_IDX,01/07/2025,10:10:33,8242.63,0,0,0,0,0,0
SMLSEL.BSE_IDX,01/07/2025,10:10:41,8241.8,0,0,0,0,0,0
SMLSEL.BSE_IDX,01/07/2025,10:10:49,8241.86,0,0,0,0,0,0
SMLSEL.BSE_IDX,01/07/2025,10:10:57,8241.38,0,0,0,0,0,0
SMLSEL.BSE_IDX,01/07/2025,10:11:05,8240.95,0,0,0,0,0,0
SMLSEL.BSE_IDX,01/07/2025,10:11:13,8239.84,0,0,0,0,0,0
SMLSEL.BSE_IDX,01/07/2025,10:11:22,8238.97,0,0,0,0,0,0
SMLSEL.BSE_IDX,01/07/2025,10:11:29,8239.01,0,0,0,0,0,0
SMLSEL.BSE_IDX,01/07/2025,10:11:37,8239.49,0,0,0,0,0,0
SMLSEL.BSE_IDX,01/07/2025,10:11:45,8239.68,0,0,0,0,0,0
SMLSEL.BSE_IDX,01/07/2025,10:11:53,8239.24,0,0,0,0,0,0
SMLSEL.BSE_IDX,01/07/2025,10:12:01,8239.83,0,0,0,0,0,0
SMLSEL.BSE_IDX,01/07/2025,10:12:09,8239.32,0,0,0,0,0,0
SMLSEL.BSE_IDX,01/07/2025,10:12:17,8238.77,0,0,0,0,0,0
SMLSEL.BSE_IDX,01/07/2025,10:12:25,8238.32,0,0,0,0,0,0
SMLSEL.BSE_IDX,01/07/2025,10:12:33,8237.68,0,0,0,0,0,0
SMLSEL.BSE_IDX,01/07/2025,10:12:41,8236.87,0,0,0,0,0,0
SMLSEL.BSE_IDX,01/07/2025,10:12:49,8236.49,0,0,0,0,0,0
SMLSEL.BSE_IDX,01/07/2025,10:12:57,8235.34,0,0,0,0,0,0
SMLSEL.BSE_IDX,01/07/2025,10:13:05,8234.55,0,0,0,0,0,0
SMLSEL.BSE_IDX,01/07/2025,10:13:13,8234.71,0,0,0,0,0,0
SMLSEL.BSE_IDX,01/07/2025,10:13:21,8234.28,0,0,0,0,0,0
SMLSEL.BSE_IDX,01/07/2025,10:13:29,8234.39,0,0,0,0,0,0
SMLSEL.BSE_IDX,01/07/2025,10:13:37,8233.35,0,0,0,0,0,0
SMLSEL.BSE_IDX,01/07/2025,10:13:45,8233.12,0,0,0,0,0,0
SMLSEL.BSE_IDX,01/07/2025,10:13:53,8232.04,0,0,0,0,0,0
SMLSEL.BSE_IDX,01/07/2025,10:14:01,8230.36,0,0,0,0,0,0
SMLSEL.BSE_IDX,01/07/2025,10:14:09,8230.12,0,0,0,0,0,0
SMLSEL.BSE_IDX,01/07/2025,10:14:17,8229.54,0,0,0,0,0,0
SMLSEL.BSE_IDX,01/07/2025,10:14:25,8228.78,0,0,0,0,0,0
SMLSEL.BSE_IDX,01/07/2025,10:14:33,8227.33,0,0,0,0,0,0
SMLSEL.BSE_IDX,01/07/2025,10:14:41,8227.15,0,0,0,0,0,0
SMLSEL.BSE_IDX,01/07/2025,10:14:49,8226.71,0,0,0,0,0,0
SMLSEL.BSE_IDX,01/07/2025,10:14:57,8226.75,0,0,0,0,0,0
SMLSEL.BSE_IDX,01/07/2025,10:15:05,8225.9,0,0,0,0,0,0
SMLSEL.BSE_IDX,01/07/2025,10:15:13,8224.95,0,0,0,0,0,0
SMLSEL.BSE_IDX,01/07/2025,10:15:21,8224.48,0,0,0,0,0,0
SMLSEL.BSE_IDX,01/07/2025,10:15:29,8224.02,0,0,0,0,0,0
SMLSEL.BSE_IDX,01/07/2025,10:15:37,8224.97,0,0,0,0,0,0
SMLSEL.BSE_IDX,01/07/2025,10:15:45,8224.58,0,0,0,0,0,0
SMLSEL.BSE_IDX,01/07/2025,10:15:53,8223.69,0,0,0,0,0,0
SMLSEL.BSE_IDX,01/07/2025,10:16:01,8224.16,0,0,0,0,0,0
SMLSEL.BSE_IDX,01/07/2025,10:16:09,8224.51,0,0,0,0,0,0
SMLSEL.BSE_IDX,01/07/2025,10:16:17,8224.54,0,0,0,0,0,0
SMLSEL.BSE_IDX,01/07/2025,10:16:25,8225,0,0,0,0,0,0
SMLSEL.BSE_IDX,01/07/2025,10:16:33,8224.39,0,0,0,0,0,0
SMLSEL.BSE_IDX,01/07/2025,10:16:41,8224.42,0,0,0,0,0,0
SMLSEL.BSE_IDX,01/07/2025,10:16:49,8224.83,0,0,0,0,0,0
SMLSEL.BSE_IDX,01/07/2025,10:16:57,8224.97,0,0,0,0,0,0
SMLSEL.BSE_IDX,01/07/2025,10:17:05,8226.21,0,0,0,0,0,0
SMLSEL.BSE_IDX,01/07/2025,10:17:13,8226.3,0,0,0,0,0,0
SMLSEL.BSE_IDX,01/07/2025,10:17:21,8226.17,0,0,0,0,0,0
SMLSEL.BSE_IDX,01/07/2025,10:17:29,8226.47,0,0,0,0,0,0
SMLSEL.BSE_IDX,01/07/2025,10:17:37,8228.68,0,0,0,0,0,0
SMLSEL.BSE_IDX,01/07/2025,10:17:45,8228.8,0,0,0,0,0,0
SMLSEL.BSE_IDX,01/07/2025,10:17:53,8230.09,0,0,0,0,0,0
SMLSEL.BSE_IDX,01/07/2025,10:18:01,8230.94,0,0,0,0,0,0
SMLSEL.BSE_IDX,01/07/2025,10:18:09,8231.54,0,0,0,0,0,0
SMLSEL.BSE_IDX,01/07/2025,10:18:17,8232.11,0,0,0,0,0,0
SMLSEL.BSE_IDX,01/07/2025,10:18:25,8231.63,0,0,0,0,0,0
SMLSEL.BSE_IDX,01/07/2025,10:18:33,8231.93,0,0,0,0,0,0
SMLSEL.BSE_IDX,01/07/2025,10:18:41,8230.97,0,0,0,0,0,0
SMLSEL.BSE_IDX,01/07/2025,10:18:49,8230.77,0,0,0,0,0,0
SMLSEL.BSE_IDX,01/07/2025,10:18:57,8230.63,0,0,0,0,0,0
SMLSEL.BSE_IDX,01/07/2025,10:19:05,8230.87,0,0,0,0,0,0
SMLSEL.BSE_IDX,01/07/2025,10:19:13,8231.49,0,0,0,0,0,0
SMLSEL.BSE_IDX,01/07/2025,10:19:21,8233.32,0,0,0,0,0,0
SMLSEL.BSE_IDX,01/07/2025,10:19:29,8233.72,0,0,0,0,0,0
SMLSEL.BSE_IDX,01/07/2025,10:19:37,8233.53,0,0,0,0,0,0
SMLSEL.BSE_IDX,01/07/2025,10:19:45,8232.11,0,0,0,0,0,0
SMLSEL.BSE_IDX,01/07/2025,10:19:53,8231.47,0,0,0,0,0,0
SMLSEL.BSE_IDX,01/07/2025,10:20:01,8231.18,0,0,0,0,0,0
SMLSEL.BSE_IDX,01/07/2025,10:20:09,8231.59,0,0,0,0,0,0
SMLSEL.BSE_IDX,01/07/2025,10:20:17,8232.17,0,0,0,0,0,0
SMLSEL.BSE_IDX,01/07/2025,10:20:25,8232.14,0,0,0,0,0,0
SMLSEL.BSE_IDX,01/07/2025,10:20:33,8231.82,0,0,0,0,0,0
SMLSEL.BSE_IDX,01/07/2025,10:20:41,8230.92,0,0,0,0,0,0
SMLSEL.BSE_IDX,01/07/2025,10:20:49,8230.45,0,0,0,0,0,0
SMLSEL.BSE_IDX,01/07/2025,10:20:57,8230.81,0,0,0,0,0,0
SMLSEL.BSE_IDX,01/07/2025,10:21:05,8230.85,0,0,0,0,0,0
SMLSEL.BSE_IDX,01/07/2025,10:21:13,8230.8,0,0,0,0,0,0
SMLSEL.BSE_IDX,01/07/2025,10:21:21,8229.74,0,0,0,0,0,0
SMLSEL.BSE_IDX,01/07/2025,10:21:29,8229.87,0,0,0,0,0,0
SMLSEL.BSE_IDX,01/07/2025,10:21:37,8229.63,0,0,0,0,0,0
SMLSEL.BSE_IDX,01/07/2025,10:21:45,8229.48,0,0,0,0,0,0
SMLSEL.BSE_IDX,01/07/2025,10:21:53,8229.59,0,0,0,0,0,0
SMLSEL.BSE_IDX,01/07/2025,10:22:01,8229.36,0,0,0,0,0,0
SMLSEL.BSE_IDX,01/07/2025,10:22:09,8229.82,0,0,0,0,0,0
SMLSEL.BSE_IDX,01/07/2025,10:22:17,8229.3,0,0,0,0,0,0
SMLSEL.BSE_IDX,01/07/2025,10:22:25,8230.21,0,0,0,0,0,0
SMLSEL.BSE_IDX,01/07/2025,10:22:33,8230.1,0,0,0,0,0,0
SMLSEL.BSE_IDX,01/07/2025,10:22:41,8230.32,0,0,0,0,0,0
SMLSEL.BSE_IDX,01/07/2025,10:22:49,8230.16,0,0,0,0,0,0
SMLSEL.BSE_IDX,01/07/2025,10:22:57,8230.06,0,0,0,0,0,0
SMLSEL.BSE_IDX,01/07/2025,10:23:05,8230.19,0,0,0,0,0,0
SMLSEL.BSE_IDX,01/07/2025,10:23:13,8230.55,0,0,0,0,0,0
SMLSEL.BSE_IDX,01/07/2025,10:23:21,8230.76,0,0,0,0,0,0
SMLSEL.BSE_IDX,01/07/2025,10:23:29,8231.16,0,0,0,0,0,0
SMLSEL.BSE_IDX,01/07/2025,10:23:37,8231.13,0,0,0,0,0,0
SMLSEL.BSE_IDX,01/07/2025,10:23:45,8231.49,0,0,0,0,0,0
SMLSEL.BSE_IDX,01/07/2025,10:23:53,8231.29,0,0,0,0,0,0
SMLSEL.BSE_IDX,01/07/2025,10:24:01,8230.68,0,0,0,0,0,0
SMLSEL.BSE_IDX,01/07/2025,10:24:09,8231.47,0,0,0,0,0,0
SMLSEL.BSE_IDX,01/07/2025,10:24:17,8231.58,0,0,0,0,0,0
SMLSEL.BSE_IDX,01/07/2025,10:24:25,8230.57,0,0,0,0,0,0
SMLSEL.BSE_IDX,01/07/2025,10:24:33,8229,0,0,0,0,0,0
SMLSEL.BSE_IDX,01/07/2025,10:24:41,8229.63,0,0,0,0,0,0
SMLSEL.BSE_IDX,01/07/2025,10:24:49,8229.6,0,0,0,0,0,0
SMLSEL.BSE_IDX,01/07/2025,10:24:57,8229.31,0,0,0,0,0,0
SMLSEL.BSE_IDX,01/07/2025,10:25:05,8229.4,0,0,0,0,0,0
SMLSEL.BSE_IDX,01/07/2025,10:25:13,8229.38,0,0,0,0,0,0
SMLSEL.BSE_IDX,01/07/2025,10:25:21,8229.11,0,0,0,0,0,0
SMLSEL.BSE_IDX,01/07/2025,10:25:29,8229.24,0,0,0,0,0,0
SMLSEL.BSE_IDX,01/07/2025,10:25:37,8229.25,0,0,0,0,0,0
SMLSEL.BSE_IDX,01/07/2025,10:25:45,8229.52,0,0,0,0,0,0
SMLSEL.BSE_IDX,01/07/2025,10:25:53,8230.06,0,0,0,0,0,0
SMLSEL.BSE_IDX,01/07/2025,10:26:01,8230.37,0,0,0,0,0,0
SMLSEL.BSE_IDX,01/07/2025,10:26:09,8230.48,0,0,0,0,0,0
SMLSEL.BSE_IDX,01/07/2025,10:26:17,8230.73,0,0,0,0,0,0
SMLSEL.BSE_IDX,01/07/2025,10:26:25,8230.28,0,0,0,0,0,0
SMLSEL.BSE_IDX,01/07/2025,10:26:33,8230.99,0,0,0,0,0,0
SMLSEL.BSE_IDX,01/07/2025,10:26:41,8231.13,0,0,0,0,0,0
SMLSEL.BSE_IDX,01/07/2025,10:26:49,8231,0,0,0,0,0,0
SMLSEL.BSE_IDX,01/07/2025,10:26:57,8230.59,0,0,0,0,0,0
SMLSEL.BSE_IDX,01/07/2025,10:27:05,8230.4,0,0,0,0,0,0
SMLSEL.BSE_IDX,01/07/2025,10:27:13,8230.05,0,0,0,0,0,0
SMLSEL.BSE_IDX,01/07/2025,10:27:21,8230.58,0,0,0,0,0,0
SMLSEL.BSE_IDX,01/07/2025,10:27:29,8231.39,0,0,0,0,0,0
SMLSEL.BSE_IDX,01/07/2025,10:27:37,8232.44,0,0,0,0,0,0
SMLSEL.BSE_IDX,01/07/2025,10:27:45,8232.06,0,0,0,0,0,0
SMLSEL.BSE_IDX,01/07/2025,10:27:53,8232.34,0,0,0,0,0,0
SMLSEL.BSE_IDX,01/07/2025,10:28:01,8232.94,0,0,0,0,0,0
SMLSEL.BSE_IDX,01/07/2025,10:28:09,8232.92,0,0,0,0,0,0
SMLSEL.BSE_IDX,01/07/2025,10:28:17,8233.22,0,0,0,0,0,0
SMLSEL.BSE_IDX,01/07/2025,10:28:25,8233.21,0,0,0,0,0,0
SMLSEL.BSE_IDX,01/07/2025,10:28:33,8232.73,0,0,0,0,0,0
SMLSEL.BSE_IDX,01/07/2025,10:28:41,8232.37,0,0,0,0,0,0
SMLSEL.BSE_IDX,01/07/2025,10:28:49,8232.11,0,0,0,0,0,0
SMLSEL.BSE_IDX,01/07/2025,10:28:57,8232.72,0,0,0,0,0,0
SMLSEL.BSE_IDX,01/07/2025,10:29:05,8231.8,0,0,0,0,0,0
SMLSEL.BSE_IDX,01/07/2025,10:29:13,8231.93,0,0,0,0,0,0
SMLSEL.BSE_IDX,01/07/2025,10:29:21,8232.38,0,0,0,0,0,0
SMLSEL.BSE_IDX,01/07/2025,10:29:29,8232.05,0,0,0,0,0,0
SMLSEL.BSE_IDX,01/07/2025,10:29:37,8231.59,0,0,0,0,0,0
SMLSEL.BSE_IDX,01/07/2025,10:29:46,8231.88,0,0,0,0,0,0
SMLSEL.BSE_IDX,01/07/2025,10:29:54,8232.25,0,0,0,0,0,0
SMLSEL.BSE_IDX,01/07/2025,10:30:01,8232.8,0,0,0,0,0,0
SMLSEL.BSE_IDX,01/07/2025,10:30:09,8233.12,0,0,0,0,0,0
SMLSEL.BSE_IDX,01/07/2025,10:30:17,8232.97,0,0,0,0,0,0
SMLSEL.BSE_IDX,01/07/2025,10:30:25,8233.42,0,0,0,0,0,0
SMLSEL.BSE_IDX,01/07/2025,10:30:33,8233.05,0,0,0,0,0,0
SMLSEL.BSE_IDX,01/07/2025,10:30:41,8233.21,0,0,0,0,0,0
SMLSEL.BSE_IDX,01/07/2025,10:30:49,8233.31,0,0,0,0,0,0
SMLSEL.BSE_IDX,01/07/2025,10:30:57,8233.66,0,0,0,0,0,0
SMLSEL.BSE_IDX,01/07/2025,10:31:05,8233.81,0,0,0,0,0,0
SMLSEL.BSE_IDX,01/07/2025,10:31:13,8233.03,0,0,0,0,0,0
SMLSEL.BSE_IDX,01/07/2025,10:31:21,8232.86,0,0,0,0,0,0
SMLSEL.BSE_IDX,01/07/2025,10:31:29,8232.47,0,0,0,0,0,0
SMLSEL.BSE_IDX,01/07/2025,10:31:37,8232.58,0,0,0,0,0,0
SMLSEL.BSE_IDX,01/07/2025,10:31:45,8233.03,0,0,0,0,0,0
SMLSEL.BSE_IDX,01/07/2025,10:31:53,8233.38,0,0,0,0,0,0
SMLSEL.BSE_IDX,01/07/2025,10:32:01,8234.5,0,0,0,0,0,0
SMLSEL.BSE_IDX,01/07/2025,10:32:09,8234.53,0,0,0,0,0,0
SMLSEL.BSE_IDX,01/07/2025,10:32:17,8234.29,0,0,0,0,0,0
SMLSEL.BSE_IDX,01/07/2025,10:32:25,8234.5,0,0,0,0,0,0
SMLSEL.BSE_IDX,01/07/2025,10:32:33,8235.42,0,0,0,0,0,0
SMLSEL.BSE_IDX,01/07/2025,10:32:41,8234.81,0,0,0,0,0,0
SMLSEL.BSE_IDX,01/07/2025,10:32:49,8235.18,0,0,0,0,0,0
SMLSEL.BSE_IDX,01/07/2025,10:32:57,8235.1,0,0,0,0,0,0
SMLSEL.BSE_IDX,01/07/2025,10:33:05,8234.73,0,0,0,0,0,0
SMLSEL.BSE_IDX,01/07/2025,10:33:13,8234.9,0,0,0,0,0,0
SMLSEL.BSE_IDX,01/07/2025,10:33:21,8234.94,0,0,0,0,0,0
SMLSEL.BSE_IDX,01/07/2025,10:33:29,8234.47,0,0,0,0,0,0
SMLSEL.BSE_IDX,01/07/2025,10:33:37,8235.52,0,0,0,0,0,0
SMLSEL.BSE_IDX,01/07/2025,10:33:45,8236.55,0,0,0,0,0,0
SMLSEL.BSE_IDX,01/07/2025,10:33:53,8236.76,0,0,0,0,0,0
SMLSEL.BSE_IDX,01/07/2025,10:34:01,8236.79,0,0,0,0,0,0
SMLSEL.BSE_IDX,01/07/2025,10:34:09,8236.95,0,0,0,0,0,0
SMLSEL.BSE_IDX,01/07/2025,10:34:17,8237.19,0,0,0,0,0,0
SMLSEL.BSE_IDX,01/07/2025,10:34:25,8237.01,0,0,0,0,0,0
SMLSEL.BSE_IDX,01/07/2025,10:34:33,8237.4,0,0,0,0,0,0
SMLSEL.BSE_IDX,01/07/2025,10:34:41,8238.3,0,0,0,0,0,0
SMLSEL.BSE_IDX,01/07/2025,10:34:49,8238.1,0,0,0,0,0,0
SMLSEL.BSE_IDX,01/07/2025,10:34:58,8238.55,0,0,0,0,0,0
SMLSEL.BSE_IDX,01/07/2025,10:35:06,8238.46,0,0,0,0,0,0
SMLSEL.BSE_IDX,01/07/2025,10:35:14,8238.37,0,0,0,0,0,0
SMLSEL.BSE_IDX,01/07/2025,10:35:21,8238.04,0,0,0,0,0,0
SMLSEL.BSE_IDX,01/07/2025,10:35:29,8237.94,0,0,0,0,0,0
SMLSEL.BSE_IDX,01/07/2025,10:35:37,8238.69,0,0,0,0,0,0
SMLSEL.BSE_IDX,01/07/2025,10:35:45,8238.36,0,0,0,0,0,0
SMLSEL.BSE_IDX,01/07/2025,10:35:54,8238.16,0,0,0,0,0,0
SMLSEL.BSE_IDX,01/07/2025,10:36:02,8236.77,0,0,0,0,0,0
SMLSEL.BSE_IDX,01/07/2025,10:36:10,8236.34,0,0,0,0,0,0
SMLSEL.BSE_IDX,01/07/2025,10:36:17,8236.22,0,0,0,0,0,0
SMLSEL.BSE_IDX,01/07/2025,10:36:25,8236.42,0,0,0,0,0,0
SMLSEL.BSE_IDX,01/07/2025,10:36:34,8235.81,0,0,0,0,0,0
SMLSEL.BSE_IDX,01/07/2025,10:36:42,8235.92,0,0,0,0,0,0
SMLSEL.BSE_IDX,01/07/2025,10:36:49,8236.29,0,0,0,0,0,0
SMLSEL.BSE_IDX,01/07/2025,10:36:58,8235.83,0,0,0,0,0,0
SMLSEL.BSE_IDX,01/07/2025,10:37:05,8234.82,0,0,0,0,0,0
SMLSEL.BSE_IDX,01/07/2025,10:37:14,8235.32,0,0,0,0,0,0
SMLSEL.BSE_IDX,01/07/2025,10:37:21,8234.95,0,0,0,0,0,0
SMLSEL.BSE_IDX,01/07/2025,10:37:30,8234.56,0,0,0,0,0,0
SMLSEL.BSE_IDX,01/07/2025,10:37:38,8235.14,0,0,0,0,0,0
SMLSEL.BSE_IDX,01/07/2025,10:37:46,8234.77,0,0,0,0,0,0
SMLSEL.BSE_IDX,01/07/2025,10:37:54,8234.32,0,0,0,0,0,0
SMLSEL.BSE_IDX,01/07/2025,10:38:02,8233.98,0,0,0,0,0,0
SMLSEL.BSE_IDX,01/07/2025,10:38:10,8234.3,0,0,0,0,0,0
SMLSEL.BSE_IDX,01/07/2025,10:38:18,8234.94,0,0,0,0,0,0
SMLSEL.BSE_IDX,01/07/2025,10:38:26,8235.06,0,0,0,0,0,0
SMLSEL.BSE_IDX,01/07/2025,10:38:34,8234.94,0,0,0,0,0,0
SMLSEL.BSE_IDX,01/07/2025,10:38:42,8235.11,0,0,0,0,0,0
SMLSEL.BSE_IDX,01/07/2025,10:38:50,8235.41,0,0,0,0,0,0
SMLSEL.BSE_IDX,01/07/2025,10:38:58,8236.32,0,0,0,0,0,0
SMLSEL.BSE_IDX,01/07/2025,10:39:06,8237.07,0,0,0,0,0,0
SMLSEL.BSE_IDX,01/07/2025,10:39:14,8237.43,0,0,0,0,0,0
SMLSEL.BSE_IDX,01/07/2025,10:39:22,8237.39,0,0,0,0,0,0
SMLSEL.BSE_IDX,01/07/2025,10:39:30,8237.16,0,0,0,0,0,0
SMLSEL.BSE_IDX,01/07/2025,10:39:38,8236.89,0,0,0,0,0,0
SMLSEL.BSE_IDX,01/07/2025,10:39:46,8237.7,0,0,0,0,0,0
SMLSEL.BSE_IDX,01/07/2025,10:39:54,8236.95,0,0,0,0,0,0
SMLSEL.BSE_IDX,01/07/2025,10:40:02,8236.7,0,0,0,0,0,0
SMLSEL.BSE_IDX,01/07/2025,10:40:10,8236.98,0,0,0,0,0,0
SMLSEL.BSE_IDX,01/07/2025,10:40:18,8236.59,0,0,0,0,0,0
SMLSEL.BSE_IDX,01/07/2025,10:40:26,8235.55,0,0,0,0,0,0
SMLSEL.BSE_IDX,01/07/2025,10:40:34,8234.93,0,0,0,0,0,0
SMLSEL.BSE_IDX,01/07/2025,10:40:42,8234.7,0,0,0,0,0,0
SMLSEL.BSE_IDX,01/07/2025,10:40:50,8234.68,0,0,0,0,0,0
SMLSEL.BSE_IDX,01/07/2025,10:40:58,8234.82,0,0,0,0,0,0
SMLSEL.BSE_IDX,01/07/2025,10:41:06,8234.33,0,0,0,0,0,0
SMLSEL.BSE_IDX,01/07/2025,10:41:14,8233.3,0,0,0,0,0,0
SMLSEL.BSE_IDX,01/07/2025,10:41:22,8233.81,0,0,0,0,0,0
SMLSEL.BSE_IDX,01/07/2025,10:41:30,8233.75,0,0,0,0,0,0
SMLSEL.BSE_IDX,01/07/2025,10:41:38,8234.18,0,0,0,0,0,0
SMLSEL.BSE_IDX,01/07/2025,10:41:46,8234.41,0,0,0,0,0,0
SMLSEL.BSE_IDX,01/07/2025,10:41:54,8234.19,0,0,0,0,0,0
SMLSEL.BSE_IDX,01/07/2025,10:42:02,8234.38,0,0,0,0,0,0
SMLSEL.BSE_IDX,01/07/2025,10:42:10,8234.8,0,0,0,0,0,0
SMLSEL.BSE_IDX,01/07/2025,10:42:18,8234.89,0,0,0,0,0,0
SMLSEL.BSE_IDX,01/07/2025,10:42:26,8234.7,0,0,0,0,0,0
SMLSEL.BSE_IDX,01/07/2025,10:42:34,8234.16,0,0,0,0,0,0
SMLSEL.BSE_IDX,01/07/2025,10:42:42,8233.84,0,0,0,0,0,0
SMLSEL.BSE_IDX,01/07/2025,10:42:50,8233.7,0,0,0,0,0,0
SMLSEL.BSE_IDX,01/07/2025,10:42:58,8234.01,0,0,0,0,0,0
SMLSEL.BSE_IDX,01/07/2025,10:43:06,8234.02,0,0,0,0,0,0
SMLSEL.BSE_IDX,01/07/2025,10:43:14,8234.02,0,0,0,0,0,0
SMLSEL.BSE_IDX,01/07/2025,10:43:22,8234.14,0,0,0,0,0,0
SMLSEL.BSE_IDX,01/07/2025,10:43:30,8234.42,0,0,0,0,0,0
SMLSEL.BSE_IDX,01/07/2025,10:43:38,8233.88,0,0,0,0,0,0
SMLSEL.BSE_IDX,01/07/2025,10:43:46,8233.62,0,0,0,0,0,0
SMLSEL.BSE_IDX,01/07/2025,10:43:54,8233.02,0,0,0,0,0,0
SMLSEL.BSE_IDX,01/07/2025,10:44:02,8232.86,0,0,0,0,0,0
SMLSEL.BSE_IDX,01/07/2025,10:44:10,8232.9,0,0,0,0,0,0
SMLSEL.BSE_IDX,01/07/2025,10:44:18,8233.15,0,0,0,0,0,0
SMLSEL.BSE_IDX,01/07/2025,10:44:26,8233.73,0,0,0,0,0,0
SMLSEL.BSE_IDX,01/07/2025,10:44:34,8233.65,0,0,0,0,0,0
SMLSEL.BSE_IDX,01/07/2025,10:44:42,8233.76,0,0,0,0,0,0
SMLSEL.BSE_IDX,01/07/2025,10:44:50,8233.94,0,0,0,0,0,0
SMLSEL.BSE_IDX,01/07/2025,10:44:58,8234.43,0,0,0,0,0,0
SMLSEL.BSE_IDX,01/07/2025,10:45:07,8233.32,0,0,0,0,0,0
SMLSEL.BSE_IDX,01/07/2025,10:45:14,8232.39,0,0,0,0,0,0
SMLSEL.BSE_IDX,01/07/2025,10:45:22,8231.94,0,0,0,0,0,0
SMLSEL.BSE_IDX,01/07/2025,10:45:30,8232.22,0,0,0,0,0,0
SMLSEL.BSE_IDX,01/07/2025,10:45:38,8232.15,0,0,0,0,0,0
SMLSEL.BSE_IDX,01/07/2025,10:45:46,8232.64,0,0,0,0,0,0
SMLSEL.BSE_IDX,01/07/2025,10:45:54,8232.18,0,0,0,0,0,0
SMLSEL.BSE_IDX,01/07/2025,10:46:02,8230.97,0,0,0,0,0,0
SMLSEL.BSE_IDX,01/07/2025,10:46:10,8230.81,0,0,0,0,0,0
SMLSEL.BSE_IDX,01/07/2025,10:46:18,8230.6,0,0,0,0,0,0
SMLSEL.BSE_IDX,01/07/2025,10:46:26,8229.86,0,0,0,0,0,0
SMLSEL.BSE_IDX,01/07/2025,10:46:34,8229.86,0,0,0,0,0,0
SMLSEL.BSE_IDX,01/07/2025,10:46:42,8230.56,0,0,0,0,0,0
SMLSEL.BSE_IDX,01/07/2025,10:46:50,8230.77,0,0,0,0,0,0
SMLSEL.BSE_IDX,01/07/2025,10:46:58,8230.77,0,0,0,0,0,0
SMLSEL.BSE_IDX,01/07/2025,10:47:06,8230.8,0,0,0,0,0,0
SMLSEL.BSE_IDX,01/07/2025,10:47:14,8231.15,0,0,0,0,0,0
SMLSEL.BSE_IDX,01/07/2025,10:47:22,8231.39,0,0,0,0,0,0
SMLSEL.BSE_IDX,01/07/2025,10:47:30,8231.24,0,0,0,0,0,0
SMLSEL.BSE_IDX,01/07/2025,10:47:38,8231.31,0,0,0,0,0,0
SMLSEL.BSE_IDX,01/07/2025,10:47:46,8231.73,0,0,0,0,0,0
SMLSEL.BSE_IDX,01/07/2025,10:47:54,8231.51,0,0,0,0,0,0
SMLSEL.BSE_IDX,01/07/2025,10:48:02,8232.12,0,0,0,0,0,0
SMLSEL.BSE_IDX,01/07/2025,10:48:10,8232.5,0,0,0,0,0,0
SMLSEL.BSE_IDX,01/07/2025,10:48:18,8232.92,0,0,0,0,0,0
SMLSEL.BSE_IDX,01/07/2025,10:48:26,8233.11,0,0,0,0,0,0
SMLSEL.BSE_IDX,01/07/2025,10:48:34,8232.89,0,0,0,0,0,0
SMLSEL.BSE_IDX,01/07/2025,10:48:42,8232.71,0,0,0,0,0,0
SMLSEL.BSE_IDX,01/07/2025,10:48:50,8232.85,0,0,0,0,0,0
SMLSEL.BSE_IDX,01/07/2025,10:48:58,8232.87,0,0,0,0,0,0
SMLSEL.BSE_IDX,01/07/2025,10:49:06,8232.55,0,0,0,0,0,0
SMLSEL.BSE_IDX,01/07/2025,10:49:14,8231.67,0,0,0,0,0,0
SMLSEL.BSE_IDX,01/07/2025,10:49:22,8231.43,0,0,0,0,0,0
SMLSEL.BSE_IDX,01/07/2025,10:49:30,8231.47,0,0,0,0,0,0
SMLSEL.BSE_IDX,01/07/2025,10:49:38,8231.09,0,0,0,0,0,0
SMLSEL.BSE_IDX,01/07/2025,10:49:46,8230.18,0,0,0,0,0,0
SMLSEL.BSE_IDX,01/07/2025,10:49:54,8230.55,0,0,0,0,0,0
SMLSEL.BSE_IDX,01/07/2025,10:50:02,8230.7,0,0,0,0,0,0
SMLSEL.BSE_IDX,01/07/2025,10:50:10,8229.73,0,0,0,0,0,0
SMLSEL.BSE_IDX,01/07/2025,10:50:18,8229.67,0,0,0,0,0,0
SMLSEL.BSE_IDX,01/07/2025,10:50:26,8230.21,0,0,0,0,0,0
SMLSEL.BSE_IDX,01/07/2025,10:50:34,8229.87,0,0,0,0,0,0
SMLSEL.BSE_IDX,01/07/2025,10:50:42,8229.93,0,0,0,0,0,0
SMLSEL.BSE_IDX,01/07/2025,10:50:50,8230.15,0,0,0,0,0,0
SMLSEL.BSE_IDX,01/07/2025,10:50:58,8229.75,0,0,0,0,0,0
SMLSEL.BSE_IDX,01/07/2025,10:51:06,8230.34,0,0,0,0,0,0
SMLSEL.BSE_IDX,01/07/2025,10:51:14,8230.95,0,0,0,0,0,0
SMLSEL.BSE_IDX,01/07/2025,10:51:22,8231.24,0,0,0,0,0,0
SMLSEL.BSE_IDX,01/07/2025,10:51:30,8231.11,0,0,0,0,0,0
SMLSEL.BSE_IDX,01/07/2025,10:51:38,8230.95,0,0,0,0,0,0
SMLSEL.BSE_IDX,01/07/2025,10:51:46,8230.87,0,0,0,0,0,0
SMLSEL.BSE_IDX,01/07/2025,10:51:54,8230.58,0,0,0,0,0,0
SMLSEL.BSE_IDX,01/07/2025,10:52:02,8229.68,0,0,0,0,0,0
SMLSEL.BSE_IDX,01/07/2025,10:52:10,8229.91,0,0,0,0,0,0
SMLSEL.BSE_IDX,01/07/2025,10:52:18,8229.67,0,0,0,0,0,0
SMLSEL.BSE_IDX,01/07/2025,10:52:26,8228.45,0,0,0,0,0,0
SMLSEL.BSE_IDX,01/07/2025,10:52:34,8227.46,0,0,0,0,0,0
SMLSEL.BSE_IDX,01/07/2025,10:52:43,8226.35,0,0,0,0,0,0
SMLSEL.BSE_IDX,01/07/2025,10:52:50,8225.77,0,0,0,0,0,0
SMLSEL.BSE_IDX,01/07/2025,10:52:58,8224.83,0,0,0,0,0,0
SMLSEL.BSE_IDX,01/07/2025,10:53:06,8224.28,0,0,0,0,0,0
SMLSEL.BSE_IDX,01/07/2025,10:53:14,8223.3,0,0,0,0,0,0
SMLSEL.BSE_IDX,01/07/2025,10:53:22,8223.8,0,0,0,0,0,0
SMLSEL.BSE_IDX,01/07/2025,10:53:30,8223.32,0,0,0,0,0,0
SMLSEL.BSE_IDX,01/07/2025,10:53:38,8223.34,0,0,0,0,0,0
SMLSEL.BSE_IDX,01/07/2025,10:53:46,8223.71,0,0,0,0,0,0
SMLSEL.BSE_IDX,01/07/2025,10:53:54,8224.26,0,0,0,0,0,0
SMLSEL.BSE_IDX,01/07/2025,10:54:02,8224.22,0,0,0,0,0,0
SMLSEL.BSE_IDX,01/07/2025,10:54:10,8224.29,0,0,0,0,0,0
SMLSEL.BSE_IDX,01/07/2025,10:54:18,8223.91,0,0,0,0,0,0
SMLSEL.BSE_IDX,01/07/2025,10:54:26,8223.77,0,0,0,0,0,0
SMLSEL.BSE_IDX,01/07/2025,10:54:34,8222.56,0,0,0,0,0,0
SMLSEL.BSE_IDX,01/07/2025,10:54:42,8222.91,0,0,0,0,0,0
SMLSEL.BSE_IDX,01/07/2025,10:54:51,8222.28,0,0,0,0,0,0
SMLSEL.BSE_IDX,01/07/2025,10:54:58,8222.57,0,0,0,0,0,0
SMLSEL.BSE_IDX,01/07/2025,10:55:06,8222.68,0,0,0,0,0,0
SMLSEL.BSE_IDX,01/07/2025,10:55:14,8222.77,0,0,0,0,0,0
SMLSEL.BSE_IDX,01/07/2025,10:55:22,8223.03,0,0,0,0,0,0
SMLSEL.BSE_IDX,01/07/2025,10:55:30,8222.86,0,0,0,0,0,0
SMLSEL.BSE_IDX,01/07/2025,10:55:38,8222.44,0,0,0,0,0,0
SMLSEL.BSE_IDX,01/07/2025,10:55:46,8221.64,0,0,0,0,0,0
SMLSEL.BSE_IDX,01/07/2025,10:55:54,8220.95,0,0,0,0,0,0
SMLSEL.BSE_IDX,01/07/2025,10:56:02,8221.01,0,0,0,0,0,0
SMLSEL.BSE_IDX,01/07/2025,10:56:10,8219.79,0,0,0,0,0,0
SMLSEL.BSE_IDX,01/07/2025,10:56:18,8220.25,0,0,0,0,0,0
SMLSEL.BSE_IDX,01/07/2025,10:56:26,8220.14,0,0,0,0,0,0
SMLSEL.BSE_IDX,01/07/2025,10:56:34,8219.98,0,0,0,0,0,0
SMLSEL.BSE_IDX,01/07/2025,10:56:42,8220.18,0,0,0,0,0,0
SMLSEL.BSE_IDX,01/07/2025,10:56:50,8219.11,0,0,0,0,0,0
SMLSEL.BSE_IDX,01/07/2025,10:56:58,8218.45,0,0,0,0,0,0
SMLSEL.BSE_IDX,01/07/2025,10:57:06,8218.86,0,0,0,0,0,0
SMLSEL.BSE_IDX,01/07/2025,10:57:14,8218.09,0,0,0,0,0,0
SMLSEL.BSE_IDX,01/07/2025,10:57:22,8217.13,0,0,0,0,0,0
SMLSEL.BSE_IDX,01/07/2025,10:57:30,8217.2,0,0,0,0,0,0
SMLSEL.BSE_IDX,01/07/2025,10:57:39,8217.42,0,0,0,0,0,0
SMLSEL.BSE_IDX,01/07/2025,10:57:46,8217.38,0,0,0,0,0,0
SMLSEL.BSE_IDX,01/07/2025,10:57:54,8217.63,0,0,0,0,0,0
SMLSEL.BSE_IDX,01/07/2025,10:58:02,8217.4,0,0,0,0,0,0
SMLSEL.BSE_IDX,01/07/2025,10:58:10,8217.6,0,0,0,0,0,0
SMLSEL.BSE_IDX,01/07/2025,10:58:18,8217.65,0,0,0,0,0,0
SMLSEL.BSE_IDX,01/07/2025,10:58:26,8217.98,0,0,0,0,0,0
SMLSEL.BSE_IDX,01/07/2025,10:58:34,8218.19,0,0,0,0,0,0
SMLSEL.BSE_IDX,01/07/2025,10:58:42,8218.68,0,0,0,0,0,0
SMLSEL.BSE_IDX,01/07/2025,10:58:50,8219.34,0,0,0,0,0,0
SMLSEL.BSE_IDX,01/07/2025,10:58:58,8218.75,0,0,0,0,0,0
SMLSEL.BSE_IDX,01/07/2025,10:59:06,8218.86,0,0,0,0,0,0
SMLSEL.BSE_IDX,01/07/2025,10:59:14,8218.85,0,0,0,0,0,0
SMLSEL.BSE_IDX,01/07/2025,10:59:22,8218.69,0,0,0,0,0,0
SMLSEL.BSE_IDX,01/07/2025,10:59:30,8218.92,0,0,0,0,0,0
SMLSEL.BSE_IDX,01/07/2025,10:59:38,8219.31,0,0,0,0,0,0
SMLSEL.BSE_IDX,01/07/2025,10:59:47,8218.29,0,0,0,0,0,0
SMLSEL.BSE_IDX,01/07/2025,10:59:55,8217.89,0,0,0,0,0,0
SMLSEL.BSE_IDX,01/07/2025,11:00:03,8216.92,0,0,0,0,0,0
SMLSEL.BSE_IDX,01/07/2025,11:00:11,8217.46,0,0,0,0,0,0
SMLSEL.BSE_IDX,01/07/2025,11:00:18,8217.74,0,0,0,0,0,0
SMLSEL.BSE_IDX,01/07/2025,11:00:26,8217.77,0,0,0,0,0,0
SMLSEL.BSE_IDX,01/07/2025,11:00:34,8217.35,0,0,0,0,0,0
SMLSEL.BSE_IDX,01/07/2025,11:00:42,8216.52,0,0,0,0,0,0
SMLSEL.BSE_IDX,01/07/2025,11:00:50,8216.67,0,0,0,0,0,0
SMLSEL.BSE_IDX,01/07/2025,11:00:58,8217.12,0,0,0,0,0,0
SMLSEL.BSE_IDX,01/07/2025,11:01:06,8217.11,0,0,0,0,0,0
SMLSEL.BSE_IDX,01/07/2025,11:01:15,8216.48,0,0,0,0,0,0
SMLSEL.BSE_IDX,01/07/2025,11:01:22,8216.28,0,0,0,0,0,0
SMLSEL.BSE_IDX,01/07/2025,11:01:30,8216.32,0,0,0,0,0,0
SMLSEL.BSE_IDX,01/07/2025,11:01:38,8217.48,0,0,0,0,0,0
SMLSEL.BSE_IDX,01/07/2025,11:01:46,8217.95,0,0,0,0,0,0
SMLSEL.BSE_IDX,01/07/2025,11:01:54,8218.39,0,0,0,0,0,0
SMLSEL.BSE_IDX,01/07/2025,11:02:02,8218.13,0,0,0,0,0,0
SMLSEL.BSE_IDX,01/07/2025,11:02:10,8218.34,0,0,0,0,0,0
SMLSEL.BSE_IDX,01/07/2025,11:02:18,8218.14,0,0,0,0,0,0
SMLSEL.BSE_IDX,01/07/2025,11:02:27,8217.21,0,0,0,0,0,0
SMLSEL.BSE_IDX,01/07/2025,11:02:34,8217.64,0,0,0,0,0,0
SMLSEL.BSE_IDX,01/07/2025,11:02:42,8217.76,0,0,0,0,0,0
SMLSEL.BSE_IDX,01/07/2025,11:02:51,8216.92,0,0,0,0,0,0
SMLSEL.BSE_IDX,01/07/2025,11:02:58,8216.61,0,0,0,0,0,0
SMLSEL.BSE_IDX,01/07/2025,11:03:06,8215.54,0,0,0,0,0,0
SMLSEL.BSE_IDX,01/07/2025,11:03:14,8214.76,0,0,0,0,0,0
SMLSEL.BSE_IDX,01/07/2025,11:03:22,8214.07,0,0,0,0,0,0
SMLSEL.BSE_IDX,01/07/2025,11:03:31,8214.47,0,0,0,0,0,0
SMLSEL.BSE_IDX,01/07/2025,11:03:38,8214.62,0,0,0,0,0,0
SMLSEL.BSE_IDX,01/07/2025,11:03:46,8214.55,0,0,0,0,0,0
SMLSEL.BSE_IDX,01/07/2025,11:03:54,8214.47,0,0,0,0,0,0
SMLSEL.BSE_IDX,01/07/2025,11:04:02,8214.5,0,0,0,0,0,0
SMLSEL.BSE_IDX,01/07/2025,11:04:10,8213.81,0,0,0,0,0,0
SMLSEL.BSE_IDX,01/07/2025,11:04:18,8212.46,0,0,0,0,0,0
SMLSEL.BSE_IDX,01/07/2025,11:04:27,8211.54,0,0,0,0,0,0
SMLSEL.BSE_IDX,01/07/2025,11:04:34,8211.37,0,0,0,0,0,0
SMLSEL.BSE_IDX,01/07/2025,11:04:42,8211.15,0,0,0,0,0,0
SMLSEL.BSE_IDX,01/07/2025,11:04:51,8210.86,0,0,0,0,0,0
SMLSEL.BSE_IDX,01/07/2025,11:04:58,8211.5,0,0,0,0,0,0
SMLSEL.BSE_IDX,01/07/2025,11:05:06,8212.11,0,0,0,0,0,0
SMLSEL.BSE_IDX,01/07/2025,11:05:14,8212.48,0,0,0,0,0,0
SMLSEL.BSE_IDX,01/07/2025,11:05:22,8212.9,0,0,0,0,0,0
SMLSEL.BSE_IDX,01/07/2025,11:05:30,8213.35,0,0,0,0,0,0
SMLSEL.BSE_IDX,01/07/2025,11:05:38,8213.54,0,0,0,0,0,0
SMLSEL.BSE_IDX,01/07/2025,11:05:46,8214.06,0,0,0,0,0,0
SMLSEL.BSE_IDX,01/07/2025,11:05:54,8214.26,0,0,0,0,0,0
SMLSEL.BSE_IDX,01/07/2025,11:06:02,8214.54,0,0,0,0,0,0
SMLSEL.BSE_IDX,01/07/2025,11:06:11,8214.4,0,0,0,0,0,0
SMLSEL.BSE_IDX,01/07/2025,11:06:19,8214.92,0,0,0,0,0,0
SMLSEL.BSE_IDX,01/07/2025,11:06:26,8215.07,0,0,0,0,0,0
SMLSEL.BSE_IDX,01/07/2025,11:06:34,8215.22,0,0,0,0,0,0
SMLSEL.BSE_IDX,01/07/2025,11:06:42,8215.31,0,0,0,0,0,0
SMLSEL.BSE_IDX,01/07/2025,11:06:50,8215.45,0,0,0,0,0,0
SMLSEL.BSE_IDX,01/07/2025,11:06:58,8216.07,0,0,0,0,0,0
SMLSEL.BSE_IDX,01/07/2025,11:07:06,8217.76,0,0,0,0,0,0
SMLSEL.BSE_IDX,01/07/2025,11:07:15,8218.77,0,0,0,0,0,0
SMLSEL.BSE_IDX,01/07/2025,11:07:22,8219.55,0,0,0,0,0,0
SMLSEL.BSE_IDX,01/07/2025,11:07:30,8219.63,0,0,0,0,0,0
SMLSEL.BSE_IDX,01/07/2025,11:07:38,8220.1,0,0,0,0,0,0
SMLSEL.BSE_IDX,01/07/2025,11:07:46,8220.37,0,0,0,0,0,0
SMLSEL.BSE_IDX,01/07/2025,11:07:54,8220.69,0,0,0,0,0,0
SMLSEL.BSE_IDX,01/07/2025,11:08:02,8220.71,0,0,0,0,0,0
SMLSEL.BSE_IDX,01/07/2025,11:08:11,8220.39,0,0,0,0,0,0
SMLSEL.BSE_IDX,01/07/2025,11:08:18,8220.32,0,0,0,0,0,0
SMLSEL.BSE_IDX,01/07/2025,11:08:27,8221.14,0,0,0,0,0,0
SMLSEL.BSE_IDX,01/07/2025,11:08:35,8221.22,0,0,0,0,0,0
SMLSEL.BSE_IDX,01/07/2025,11:08:43,8221.92,0,0,0,0,0,0
SMLSEL.BSE_IDX,01/07/2025,11:08:51,8221.45,0,0,0,0,0,0
SMLSEL.BSE_IDX,01/07/2025,11:08:58,8221.6,0,0,0,0,0,0
SMLSEL.BSE_IDX,01/07/2025,11:09:07,8221.88,0,0,0,0,0,0
SMLSEL.BSE_IDX,01/07/2025,11:09:15,8221.69,0,0,0,0,0,0
SMLSEL.BSE_IDX,01/07/2025,11:09:23,8221.83,0,0,0,0,0,0
SMLSEL.BSE_IDX,01/07/2025,11:09:31,8222.72,0,0,0,0,0,0
SMLSEL.BSE_IDX,01/07/2025,11:09:39,8222.44,0,0,0,0,0,0
SMLSEL.BSE_IDX,01/07/2025,11:09:46,8222.2,0,0,0,0,0,0
SMLSEL.BSE_IDX,01/07/2025,11:09:55,8222.06,0,0,0,0,0,0
SMLSEL.BSE_IDX,01/07/2025,11:10:03,8222.41,0,0,0,0,0,0
SMLSEL.BSE_IDX,01/07/2025,11:10:11,8221.77,0,0,0,0,0,0
SMLSEL.BSE_IDX,01/07/2025,11:10:19,8222.47,0,0,0,0,0,0
SMLSEL.BSE_IDX,01/07/2025,11:10:27,8222.61,0,0,0,0,0,0
SMLSEL.BSE_IDX,01/07/2025,11:10:35,8223.19,0,0,0,0,0,0
SMLSEL.BSE_IDX,01/07/2025,11:10:43,8222.91,0,0,0,0,0,0
SMLSEL.BSE_IDX,01/07/2025,11:10:51,8223.25,0,0,0,0,0,0
SMLSEL.BSE_IDX,01/07/2025,11:10:59,8223.15,0,0,0,0,0,0
SMLSEL.BSE_IDX,01/07/2025,11:11:07,8223.2,0,0,0,0,0,0
SMLSEL.BSE_IDX,01/07/2025,11:11:15,8223.6,0,0,0,0,0,0
SMLSEL.BSE_IDX,01/07/2025,11:11:23,8223.8,0,0,0,0,0,0
SMLSEL.BSE_IDX,01/07/2025,11:11:31,8223.11,0,0,0,0,0,0
SMLSEL.BSE_IDX,01/07/2025,11:11:39,8223.25,0,0,0,0,0,0
SMLSEL.BSE_IDX,01/07/2025,11:11:47,8223.09,0,0,0,0,0,0
SMLSEL.BSE_IDX,01/07/2025,11:11:55,8223.58,0,0,0,0,0,0
SMLSEL.BSE_IDX,01/07/2025,11:12:03,8224.57,0,0,0,0,0,0
SMLSEL.BSE_IDX,01/07/2025,11:12:11,8224.77,0,0,0,0,0,0
SMLSEL.BSE_IDX,01/07/2025,11:12:19,8225.09,0,0,0,0,0,0
SMLSEL.BSE_IDX,01/07/2025,11:12:27,8224.36,0,0,0,0,0,0
SMLSEL.BSE_IDX,01/07/2025,11:12:35,8224.91,0,0,0,0,0,0
SMLSEL.BSE_IDX,01/07/2025,11:12:43,8224.72,0,0,0,0,0,0
SMLSEL.BSE_IDX,01/07/2025,11:12:51,8224.95,0,0,0,0,0,0
SMLSEL.BSE_IDX,01/07/2025,11:12:59,8224.73,0,0,0,0,0,0
SMLSEL.BSE_IDX,01/07/2025,11:13:07,8225.38,0,0,0,0,0,0
SMLSEL.BSE_IDX,01/07/2025,11:13:16,8225.28,0,0,0,0,0,0
SMLSEL.BSE_IDX,01/07/2025,11:13:23,8224.2,0,0,0,0,0,0
SMLSEL.BSE_IDX,01/07/2025,11:13:31,8225.8,0,0,0,0,0,0
SMLSEL.BSE_IDX,01/07/2025,11:13:39,8225.82,0,0,0,0,0,0
SMLSEL.BSE_IDX,01/07/2025,11:13:47,8226.01,0,0,0,0,0,0
SMLSEL.BSE_IDX,01/07/2025,11:13:55,8225.84,0,0,0,0,0,0
SMLSEL.BSE_IDX,01/07/2025,11:14:03,8226.78,0,0,0,0,0,0
SMLSEL.BSE_IDX,01/07/2025,11:14:11,8226.94,0,0,0,0,0,0
SMLSEL.BSE_IDX,01/07/2025,11:14:19,8227.24,0,0,0,0,0,0
SMLSEL.BSE_IDX,01/07/2025,11:14:27,8226.23,0,0,0,0,0,0
SMLSEL.BSE_IDX,01/07/2025,11:14:35,8226.84,0,0,0,0,0,0
SMLSEL.BSE_IDX,01/07/2025,11:14:43,8226.78,0,0,0,0,0,0
SMLSEL.BSE_IDX,01/07/2025,11:14:51,8226.62,0,0,0,0,0,0
SMLSEL.BSE_IDX,01/07/2025,11:14:59,8226.69,0,0,0,0,0,0
SMLSEL.BSE_IDX,01/07/2025,11:15:07,8226.52,0,0,0,0,0,0
SMLSEL.BSE_IDX,01/07/2025,11:15:15,8227.38,0,0,0,0,0,0
SMLSEL.BSE_IDX,01/07/2025,11:15:23,8227.27,0,0,0,0,0,0
SMLSEL.BSE_IDX,01/07/2025,11:15:31,8227.19,0,0,0,0,0,0
SMLSEL.BSE_IDX,01/07/2025,11:15:39,8227.67,0,0,0,0,0,0
SMLSEL.BSE_IDX,01/07/2025,11:15:47,8227.34,0,0,0,0,0,0
SMLSEL.BSE_IDX,01/07/2025,11:15:56,8227.65,0,0,0,0,0,0
SMLSEL.BSE_IDX,01/07/2025,11:16:03,8227.12,0,0,0,0,0,0
SMLSEL.BSE_IDX,01/07/2025,11:16:11,8225.72,0,0,0,0,0,0
SMLSEL.BSE_IDX,01/07/2025,11:16:19,8225.17,0,0,0,0,0,0
SMLSEL.BSE_IDX,01/07/2025,11:16:27,8224.7,0,0,0,0,0,0
SMLSEL.BSE_IDX,01/07/2025,11:16:35,8224.18,0,0,0,0,0,0
SMLSEL.BSE_IDX,01/07/2025,11:16:43,8223.9,0,0,0,0,0,0
SMLSEL.BSE_IDX,01/07/2025,11:16:51,8224.22,0,0,0,0,0,0
SMLSEL.BSE_IDX,01/07/2025,11:16:59,8224.04,0,0,0,0,0,0
SMLSEL.BSE_IDX,01/07/2025,11:17:07,8224.11,0,0,0,0,0,0
SMLSEL.BSE_IDX,01/07/2025,11:17:15,8224.66,0,0,0,0,0,0
SMLSEL.BSE_IDX,01/07/2025,11:17:23,8225.29,0,0,0,0,0,0
SMLSEL.BSE_IDX,01/07/2025,11:17:31,8225.94,0,0,0,0,0,0
SMLSEL.BSE_IDX,01/07/2025,11:17:39,8225.41,0,0,0,0,0,0
SMLSEL.BSE_IDX,01/07/2025,11:17:47,8225.54,0,0,0,0,0,0
SMLSEL.BSE_IDX,01/07/2025,11:17:57,8226.49,0,0,0,0,0,0
SMLSEL.BSE_IDX,01/07/2025,11:18:03,8228.21,0,0,0,0,0,0
SMLSEL.BSE_IDX,01/07/2025,11:18:11,8228.14,0,0,0,0,0,0
SMLSEL.BSE_IDX,01/07/2025,11:18:19,8228.4,0,0,0,0,0,0
SMLSEL.BSE_IDX,01/07/2025,11:18:27,8228.58,0,0,0,0,0,0
SMLSEL.BSE_IDX,01/07/2025,11:18:35,8228.42,0,0,0,0,0,0
SMLSEL.BSE_IDX,01/07/2025,11:18:44,8228.31,0,0,0,0,0,0
SMLSEL.BSE_IDX,01/07/2025,11:18:51,8228.73,0,0,0,0,0,0
SMLSEL.BSE_IDX,01/07/2025,11:18:59,8228.22,0,0,0,0,0,0
SMLSEL.BSE_IDX,01/07/2025,11:19:08,8228.29,0,0,0,0,0,0
SMLSEL.BSE_IDX,01/07/2025,11:19:15,8226.42,0,0,0,0,0,0
SMLSEL.BSE_IDX,01/07/2025,11:19:23,8226.39,0,0,0,0,0,0
SMLSEL.BSE_IDX,01/07/2025,11:19:31,8226.06,0,0,0,0,0,0
SMLSEL.BSE_IDX,01/07/2025,11:19:39,8225.68,0,0,0,0,0,0
SMLSEL.BSE_IDX,01/07/2025,11:19:47,8225.63,0,0,0,0,0,0
SMLSEL.BSE_IDX,01/07/2025,11:19:55,8225.69,0,0,0,0,0,0
SMLSEL.BSE_IDX,01/07/2025,11:20:03,8225.96,0,0,0,0,0,0
SMLSEL.BSE_IDX,01/07/2025,11:20:11,8226.37,0,0,0,0,0,0
SMLSEL.BSE_IDX,01/07/2025,11:20:19,8225.77,0,0,0,0,0,0
SMLSEL.BSE_IDX,01/07/2025,11:20:27,8225.42,0,0,0,0,0,0
SMLSEL.BSE_IDX,01/07/2025,11:20:35,8225.04,0,0,0,0,0,0
SMLSEL.BSE_IDX,01/07/2025,11:20:43,8224.74,0,0,0,0,0,0
SMLSEL.BSE_IDX,01/07/2025,11:20:51,8224.97,0,0,0,0,0,0
SMLSEL.BSE_IDX,01/07/2025,11:20:59,8224.81,0,0,0,0,0,0
SMLSEL.BSE_IDX,01/07/2025,11:21:07,8225.66,0,0,0,0,0,0
SMLSEL.BSE_IDX,01/07/2025,11:21:15,8226.1,0,0,0,0,0,0
SMLSEL.BSE_IDX,01/07/2025,11:21:24,8225.56,0,0,0,0,0,0
SMLSEL.BSE_IDX,01/07/2025,11:21:31,8225.7,0,0,0,0,0,0
SMLSEL.BSE_IDX,01/07/2025,11:21:39,8225.77,0,0,0,0,0,0
SMLSEL.BSE_IDX,01/07/2025,11:21:47,8225.14,0,0,0,0,0,0
SMLSEL.BSE_IDX,01/07/2025,11:21:56,8225.3,0,0,0,0,0,0
SMLSEL.BSE_IDX,01/07/2025,11:22:03,8225.56,0,0,0,0,0,0
SMLSEL.BSE_IDX,01/07/2025,11:22:11,8225.78,0,0,0,0,0,0
SMLSEL.BSE_IDX,01/07/2025,11:22:19,8225.41,0,0,0,0,0,0
SMLSEL.BSE_IDX,01/07/2025,11:22:28,8225.76,0,0,0,0,0,0
SMLSEL.BSE_IDX,01/07/2025,11:22:35,8226.01,0,0,0,0,0,0
SMLSEL.BSE_IDX,01/07/2025,11:22:43,8226.24,0,0,0,0,0,0
SMLSEL.BSE_IDX,01/07/2025,11:22:51,8225.88,0,0,0,0,0,0
SMLSEL.BSE_IDX,01/07/2025,11:22:59,8225.43,0,0,0,0,0,0
SMLSEL.BSE_IDX,01/07/2025,11:23:07,8225.37,0,0,0,0,0,0
SMLSEL.BSE_IDX,01/07/2025,11:23:15,8224.79,0,0,0,0,0,0
SMLSEL.BSE_IDX,01/07/2025,11:23:23,8224.85,0,0,0,0,0,0
SMLSEL.BSE_IDX,01/07/2025,11:23:31,8225.13,0,0,0,0,0,0
SMLSEL.BSE_IDX,01/07/2025,11:23:39,8224.99,0,0,0,0,0,0
SMLSEL.BSE_IDX,01/07/2025,11:23:47,8225.02,0,0,0,0,0,0
SMLSEL.BSE_IDX,01/07/2025,11:23:55,8225.15,0,0,0,0,0,0
SMLSEL.BSE_IDX,01/07/2025,11:24:04,8224.97,0,0,0,0,0,0
SMLSEL.BSE_IDX,01/07/2025,11:24:11,8225.21,0,0,0,0,0,0
SMLSEL.BSE_IDX,01/07/2025,11:24:19,8225.18,0,0,0,0,0,0
SMLSEL.BSE_IDX,01/07/2025,11:24:27,8225.2,0,0,0,0,0,0
SMLSEL.BSE_IDX,01/07/2025,11:24:35,8225.55,0,0,0,0,0,0
SMLSEL.BSE_IDX,01/07/2025,11:24:43,8225.27,0,0,0,0,0,0
SMLSEL.BSE_IDX,01/07/2025,11:24:52,8224.9,0,0,0,0,0,0
SMLSEL.BSE_IDX,01/07/2025,11:25:00,8225.08,0,0,0,0,0,0
SMLSEL.BSE_IDX,01/07/2025,11:25:07,8226.42,0,0,0,0,0,0
SMLSEL.BSE_IDX,01/07/2025,11:25:15,8226.33,0,0,0,0,0,0
SMLSEL.BSE_IDX,01/07/2025,11:25:23,8226.82,0,0,0,0,0,0
SMLSEL.BSE_IDX,01/07/2025,11:25:31,8227.28,0,0,0,0,0,0
SMLSEL.BSE_IDX,01/07/2025,11:25:41,8227.72,0,0,0,0,0,0
SMLSEL.BSE_IDX,01/07/2025,11:25:47,8228.74,0,0,0,0,0,0
SMLSEL.BSE_IDX,01/07/2025,11:25:55,8228.71,0,0,0,0,0,0
SMLSEL.BSE_IDX,01/07/2025,11:26:03,8228.57,0,0,0,0,0,0
SMLSEL.BSE_IDX,01/07/2025,11:26:11,8228.55,0,0,0,0,0,0
SMLSEL.BSE_IDX,01/07/2025,11:26:19,8229.13,0,0,0,0,0,0
SMLSEL.BSE_IDX,01/07/2025,11:26:27,8228.93,0,0,0,0,0,0
SMLSEL.BSE_IDX,01/07/2025,11:26:35,8228.88,0,0,0,0,0,0
SMLSEL.BSE_IDX,01/07/2025,11:26:43,8229.13,0,0,0,0,0,0
SMLSEL.BSE_IDX,01/07/2025,11:26:51,8229.8,0,0,0,0,0,0
SMLSEL.BSE_IDX,01/07/2025,11:26:59,8230.27,0,0,0,0,0,0
SMLSEL.BSE_IDX,01/07/2025,11:27:07,8230.1,0,0,0,0,0,0
SMLSEL.BSE_IDX,01/07/2025,11:27:15,8229.66,0,0,0,0,0,0
SMLSEL.BSE_IDX,01/07/2025,11:27:23,8230.33,0,0,0,0,0,0
SMLSEL.BSE_IDX,01/07/2025,11:27:31,8229.93,0,0,0,0,0,0
SMLSEL.BSE_IDX,01/07/2025,11:27:39,8229.41,0,0,0,0,0,0
SMLSEL.BSE_IDX,01/07/2025,11:27:47,8229.03,0,0,0,0,0,0
SMLSEL.BSE_IDX,01/07/2025,11:27:55,8229.16,0,0,0,0,0,0
SMLSEL.BSE_IDX,01/07/2025,11:28:03,8229.32,0,0,0,0,0,0
SMLSEL.BSE_IDX,01/07/2025,11:28:11,8229.38,0,0,0,0,0,0
SMLSEL.BSE_IDX,01/07/2025,11:28:19,8229.19,0,0,0,0,0,0
SMLSEL.BSE_IDX,01/07/2025,11:28:27,8229.38,0,0,0,0,0,0
SMLSEL.BSE_IDX,01/07/2025,11:28:36,8229.3,0,0,0,0,0,0
SMLSEL.BSE_IDX,01/07/2025,11:28:43,8229.14,0,0,0,0,0,0
SMLSEL.BSE_IDX,01/07/2025,11:28:51,8229.27,0,0,0,0,0,0
SMLSEL.BSE_IDX,01/07/2025,11:28:59,8230.31,0,0,0,0,0,0
SMLSEL.BSE_IDX,01/07/2025,11:29:07,8230.5,0,0,0,0,0,0
SMLSEL.BSE_IDX,01/07/2025,11:29:16,8231.03,0,0,0,0,0,0
SMLSEL.BSE_IDX,01/07/2025,11:29:24,8231.31,0,0,0,0,0,0
SMLSEL.BSE_IDX,01/07/2025,11:29:31,8231.12,0,0,0,0,0,0
SMLSEL.BSE_IDX,01/07/2025,11:29:39,8230.94,0,0,0,0,0,0
SMLSEL.BSE_IDX,01/07/2025,11:29:47,8231.35,0,0,0,0,0,0
SMLSEL.BSE_IDX,01/07/2025,11:29:55,8231.2,0,0,0,0,0,0
SMLSEL.BSE_IDX,01/07/2025,11:30:03,8231.37,0,0,0,0,0,0
SMLSEL.BSE_IDX,01/07/2025,11:30:11,8231.46,0,0,0,0,0,0
SMLSEL.BSE_IDX,01/07/2025,11:30:19,8231.3,0,0,0,0,0,0
SMLSEL.BSE_IDX,01/07/2025,11:30:27,8231.13,0,0,0,0,0,0
SMLSEL.BSE_IDX,01/07/2025,11:30:35,8231.2,0,0,0,0,0,0
SMLSEL.BSE_IDX,01/07/2025,11:30:43,8232.15,0,0,0,0,0,0
SMLSEL.BSE_IDX,01/07/2025,11:30:51,8232.27,0,0,0,0,0,0
SMLSEL.BSE_IDX,01/07/2025,11:30:59,8231.85,0,0,0,0,0,0
SMLSEL.BSE_IDX,01/07/2025,11:31:07,8231.45,0,0,0,0,0,0
SMLSEL.BSE_IDX,01/07/2025,11:31:15,8231.28,0,0,0,0,0,0
SMLSEL.BSE_IDX,01/07/2025,11:31:23,8231.11,0,0,0,0,0,0
SMLSEL.BSE_IDX,01/07/2025,11:31:31,8231.56,0,0,0,0,0,0
SMLSEL.BSE_IDX,01/07/2025,11:31:39,8231.5,0,0,0,0,0,0
SMLSEL.BSE_IDX,01/07/2025,11:31:47,8231.54,0,0,0,0,0,0
SMLSEL.BSE_IDX,01/07/2025,11:31:55,8231.41,0,0,0,0,0,0
SMLSEL.BSE_IDX,01/07/2025,11:32:04,8231.46,0,0,0,0,0,0
SMLSEL.BSE_IDX,01/07/2025,11:32:11,8231.12,0,0,0,0,0,0
SMLSEL.BSE_IDX,01/07/2025,11:32:19,8230.83,0,0,0,0,0,0
SMLSEL.BSE_IDX,01/07/2025,11:32:27,8231.36,0,0,0,0,0,0
SMLSEL.BSE_IDX,01/07/2025,11:32:35,8230.93,0,0,0,0,0,0
SMLSEL.BSE_IDX,01/07/2025,11:32:43,8230.43,0,0,0,0,0,0
SMLSEL.BSE_IDX,01/07/2025,11:32:51,8229.92,0,0,0,0,0,0
SMLSEL.BSE_IDX,01/07/2025,11:32:59,8229.84,0,0,0,0,0,0
SMLSEL.BSE_IDX,01/07/2025,11:33:07,8229.58,0,0,0,0,0,0
SMLSEL.BSE_IDX,01/07/2025,11:33:15,8229.47,0,0,0,0,0,0
SMLSEL.BSE_IDX,01/07/2025,11:33:23,8229.08,0,0,0,0,0,0
SMLSEL.BSE_IDX,01/07/2025,11:33:31,8229.34,0,0,0,0,0,0
SMLSEL.BSE_IDX,01/07/2025,11:33:39,8229.09,0,0,0,0,0,0
SMLSEL.BSE_IDX,01/07/2025,11:33:47,8229.05,0,0,0,0,0,0
SMLSEL.BSE_IDX,01/07/2025,11:33:55,8228.96,0,0,0,0,0,0
SMLSEL.BSE_IDX,01/07/2025,11:34:03,8228.96,0,0,0,0,0,0
SMLSEL.BSE_IDX,01/07/2025,11:34:12,8229.57,0,0,0,0,0,0
SMLSEL.BSE_IDX,01/07/2025,11:34:19,8229.4,0,0,0,0,0,0
SMLSEL.BSE_IDX,01/07/2025,11:34:27,8228.82,0,0,0,0,0,0
SMLSEL.BSE_IDX,01/07/2025,11:34:35,8227.91,0,0,0,0,0,0
SMLSEL.BSE_IDX,01/07/2025,11:34:43,8227.43,0,0,0,0,0,0
SMLSEL.BSE_IDX,01/07/2025,11:34:51,8226.97,0,0,0,0,0,0
SMLSEL.BSE_IDX,01/07/2025,11:34:59,8227.03,0,0,0,0,0,0
SMLSEL.BSE_IDX,01/07/2025,11:35:07,8226.64,0,0,0,0,0,0
SMLSEL.BSE_IDX,01/07/2025,11:35:16,8225.89,0,0,0,0,0,0
SMLSEL.BSE_IDX,01/07/2025,11:35:23,8225.78,0,0,0,0,0,0
SMLSEL.BSE_IDX,01/07/2025,11:35:32,8225.44,0,0,0,0,0,0
SMLSEL.BSE_IDX,01/07/2025,11:35:39,8225.73,0,0,0,0,0,0
SMLSEL.BSE_IDX,01/07/2025,11:35:47,8225.21,0,0,0,0,0,0
SMLSEL.BSE_IDX,01/07/2025,11:35:55,8225.08,0,0,0,0,0,0
SMLSEL.BSE_IDX,01/07/2025,11:36:04,8225.84,0,0,0,0,0,0
SMLSEL.BSE_IDX,01/07/2025,11:36:11,8225.63,0,0,0,0,0,0
SMLSEL.BSE_IDX,01/07/2025,11:36:19,8225.12,0,0,0,0,0,0
SMLSEL.BSE_IDX,01/07/2025,11:36:28,8225.25,0,0,0,0,0,0
SMLSEL.BSE_IDX,01/07/2025,11:36:35,8225.13,0,0,0,0,0,0
SMLSEL.BSE_IDX,01/07/2025,11:36:43,8225.42,0,0,0,0,0,0
SMLSEL.BSE_IDX,01/07/2025,11:36:54,8225.3,0,0,0,0,0,0
SMLSEL.BSE_IDX,01/07/2025,11:36:59,8225.1,0,0,0,0,0,0
SMLSEL.BSE_IDX,01/07/2025,11:37:07,8224.87,0,0,0,0,0,0
SMLSEL.BSE_IDX,01/07/2025,11:37:15,8225.15,0,0,0,0,0,0
SMLSEL.BSE_IDX,01/07/2025,11:37:23,8225.13,0,0,0,0,0,0
SMLSEL.BSE_IDX,01/07/2025,11:37:31,8226.37,0,0,0,0,0,0
SMLSEL.BSE_IDX,01/07/2025,11:37:41,8226.43,0,0,0,0,0,0
SMLSEL.BSE_IDX,01/07/2025,11:37:47,8227.38,0,0,0,0,0,0
SMLSEL.BSE_IDX,01/07/2025,11:37:55,8227.48,0,0,0,0,0,0
SMLSEL.BSE_IDX,01/07/2025,11:38:03,8226.75,0,0,0,0,0,0
SMLSEL.BSE_IDX,01/07/2025,11:38:11,8226.49,0,0,0,0,0,0
SMLSEL.BSE_IDX,01/07/2025,11:38:20,8226.67,0,0,0,0,0,0
SMLSEL.BSE_IDX,01/07/2025,11:38:27,8226.16,0,0,0,0,0,0
SMLSEL.BSE_IDX,01/07/2025,11:38:35,8225.7,0,0,0,0,0,0
SMLSEL.BSE_IDX,01/07/2025,11:38:43,8224.91,0,0,0,0,0,0
SMLSEL.BSE_IDX,01/07/2025,11:38:51,8225.25,0,0,0,0,0,0
SMLSEL.BSE_IDX,01/07/2025,11:38:59,8225.19,0,0,0,0,0,0
SMLSEL.BSE_IDX,01/07/2025,11:39:07,8225.6,0,0,0,0,0,0
SMLSEL.BSE_IDX,01/07/2025,11:39:16,8224.75,0,0,0,0,0,0
SMLSEL.BSE_IDX,01/07/2025,11:39:23,8224.88,0,0,0,0,0,0
SMLSEL.BSE_IDX,01/07/2025,11:39:31,8224.8,0,0,0,0,0,0
SMLSEL.BSE_IDX,01/07/2025,11:39:39,8224.24,0,0,0,0,0,0
SMLSEL.BSE_IDX,01/07/2025,11:39:47,8224.33,0,0,0,0,0,0
SMLSEL.BSE_IDX,01/07/2025,11:39:55,8224.23,0,0,0,0,0,0
SMLSEL.BSE_IDX,01/07/2025,11:40:03,8224.35,0,0,0,0,0,0
SMLSEL.BSE_IDX,01/07/2025,11:40:11,8224.27,0,0,0,0,0,0
SMLSEL.BSE_IDX,01/07/2025,11:40:19,8224.58,0,0,0,0,0,0
SMLSEL.BSE_IDX,01/07/2025,11:40:27,8224.59,0,0,0,0,0,0
SMLSEL.BSE_IDX,01/07/2025,11:40:35,8224.57,0,0,0,0,0,0
SMLSEL.BSE_IDX,01/07/2025,11:40:43,8224.81,0,0,0,0,0,0
SMLSEL.BSE_IDX,01/07/2025,11:40:51,8224.92,0,0,0,0,0,0
SMLSEL.BSE_IDX,01/07/2025,11:41:00,8224.84,0,0,0,0,0,0
SMLSEL.BSE_IDX,01/07/2025,11:41:07,8224.86,0,0,0,0,0,0
SMLSEL.BSE_IDX,01/07/2025,11:41:15,8224.57,0,0,0,0,0,0
SMLSEL.BSE_IDX,01/07/2025,11:41:24,8224.63,0,0,0,0,0,0
SMLSEL.BSE_IDX,01/07/2025,11:41:32,8224.27,0,0,0,0,0,0
SMLSEL.BSE_IDX,01/07/2025,11:41:39,8225.44,0,0,0,0,0,0
SMLSEL.BSE_IDX,01/07/2025,11:41:48,8225.24,0,0,0,0,0,0
SMLSEL.BSE_IDX,01/07/2025,11:41:56,8225.09,0,0,0,0,0,0
SMLSEL.BSE_IDX,01/07/2025,11:42:04,8225.31,0,0,0,0,0,0
SMLSEL.BSE_IDX,01/07/2025,11:42:12,8225,0,0,0,0,0,0
SMLSEL.BSE_IDX,01/07/2025,11:42:20,8225.03,0,0,0,0,0,0
SMLSEL.BSE_IDX,01/07/2025,11:42:28,8224.96,0,0,0,0,0,0
SMLSEL.BSE_IDX,01/07/2025,11:42:36,8225.15,0,0,0,0,0,0
SMLSEL.BSE_IDX,01/07/2025,11:42:44,8226.54,0,0,0,0,0,0
SMLSEL.BSE_IDX,01/07/2025,11:42:52,8226.73,0,0,0,0,0,0
SMLSEL.BSE_IDX,01/07/2025,11:43:00,8226.92,0,0,0,0,0,0
SMLSEL.BSE_IDX,01/07/2025,11:43:08,8226.81,0,0,0,0,0,0
SMLSEL.BSE_IDX,01/07/2025,11:43:16,8227.07,0,0,0,0,0,0
SMLSEL.BSE_IDX,01/07/2025,11:43:24,8227.06,0,0,0,0,0,0
SMLSEL.BSE_IDX,01/07/2025,11:43:32,8227.11,0,0,0,0,0,0
SMLSEL.BSE_IDX,01/07/2025,11:43:40,8226.85,0,0,0,0,0,0
SMLSEL.BSE_IDX,01/07/2025,11:43:48,8227.1,0,0,0,0,0,0
SMLSEL.BSE_IDX,01/07/2025,11:43:56,8226.75,0,0,0,0,0,0
SMLSEL.BSE_IDX,01/07/2025,11:44:04,8227.27,0,0,0,0,0,0
SMLSEL.BSE_IDX,01/07/2025,11:44:12,8226.74,0,0,0,0,0,0
SMLSEL.BSE_IDX,01/07/2025,11:44:20,8226.89,0,0,0,0,0,0
SMLSEL.BSE_IDX,01/07/2025,11:44:28,8227.95,0,0,0,0,0,0
SMLSEL.BSE_IDX,01/07/2025,11:44:36,8227.51,0,0,0,0,0,0
SMLSEL.BSE_IDX,01/07/2025,11:44:44,8227.86,0,0,0,0,0,0
SMLSEL.BSE_IDX,01/07/2025,11:44:52,8228.48,0,0,0,0,0,0
SMLSEL.BSE_IDX,01/07/2025,11:45:00,8228.2,0,0,0,0,0,0
SMLSEL.BSE_IDX,01/07/2025,11:45:08,8227.95,0,0,0,0,0,0
SMLSEL.BSE_IDX,01/07/2025,11:45:16,8227.75,0,0,0,0,0,0
SMLSEL.BSE_IDX,01/07/2025,11:45:24,8226.91,0,0,0,0,0,0
SMLSEL.BSE_IDX,01/07/2025,11:45:32,8226.86,0,0,0,0,0,0
SMLSEL.BSE_IDX,01/07/2025,11:45:40,8226.72,0,0,0,0,0,0
SMLSEL.BSE_IDX,01/07/2025,11:45:48,8226.66,0,0,0,0,0,0
SMLSEL.BSE_IDX,01/07/2025,11:45:56,8226.64,0,0,0,0,0,0
SMLSEL.BSE_IDX,01/07/2025,11:46:04,8226.64,0,0,0,0,0,0
SMLSEL.BSE_IDX,01/07/2025,11:46:12,8226.34,0,0,0,0,0,0
SMLSEL.BSE_IDX,01/07/2025,11:46:20,8226.52,0,0,0,0,0,0
SMLSEL.BSE_IDX,01/07/2025,11:46:28,8227.24,0,0,0,0,0,0
SMLSEL.BSE_IDX,01/07/2025,11:46:36,8227.8,0,0,0,0,0,0
SMLSEL.BSE_IDX,01/07/2025,11:46:44,8227.98,0,0,0,0,0,0
SMLSEL.BSE_IDX,01/07/2025,11:46:52,8228.55,0,0,0,0,0,0
SMLSEL.BSE_IDX,01/07/2025,11:47:00,8229.27,0,0,0,0,0,0
SMLSEL.BSE_IDX,01/07/2025,11:47:08,8229.33,0,0,0,0,0,0
SMLSEL.BSE_IDX,01/07/2025,11:47:16,8228.75,0,0,0,0,0,0
SMLSEL.BSE_IDX,01/07/2025,11:47:24,8228.55,0,0,0,0,0,0
SMLSEL.BSE_IDX,01/07/2025,11:47:32,8228.79,0,0,0,0,0,0
SMLSEL.BSE_IDX,01/07/2025,11:47:40,8229.24,0,0,0,0,0,0
SMLSEL.BSE_IDX,01/07/2025,11:47:48,8228.95,0,0,0,0,0,0
SMLSEL.BSE_IDX,01/07/2025,11:47:56,8228.53,0,0,0,0,0,0
SMLSEL.BSE_IDX,01/07/2025,11:48:04,8228.05,0,0,0,0,0,0
SMLSEL.BSE_IDX,01/07/2025,11:48:12,8227.6,0,0,0,0,0,0
SMLSEL.BSE_IDX,01/07/2025,11:48:20,8227.98,0,0,0,0,0,0
SMLSEL.BSE_IDX,01/07/2025,11:48:28,8227.98,0,0,0,0,0,0
SMLSEL.BSE_IDX,01/07/2025,11:48:36,8228.03,0,0,0,0,0,0
SMLSEL.BSE_IDX,01/07/2025,11:48:44,8228.32,0,0,0,0,0,0
SMLSEL.BSE_IDX,01/07/2025,11:48:52,8228.43,0,0,0,0,0,0
SMLSEL.BSE_IDX,01/07/2025,11:49:01,8228.21,0,0,0,0,0,0
SMLSEL.BSE_IDX,01/07/2025,11:49:09,8228.43,0,0,0,0,0,0
SMLSEL.BSE_IDX,01/07/2025,11:49:16,8228.21,0,0,0,0,0,0
SMLSEL.BSE_IDX,01/07/2025,11:49:24,8227.33,0,0,0,0,0,0
SMLSEL.BSE_IDX,01/07/2025,11:49:32,8226.99,0,0,0,0,0,0
SMLSEL.BSE_IDX,01/07/2025,11:49:40,8226.62,0,0,0,0,0,0
SMLSEL.BSE_IDX,01/07/2025,11:49:49,8226.53,0,0,0,0,0,0
SMLSEL.BSE_IDX,01/07/2025,11:49:56,8226.33,0,0,0,0,0,0
SMLSEL.BSE_IDX,01/07/2025,11:50:04,8225.1,0,0,0,0,0,0
SMLSEL.BSE_IDX,01/07/2025,11:50:12,8225.26,0,0,0,0,0,0
SMLSEL.BSE_IDX,01/07/2025,11:50:20,8225.3,0,0,0,0,0,0
SMLSEL.BSE_IDX,01/07/2025,11:50:28,8225.37,0,0,0,0,0,0
SMLSEL.BSE_IDX,01/07/2025,11:50:36,8224.7,0,0,0,0,0,0
SMLSEL.BSE_IDX,01/07/2025,11:50:44,8224.88,0,0,0,0,0,0
SMLSEL.BSE_IDX,01/07/2025,11:50:52,8224.42,0,0,0,0,0,0
SMLSEL.BSE_IDX,01/07/2025,11:51:00,8224.06,0,0,0,0,0,0
SMLSEL.BSE_IDX,01/07/2025,11:51:08,8224.22,0,0,0,0,0,0
SMLSEL.BSE_IDX,01/07/2025,11:51:16,8224.89,0,0,0,0,0,0
SMLSEL.BSE_IDX,01/07/2025,11:51:24,8224.62,0,0,0,0,0,0
SMLSEL.BSE_IDX,01/07/2025,11:51:32,8225.12,0,0,0,0,0,0
SMLSEL.BSE_IDX,01/07/2025,11:51:40,8225.32,0,0,0,0,0,0
SMLSEL.BSE_IDX,01/07/2025,11:51:48,8225.3,0,0,0,0,0,0
SMLSEL.BSE_IDX,01/07/2025,11:51:56,8225.82,0,0,0,0,0,0
SMLSEL.BSE_IDX,01/07/2025,11:52:04,8225.4,0,0,0,0,0,0
SMLSEL.BSE_IDX,01/07/2025,11:52:12,8224.84,0,0,0,0,0,0
SMLSEL.BSE_IDX,01/07/2025,11:52:20,8224.57,0,0,0,0,0,0
SMLSEL.BSE_IDX,01/07/2025,11:52:28,8224.16,0,0,0,0,0,0
SMLSEL.BSE_IDX,01/07/2025,11:52:36,8224.4,0,0,0,0,0,0
SMLSEL.BSE_IDX,01/07/2025,11:52:44,8223.94,0,0,0,0,0,0
SMLSEL.BSE_IDX,01/07/2025,11:52:52,8224.09,0,0,0,0,0,0
SMLSEL.BSE_IDX,01/07/2025,11:53:00,8223.82,0,0,0,0,0,0
SMLSEL.BSE_IDX,01/07/2025,11:53:08,8223.22,0,0,0,0,0,0
SMLSEL.BSE_IDX,01/07/2025,11:53:16,8223.09,0,0,0,0,0,0
SMLSEL.BSE_IDX,01/07/2025,11:53:24,8222.72,0,0,0,0,0,0
SMLSEL.BSE_IDX,01/07/2025,11:53:32,8222.6,0,0,0,0,0,0
SMLSEL.BSE_IDX,01/07/2025,11:53:40,8222.58,0,0,0,0,0,0
SMLSEL.BSE_IDX,01/07/2025,11:53:48,8221.4,0,0,0,0,0,0
SMLSEL.BSE_IDX,01/07/2025,11:53:56,8220.65,0,0,0,0,0,0
SMLSEL.BSE_IDX,01/07/2025,11:54:04,8219.91,0,0,0,0,0,0
SMLSEL.BSE_IDX,01/07/2025,11:54:12,8219.05,0,0,0,0,0,0
SMLSEL.BSE_IDX,01/07/2025,11:54:20,8218.5,0,0,0,0,0,0
SMLSEL.BSE_IDX,01/07/2025,11:54:28,8218.27,0,0,0,0,0,0
SMLSEL.BSE_IDX,01/07/2025,11:54:36,8218.25,0,0,0,0,0,0
SMLSEL.BSE_IDX,01/07/2025,11:54:44,8218.19,0,0,0,0,0,0
SMLSEL.BSE_IDX,01/07/2025,11:54:52,8218.15,0,0,0,0,0,0
SMLSEL.BSE_IDX,01/07/2025,11:55:00,8218.63,0,0,0,0,0,0
SMLSEL.BSE_IDX,01/07/2025,11:55:08,8218.08,0,0,0,0,0,0
SMLSEL.BSE_IDX,01/07/2025,11:55:17,8217.83,0,0,0,0,0,0
SMLSEL.BSE_IDX,01/07/2025,11:55:24,8217.67,0,0,0,0,0,0
SMLSEL.BSE_IDX,01/07/2025,11:55:32,8218.39,0,0,0,0,0,0
SMLSEL.BSE_IDX,01/07/2025,11:55:40,8218.86,0,0,0,0,0,0
SMLSEL.BSE_IDX,01/07/2025,11:55:48,8218.68,0,0,0,0,0,0
SMLSEL.BSE_IDX,01/07/2025,11:55:56,8217.59,0,0,0,0,0,0
SMLSEL.BSE_IDX,01/07/2025,11:56:05,8217.21,0,0,0,0,0,0
SMLSEL.BSE_IDX,01/07/2025,11:56:12,8217.25,0,0,0,0,0,0
SMLSEL.BSE_IDX,01/07/2025,11:56:20,8216.99,0,0,0,0,0,0
SMLSEL.BSE_IDX,01/07/2025,11:56:28,8216.64,0,0,0,0,0,0
SMLSEL.BSE_IDX,01/07/2025,11:56:36,8216.37,0,0,0,0,0,0
SMLSEL.BSE_IDX,01/07/2025,11:56:44,8215.79,0,0,0,0,0,0
SMLSEL.BSE_IDX,01/07/2025,11:56:52,8215.82,0,0,0,0,0,0
SMLSEL.BSE_IDX,01/07/2025,11:57:00,8216.15,0,0,0,0,0,0
SMLSEL.BSE_IDX,01/07/2025,11:57:08,8215.97,0,0,0,0,0,0
SMLSEL.BSE_IDX,01/07/2025,11:57:16,8215.53,0,0,0,0,0,0
SMLSEL.BSE_IDX,01/07/2025,11:57:24,8215.73,0,0,0,0,0,0
SMLSEL.BSE_IDX,01/07/2025,11:57:32,8215.6,0,0,0,0,0,0
SMLSEL.BSE_IDX,01/07/2025,11:57:40,8215.94,0,0,0,0,0,0
SMLSEL.BSE_IDX,01/07/2025,11:57:48,8215.94,0,0,0,0,0,0
SMLSEL.BSE_IDX,01/07/2025,11:57:56,8216.09,0,0,0,0,0,0
SMLSEL.BSE_IDX,01/07/2025,11:58:04,8215.63,0,0,0,0,0,0
SMLSEL.BSE_IDX,01/07/2025,11:58:12,8215.15,0,0,0,0,0,0
SMLSEL.BSE_IDX,01/07/2025,11:58:20,8215.17,0,0,0,0,0,0
SMLSEL.BSE_IDX,01/07/2025,11:58:28,8215.92,0,0,0,0,0,0
SMLSEL.BSE_IDX,01/07/2025,11:58:36,8216.16,0,0,0,0,0,0
SMLSEL.BSE_IDX,01/07/2025,11:58:44,8216.37,0,0,0,0,0,0
SMLSEL.BSE_IDX,01/07/2025,11:58:52,8216.26,0,0,0,0,0,0
SMLSEL.BSE_IDX,01/07/2025,11:59:00,8216.04,0,0,0,0,0,0
SMLSEL.BSE_IDX,01/07/2025,11:59:08,8217.05,0,0,0,0,0,0
SMLSEL.BSE_IDX,01/07/2025,11:59:16,8217.17,0,0,0,0,0,0
SMLSEL.BSE_IDX,01/07/2025,11:59:24,8217.61,0,0,0,0,0,0
SMLSEL.BSE_IDX,01/07/2025,11:59:32,8218.6,0,0,0,0,0,0
SMLSEL.BSE_IDX,01/07/2025,11:59:40,8218.82,0,0,0,0,0,0
SMLSEL.BSE_IDX,01/07/2025,11:59:48,8219.24,0,0,0,0,0,0
SMLSEL.BSE_IDX,01/07/2025,11:59:56,8219.13,0,0,0,0,0,0
SMLSEL.BSE_IDX,01/07/2025,12:00:05,8219.91,0,0,0,0,0,0
SMLSEL.BSE_IDX,01/07/2025,12:00:12,8219.8,0,0,0,0,0,0
SMLSEL.BSE_IDX,01/07/2025,12:00:20,8219.43,0,0,0,0,0,0
SMLSEL.BSE_IDX,01/07/2025,12:00:28,8219.53,0,0,0,0,0,0
SMLSEL.BSE_IDX,01/07/2025,12:00:37,8219.9,0,0,0,0,0,0
SMLSEL.BSE_IDX,01/07/2025,12:00:44,8219.83,0,0,0,0,0,0
SMLSEL.BSE_IDX,01/07/2025,12:00:52,8220.64,0,0,0,0,0,0
SMLSEL.BSE_IDX,01/07/2025,12:01:00,8221.23,0,0,0,0,0,0
SMLSEL.BSE_IDX,01/07/2025,12:01:08,8221.46,0,0,0,0,0,0
SMLSEL.BSE_IDX,01/07/2025,12:01:16,8221.62,0,0,0,0,0,0
SMLSEL.BSE_IDX,01/07/2025,12:01:24,8221.48,0,0,0,0,0,0
SMLSEL.BSE_IDX,01/07/2025,12:01:32,8221.24,0,0,0,0,0,0
SMLSEL.BSE_IDX,01/07/2025,12:01:40,8220.88,0,0,0,0,0,0
SMLSEL.BSE_IDX,01/07/2025,12:01:48,8221.1,0,0,0,0,0,0
SMLSEL.BSE_IDX,01/07/2025,12:01:57,8221,0,0,0,0,0,0
SMLSEL.BSE_IDX,01/07/2025,12:02:04,8220.97,0,0,0,0,0,0
SMLSEL.BSE_IDX,01/07/2025,12:02:12,8221.16,0,0,0,0,0,0
SMLSEL.BSE_IDX,01/07/2025,12:02:20,8221.36,0,0,0,0,0,0
SMLSEL.BSE_IDX,01/07/2025,12:02:28,8221.92,0,0,0,0,0,0
SMLSEL.BSE_IDX,01/07/2025,12:02:36,8222,0,0,0,0,0,0
SMLSEL.BSE_IDX,01/07/2025,12:02:44,8222.06,0,0,0,0,0,0
SMLSEL.BSE_IDX,01/07/2025,12:02:52,8222.04,0,0,0,0,0,0
SMLSEL.BSE_IDX,01/07/2025,12:03:00,8221.84,0,0,0,0,0,0
SMLSEL.BSE_IDX,01/07/2025,12:03:08,8221.61,0,0,0,0,0,0
SMLSEL.BSE_IDX,01/07/2025,12:03:17,8222.2,0,0,0,0,0,0
SMLSEL.BSE_IDX,01/07/2025,12:03:24,8221.47,0,0,0,0,0,0
SMLSEL.BSE_IDX,01/07/2025,12:03:32,8221.84,0,0,0,0,0,0
SMLSEL.BSE_IDX,01/07/2025,12:03:40,8222.12,0,0,0,0,0,0
SMLSEL.BSE_IDX,01/07/2025,12:03:48,8221.75,0,0,0,0,0,0
SMLSEL.BSE_IDX,01/07/2025,12:03:56,8221.65,0,0,0,0,0,0
SMLSEL.BSE_IDX,01/07/2025,12:04:04,8221.99,0,0,0,0,0,0
SMLSEL.BSE_IDX,01/07/2025,12:04:12,8221.47,0,0,0,0,0,0
SMLSEL.BSE_IDX,01/07/2025,12:04:20,8220.48,0,0,0,0,0,0
SMLSEL.BSE_IDX,01/07/2025,12:04:28,8220.26,0,0,0,0,0,0
SMLSEL.BSE_IDX,01/07/2025,12:04:36,8220.33,0,0,0,0,0,0
SMLSEL.BSE_IDX,01/07/2025,12:04:44,8220.63,0,0,0,0,0,0
SMLSEL.BSE_IDX,01/07/2025,12:04:52,8220.81,0,0,0,0,0,0
SMLSEL.BSE_IDX,01/07/2025,12:05:01,8220.48,0,0,0,0,0,0
SMLSEL.BSE_IDX,01/07/2025,12:05:08,8220.23,0,0,0,0,0,0
SMLSEL.BSE_IDX,01/07/2025,12:05:16,8220,0,0,0,0,0,0
SMLSEL.BSE_IDX,01/07/2025,12:05:24,8220.07,0,0,0,0,0,0
SMLSEL.BSE_IDX,01/07/2025,12:05:32,8219.82,0,0,0,0,0,0
SMLSEL.BSE_IDX,01/07/2025,12:05:40,8220,0,0,0,0,0,0
SMLSEL.BSE_IDX,01/07/2025,12:05:48,8220.18,0,0,0,0,0,0
SMLSEL.BSE_IDX,01/07/2025,12:05:56,8219.95,0,0,0,0,0,0
SMLSEL.BSE_IDX,01/07/2025,12:06:04,8220.22,0,0,0,0,0,0
SMLSEL.BSE_IDX,01/07/2025,12:06:12,8220.38,0,0,0,0,0,0
SMLSEL.BSE_IDX,01/07/2025,12:06:20,8220.52,0,0,0,0,0,0
SMLSEL.BSE_IDX,01/07/2025,12:06:28,8220.51,0,0,0,0,0,0
SMLSEL.BSE_IDX,01/07/2025,12:06:36,8219.26,0,0,0,0,0,0
SMLSEL.BSE_IDX,01/07/2025,12:06:44,8219.36,0,0,0,0,0,0
SMLSEL.BSE_IDX,01/07/2025,12:06:53,8218.94,0,0,0,0,0,0
SMLSEL.BSE_IDX,01/07/2025,12:07:00,8218.84,0,0,0,0,0,0
SMLSEL.BSE_IDX,01/07/2025,12:07:08,8218.8,0,0,0,0,0,0
SMLSEL.BSE_IDX,01/07/2025,12:07:16,8218.97,0,0,0,0,0,0
SMLSEL.BSE_IDX,01/07/2025,12:07:24,8218.99,0,0,0,0,0,0
SMLSEL.BSE_IDX,01/07/2025,12:07:32,8218.93,0,0,0,0,0,0
SMLSEL.BSE_IDX,01/07/2025,12:07:40,8218.81,0,0,0,0,0,0
SMLSEL.BSE_IDX,01/07/2025,12:07:48,8219.17,0,0,0,0,0,0
SMLSEL.BSE_IDX,01/07/2025,12:07:56,8219.64,0,0,0,0,0,0
SMLSEL.BSE_IDX,01/07/2025,12:08:04,8220.33,0,0,0,0,0,0
SMLSEL.BSE_IDX,01/07/2025,12:08:12,8220.38,0,0,0,0,0,0
SMLSEL.BSE_IDX,01/07/2025,12:08:20,8219.93,0,0,0,0,0,0
SMLSEL.BSE_IDX,01/07/2025,12:08:28,8220.11,0,0,0,0,0,0
SMLSEL.BSE_IDX,01/07/2025,12:08:36,8220.24,0,0,0,0,0,0
SMLSEL.BSE_IDX,01/07/2025,12:08:44,8220.5,0,0,0,0,0,0
SMLSEL.BSE_IDX,01/07/2025,12:08:52,8220.9,0,0,0,0,0,0
SMLSEL.BSE_IDX,01/07/2025,12:09:00,8219.98,0,0,0,0,0,0
SMLSEL.BSE_IDX,01/07/2025,12:09:08,8220.13,0,0,0,0,0,0
SMLSEL.BSE_IDX,01/07/2025,12:09:16,8220.69,0,0,0,0,0,0
SMLSEL.BSE_IDX,01/07/2025,12:09:25,8220.81,0,0,0,0,0,0
SMLSEL.BSE_IDX,01/07/2025,12:09:32,8221.04,0,0,0,0,0,0
SMLSEL.BSE_IDX,01/07/2025,12:09:40,8220.73,0,0,0,0,0,0
SMLSEL.BSE_IDX,01/07/2025,12:09:48,8221.32,0,0,0,0,0,0
SMLSEL.BSE_IDX,01/07/2025,12:09:57,8221.04,0,0,0,0,0,0
SMLSEL.BSE_IDX,01/07/2025,12:10:05,8221.05,0,0,0,0,0,0
SMLSEL.BSE_IDX,01/07/2025,12:10:13,8221.05,0,0,0,0,0,0
SMLSEL.BSE_IDX,01/07/2025,12:10:22,8220.75,0,0,0,0,0,0
SMLSEL.BSE_IDX,01/07/2025,12:10:28,8220.34,0,0,0,0,0,0
SMLSEL.BSE_IDX,01/07/2025,12:10:36,8220.97,0,0,0,0,0,0
SMLSEL.BSE_IDX,01/07/2025,12:10:45,8221.66,0,0,0,0,0,0
SMLSEL.BSE_IDX,01/07/2025,12:10:52,8222.06,0,0,0,0,0,0
SMLSEL.BSE_IDX,01/07/2025,12:11:00,8222.23,0,0,0,0,0,0
SMLSEL.BSE_IDX,01/07/2025,12:11:08,8222.08,0,0,0,0,0,0
SMLSEL.BSE_IDX,01/07/2025,12:11:17,8221.86,0,0,0,0,0,0
SMLSEL.BSE_IDX,01/07/2025,12:11:24,8222.04,0,0,0,0,0,0
SMLSEL.BSE_IDX,01/07/2025,12:11:32,8222.45,0,0,0,0,0,0
SMLSEL.BSE_IDX,01/07/2025,12:11:40,8222.64,0,0,0,0,0,0
SMLSEL.BSE_IDX,01/07/2025,12:11:49,8223.35,0,0,0,0,0,0
SMLSEL.BSE_IDX,01/07/2025,12:11:57,8223.48,0,0,0,0,0,0
SMLSEL.BSE_IDX,01/07/2025,12:12:05,8223.34,0,0,0,0,0,0
SMLSEL.BSE_IDX,01/07/2025,12:12:13,8223.54,0,0,0,0,0,0
SMLSEL.BSE_IDX,01/07/2025,12:12:21,8224.09,0,0,0,0,0,0
SMLSEL.BSE_IDX,01/07/2025,12:12:29,8224.7,0,0,0,0,0,0
SMLSEL.BSE_IDX,01/07/2025,12:12:37,8225.17,0,0,0,0,0,0
SMLSEL.BSE_IDX,01/07/2025,12:12:45,8224.88,0,0,0,0,0,0
SMLSEL.BSE_IDX,01/07/2025,12:12:53,8225.48,0,0,0,0,0,0
SMLSEL.BSE_IDX,01/07/2025,12:13:01,8224.99,0,0,0,0,0,0
SMLSEL.BSE_IDX,01/07/2025,12:13:09,8224.8,0,0,0,0,0,0
SMLSEL.BSE_IDX,01/07/2025,12:13:17,8225.45,0,0,0,0,0,0
SMLSEL.BSE_IDX,01/07/2025,12:13:25,8225.54,0,0,0,0,0,0
SMLSEL.BSE_IDX,01/07/2025,12:13:33,8224.99,0,0,0,0,0,0
SMLSEL.BSE_IDX,01/07/2025,12:13:41,8224.78,0,0,0,0,0,0
SMLSEL.BSE_IDX,01/07/2025,12:13:49,8224.91,0,0,0,0,0,0
SMLSEL.BSE_IDX,01/07/2025,12:13:57,8225.62,0,0,0,0,0,0
SMLSEL.BSE_IDX,01/07/2025,12:14:05,8225.64,0,0,0,0,0,0
SMLSEL.BSE_IDX,01/07/2025,12:14:13,8226.21,0,0,0,0,0,0
SMLSEL.BSE_IDX,01/07/2025,12:14:21,8226.17,0,0,0,0,0,0
SMLSEL.BSE_IDX,01/07/2025,12:14:29,8225.88,0,0,0,0,0,0
SMLSEL.BSE_IDX,01/07/2025,12:14:37,8225.7,0,0,0,0,0,0
SMLSEL.BSE_IDX,01/07/2025,12:14:46,8225.89,0,0,0,0,0,0
SMLSEL.BSE_IDX,01/07/2025,12:14:54,8226.33,0,0,0,0,0,0
SMLSEL.BSE_IDX,01/07/2025,12:15:01,8226.87,0,0,0,0,0,0
SMLSEL.BSE_IDX,01/07/2025,12:15:09,8226.62,0,0,0,0,0,0
SMLSEL.BSE_IDX,01/07/2025,12:15:17,8226.95,0,0,0,0,0,0
SMLSEL.BSE_IDX,01/07/2025,12:15:25,8226.85,0,0,0,0,0,0
SMLSEL.BSE_IDX,01/07/2025,12:15:33,8226.44,0,0,0,0,0,0
SMLSEL.BSE_IDX,01/07/2025,12:15:41,8226.55,0,0,0,0,0,0
SMLSEL.BSE_IDX,01/07/2025,12:15:49,8227.05,0,0,0,0,0,0
SMLSEL.BSE_IDX,01/07/2025,12:15:57,8227.89,0,0,0,0,0,0
SMLSEL.BSE_IDX,01/07/2025,12:16:05,8228.03,0,0,0,0,0,0
SMLSEL.BSE_IDX,01/07/2025,12:16:13,8228.53,0,0,0,0,0,0
SMLSEL.BSE_IDX,01/07/2025,12:16:21,8228.5,0,0,0,0,0,0
SMLSEL.BSE_IDX,01/07/2025,12:16:29,8228.67,0,0,0,0,0,0
SMLSEL.BSE_IDX,01/07/2025,12:16:37,8228.58,0,0,0,0,0,0
SMLSEL.BSE_IDX,01/07/2025,12:16:45,8228.58,0,0,0,0,0,0
SMLSEL.BSE_IDX,01/07/2025,12:16:53,8228.67,0,0,0,0,0,0
SMLSEL.BSE_IDX,01/07/2025,12:17:01,8228.42,0,0,0,0,0,0
SMLSEL.BSE_IDX,01/07/2025,12:17:09,8228.53,0,0,0,0,0,0
SMLSEL.BSE_IDX,01/07/2025,12:17:17,8229.16,0,0,0,0,0,0
SMLSEL.BSE_IDX,01/07/2025,12:17:25,8229.08,0,0,0,0,0,0
SMLSEL.BSE_IDX,01/07/2025,12:17:33,8228.87,0,0,0,0,0,0
SMLSEL.BSE_IDX,01/07/2025,12:17:41,8228.83,0,0,0,0,0,0
SMLSEL.BSE_IDX,01/07/2025,12:17:49,8228.85,0,0,0,0,0,0
SMLSEL.BSE_IDX,01/07/2025,12:17:57,8228.91,0,0,0,0,0,0
SMLSEL.BSE_IDX,01/07/2025,12:18:05,8229.66,0,0,0,0,0,0
SMLSEL.BSE_IDX,01/07/2025,12:18:13,8230.32,0,0,0,0,0,0
SMLSEL.BSE_IDX,01/07/2025,12:18:21,8230.77,0,0,0,0,0,0
SMLSEL.BSE_IDX,01/07/2025,12:18:29,8230.72,0,0,0,0,0,0
SMLSEL.BSE_IDX,01/07/2025,12:18:37,8230.66,0,0,0,0,0,0
SMLSEL.BSE_IDX,01/07/2025,12:18:45,8230.45,0,0,0,0,0,0
SMLSEL.BSE_IDX,01/07/2025,12:18:53,8230.41,0,0,0,0,0,0
SMLSEL.BSE_IDX,01/07/2025,12:19:01,8230.35,0,0,0,0,0,0
SMLSEL.BSE_IDX,01/07/2025,12:19:09,8230.77,0,0,0,0,0,0
SMLSEL.BSE_IDX,01/07/2025,12:19:17,8230.86,0,0,0,0,0,0
SMLSEL.BSE_IDX,01/07/2025,12:19:25,8230.93,0,0,0,0,0,0
SMLSEL.BSE_IDX,01/07/2025,12:19:33,8231.7,0,0,0,0,0,0
SMLSEL.BSE_IDX,01/07/2025,12:19:41,8232.42,0,0,0,0,0,0
SMLSEL.BSE_IDX,01/07/2025,12:19:49,8232.91,0,0,0,0,0,0
SMLSEL.BSE_IDX,01/07/2025,12:19:57,8233.26,0,0,0,0,0,0
SMLSEL.BSE_IDX,01/07/2025,12:20:05,8233.06,0,0,0,0,0,0
SMLSEL.BSE_IDX,01/07/2025,12:20:13,8233.24,0,0,0,0,0,0
SMLSEL.BSE_IDX,01/07/2025,12:20:21,8233.31,0,0,0,0,0,0
SMLSEL.BSE_IDX,01/07/2025,12:20:29,8233.34,0,0,0,0,0,0
SMLSEL.BSE_IDX,01/07/2025,12:20:37,8233.15,0,0,0,0,0,0
SMLSEL.BSE_IDX,01/07/2025,12:20:45,8233.21,0,0,0,0,0,0
SMLSEL.BSE_IDX,01/07/2025,12:20:53,8233.25,0,0,0,0,0,0
SMLSEL.BSE_IDX,01/07/2025,12:21:01,8233.61,0,0,0,0,0,0
SMLSEL.BSE_IDX,01/07/2025,12:21:09,8232.06,0,0,0,0,0,0
SMLSEL.BSE_IDX,01/07/2025,12:21:17,8232.15,0,0,0,0,0,0
SMLSEL.BSE_IDX,01/07/2025,12:21:25,8231.81,0,0,0,0,0,0
SMLSEL.BSE_IDX,01/07/2025,12:21:33,8232.4,0,0,0,0,0,0
SMLSEL.BSE_IDX,01/07/2025,12:21:41,8233.45,0,0,0,0,0,0
SMLSEL.BSE_IDX,01/07/2025,12:21:49,8234.41,0,0,0,0,0,0
SMLSEL.BSE_IDX,01/07/2025,12:21:57,8234.38,0,0,0,0,0,0
SMLSEL.BSE_IDX,01/07/2025,12:22:05,8234.55,0,0,0,0,0,0
SMLSEL.BSE_IDX,01/07/2025,12:22:13,8234.71,0,0,0,0,0,0
SMLSEL.BSE_IDX,01/07/2025,12:22:21,8234.95,0,0,0,0,0,0
SMLSEL.BSE_IDX,01/07/2025,12:22:29,8234.82,0,0,0,0,0,0
SMLSEL.BSE_IDX,01/07/2025,12:22:37,8235.36,0,0,0,0,0,0
SMLSEL.BSE_IDX,01/07/2025,12:22:45,8235.86,0,0,0,0,0,0
SMLSEL.BSE_IDX,01/07/2025,12:22:53,8236,0,0,0,0,0,0
SMLSEL.BSE_IDX,01/07/2025,12:23:02,8236.44,0,0,0,0,0,0
SMLSEL.BSE_IDX,01/07/2025,12:23:09,8236.81,0,0,0,0,0,0
SMLSEL.BSE_IDX,01/07/2025,12:23:17,8236.65,0,0,0,0,0,0
SMLSEL.BSE_IDX,01/07/2025,12:23:25,8236.5,0,0,0,0,0,0
SMLSEL.BSE_IDX,01/07/2025,12:23:33,8236.06,0,0,0,0,0,0
SMLSEL.BSE_IDX,01/07/2025,12:23:41,8236.57,0,0,0,0,0,0
SMLSEL.BSE_IDX,01/07/2025,12:23:49,8236.41,0,0,0,0,0,0
SMLSEL.BSE_IDX,01/07/2025,12:23:57,8236.83,0,0,0,0,0,0
SMLSEL.BSE_IDX,01/07/2025,12:24:05,8237.37,0,0,0,0,0,0
SMLSEL.BSE_IDX,01/07/2025,12:24:13,8237.74,0,0,0,0,0,0
SMLSEL.BSE_IDX,01/07/2025,12:24:21,8237.62,0,0,0,0,0,0
SMLSEL.BSE_IDX,01/07/2025,12:24:29,8237.63,0,0,0,0,0,0
SMLSEL.BSE_IDX,01/07/2025,12:24:37,8237.41,0,0,0,0,0,0
SMLSEL.BSE_IDX,01/07/2025,12:24:45,8237.72,0,0,0,0,0,0
SMLSEL.BSE_IDX,01/07/2025,12:24:53,8237.78,0,0,0,0,0,0
SMLSEL.BSE_IDX,01/07/2025,12:25:01,8237.91,0,0,0,0,0,0
SMLSEL.BSE_IDX,01/07/2025,12:25:09,8237.75,0,0,0,0,0,0
SMLSEL.BSE_IDX,01/07/2025,12:25:17,8237.64,0,0,0,0,0,0
SMLSEL.BSE_IDX,01/07/2025,12:25:25,8238.03,0,0,0,0,0,0
SMLSEL.BSE_IDX,01/07/2025,12:25:33,8238.13,0,0,0,0,0,0
SMLSEL.BSE_IDX,01/07/2025,12:25:41,8238.09,0,0,0,0,0,0
SMLSEL.BSE_IDX,01/07/2025,12:25:49,8238.08,0,0,0,0,0,0
SMLSEL.BSE_IDX,01/07/2025,12:25:57,8237.89,0,0,0,0,0,0
SMLSEL.BSE_IDX,01/07/2025,12:26:05,8237.74,0,0,0,0,0,0
SMLSEL.BSE_IDX,01/07/2025,12:26:13,8237.75,0,0,0,0,0,0
SMLSEL.BSE_IDX,01/07/2025,12:26:21,8238.14,0,0,0,0,0,0
SMLSEL.BSE_IDX,01/07/2025,12:26:31,8238.52,0,0,0,0,0,0
SMLSEL.BSE_IDX,01/07/2025,12:26:37,8238.1,0,0,0,0,0,0
SMLSEL.BSE_IDX,01/07/2025,12:26:45,8238.05,0,0,0,0,0,0
SMLSEL.BSE_IDX,01/07/2025,12:26:53,8237.99,0,0,0,0,0,0
SMLSEL.BSE_IDX,01/07/2025,12:27:01,8237.87,0,0,0,0,0,0
SMLSEL.BSE_IDX,01/07/2025,12:27:09,8237.5,0,0,0,0,0,0
SMLSEL.BSE_IDX,01/07/2025,12:27:17,8237.05,0,0,0,0,0,0
SMLSEL.BSE_IDX,01/07/2025,12:27:25,8237,0,0,0,0,0,0
SMLSEL.BSE_IDX,01/07/2025,12:27:33,8237.3,0,0,0,0,0,0
SMLSEL.BSE_IDX,01/07/2025,12:27:41,8236.77,0,0,0,0,0,0
SMLSEL.BSE_IDX,01/07/2025,12:27:49,8236.68,0,0,0,0,0,0
SMLSEL.BSE_IDX,01/07/2025,12:27:57,8237.87,0,0,0,0,0,0
SMLSEL.BSE_IDX,01/07/2025,12:28:05,8237.72,0,0,0,0,0,0
SMLSEL.BSE_IDX,01/07/2025,12:28:13,8238.12,0,0,0,0,0,0
SMLSEL.BSE_IDX,01/07/2025,12:28:21,8238.35,0,0,0,0,0,0
SMLSEL.BSE_IDX,01/07/2025,12:28:29,8238.11,0,0,0,0,0,0
SMLSEL.BSE_IDX,01/07/2025,12:28:37,8237.92,0,0,0,0,0,0
SMLSEL.BSE_IDX,01/07/2025,12:28:45,8237.84,0,0,0,0,0,0
SMLSEL.BSE_IDX,01/07/2025,12:28:53,8237.66,0,0,0,0,0,0
SMLSEL.BSE_IDX,01/07/2025,12:29:01,8237.61,0,0,0,0,0,0
SMLSEL.BSE_IDX,01/07/2025,12:29:10,8237.53,0,0,0,0,0,0
SMLSEL.BSE_IDX,01/07/2025,12:29:18,8237.76,0,0,0,0,0,0
SMLSEL.BSE_IDX,01/07/2025,12:29:25,8237.95,0,0,0,0,0,0
SMLSEL.BSE_IDX,01/07/2025,12:29:33,8238.43,0,0,0,0,0,0
SMLSEL.BSE_IDX,01/07/2025,12:29:41,8238.16,0,0,0,0,0,0
SMLSEL.BSE_IDX,01/07/2025,12:29:49,8237.88,0,0,0,0,0,0
SMLSEL.BSE_IDX,01/07/2025,12:29:57,8237.37,0,0,0,0,0,0
SMLSEL.BSE_IDX,01/07/2025,12:30:05,8237.63,0,0,0,0,0,0
SMLSEL.BSE_IDX,01/07/2025,12:30:13,8237.56,0,0,0,0,0,0
SMLSEL.BSE_IDX,01/07/2025,12:30:22,8237.75,0,0,0,0,0,0
SMLSEL.BSE_IDX,01/07/2025,12:30:29,8237.73,0,0,0,0,0,0
SMLSEL.BSE_IDX,01/07/2025,12:30:37,8238.2,0,0,0,0,0,0
SMLSEL.BSE_IDX,01/07/2025,12:30:45,8238.68,0,0,0,0,0,0
SMLSEL.BSE_IDX,01/07/2025,12:30:53,8238.54,0,0,0,0,0,0
SMLSEL.BSE_IDX,01/07/2025,12:31:01,8238.24,0,0,0,0,0,0
SMLSEL.BSE_IDX,01/07/2025,12:31:09,8238.53,0,0,0,0,0,0
SMLSEL.BSE_IDX,01/07/2025,12:31:17,8237.89,0,0,0,0,0,0
SMLSEL.BSE_IDX,01/07/2025,12:31:25,8238.17,0,0,0,0,0,0
SMLSEL.BSE_IDX,01/07/2025,12:31:34,8238.07,0,0,0,0,0,0
SMLSEL.BSE_IDX,01/07/2025,12:31:41,8237.83,0,0,0,0,0,0
SMLSEL.BSE_IDX,01/07/2025,12:31:49,8237.67,0,0,0,0,0,0
SMLSEL.BSE_IDX,01/07/2025,12:31:57,8237.7,0,0,0,0,0,0
SMLSEL.BSE_IDX,01/07/2025,12:32:05,8237.63,0,0,0,0,0,0
SMLSEL.BSE_IDX,01/07/2025,12:32:13,8237.99,0,0,0,0,0,0
SMLSEL.BSE_IDX,01/07/2025,12:32:21,8238.03,0,0,0,0,0,0
SMLSEL.BSE_IDX,01/07/2025,12:32:29,8238.43,0,0,0,0,0,0
SMLSEL.BSE_IDX,01/07/2025,12:32:37,8237.28,0,0,0,0,0,0
SMLSEL.BSE_IDX,01/07/2025,12:32:45,8237.33,0,0,0,0,0,0
SMLSEL.BSE_IDX,01/07/2025,12:32:53,8236.38,0,0,0,0,0,0
SMLSEL.BSE_IDX,01/07/2025,12:33:01,8236.05,0,0,0,0,0,0
SMLSEL.BSE_IDX,01/07/2025,12:33:09,8235.99,0,0,0,0,0,0
SMLSEL.BSE_IDX,01/07/2025,12:33:17,8236.16,0,0,0,0,0,0
SMLSEL.BSE_IDX,01/07/2025,12:33:26,8236.67,0,0,0,0,0,0
SMLSEL.BSE_IDX,01/07/2025,12:33:33,8236.19,0,0,0,0,0,0
SMLSEL.BSE_IDX,01/07/2025,12:33:41,8236.88,0,0,0,0,0,0
SMLSEL.BSE_IDX,01/07/2025,12:33:49,8236.87,0,0,0,0,0,0
SMLSEL.BSE_IDX,01/07/2025,12:33:57,8237.12,0,0,0,0,0,0
SMLSEL.BSE_IDX,01/07/2025,12:34:05,8236.87,0,0,0,0,0,0
SMLSEL.BSE_IDX,01/07/2025,12:34:13,8237.22,0,0,0,0,0,0
SMLSEL.BSE_IDX,01/07/2025,12:34:21,8237.07,0,0,0,0,0,0
SMLSEL.BSE_IDX,01/07/2025,12:34:29,8237.07,0,0,0,0,0,0
SMLSEL.BSE_IDX,01/07/2025,12:34:37,8236.47,0,0,0,0,0,0
SMLSEL.BSE_IDX,01/07/2025,12:34:45,8236.58,0,0,0,0,0,0
SMLSEL.BSE_IDX,01/07/2025,12:34:53,8236.74,0,0,0,0,0,0
SMLSEL.BSE_IDX,01/07/2025,12:35:01,8236.69,0,0,0,0,0,0
SMLSEL.BSE_IDX,01/07/2025,12:35:09,8236.53,0,0,0,0,0,0
SMLSEL.BSE_IDX,01/07/2025,12:35:17,8237.02,0,0,0,0,0,0
SMLSEL.BSE_IDX,01/07/2025,12:35:25,8236.95,0,0,0,0,0,0
SMLSEL.BSE_IDX,01/07/2025,12:35:33,8236.7,0,0,0,0,0,0
SMLSEL.BSE_IDX,01/07/2025,12:35:41,8236.63,0,0,0,0,0,0
SMLSEL.BSE_IDX,01/07/2025,12:35:49,8237.71,0,0,0,0,0,0
SMLSEL.BSE_IDX,01/07/2025,12:35:57,8238.05,0,0,0,0,0,0
SMLSEL.BSE_IDX,01/07/2025,12:36:05,8238.01,0,0,0,0,0,0
SMLSEL.BSE_IDX,01/07/2025,12:36:13,8237.79,0,0,0,0,0,0
SMLSEL.BSE_IDX,01/07/2025,12:36:21,8237.93,0,0,0,0,0,0
SMLSEL.BSE_IDX,01/07/2025,12:36:29,8238.29,0,0,0,0,0,0
SMLSEL.BSE_IDX,01/07/2025,12:36:37,8238.31,0,0,0,0,0,0
SMLSEL.BSE_IDX,01/07/2025,12:36:45,8238.38,0,0,0,0,0,0
SMLSEL.BSE_IDX,01/07/2025,12:36:53,8238.32,0,0,0,0,0,0
SMLSEL.BSE_IDX,01/07/2025,12:37:01,8238.37,0,0,0,0,0,0
SMLSEL.BSE_IDX,01/07/2025,12:37:09,8238.6,0,0,0,0,0,0
SMLSEL.BSE_IDX,01/07/2025,12:37:17,8238.24,0,0,0,0,0,0
SMLSEL.BSE_IDX,01/07/2025,12:37:25,8237.66,0,0,0,0,0,0
SMLSEL.BSE_IDX,01/07/2025,12:37:33,8237.29,0,0,0,0,0,0
SMLSEL.BSE_IDX,01/07/2025,12:37:41,8237.09,0,0,0,0,0,0
SMLSEL.BSE_IDX,01/07/2025,12:37:49,8236.85,0,0,0,0,0,0
SMLSEL.BSE_IDX,01/07/2025,12:37:57,8236.46,0,0,0,0,0,0
SMLSEL.BSE_IDX,01/07/2025,12:38:05,8236.54,0,0,0,0,0,0
SMLSEL.BSE_IDX,01/07/2025,12:38:13,8236.76,0,0,0,0,0,0
SMLSEL.BSE_IDX,01/07/2025,12:38:22,8236.97,0,0,0,0,0,0
SMLSEL.BSE_IDX,01/07/2025,12:38:29,8237.22,0,0,0,0,0,0
SMLSEL.BSE_IDX,01/07/2025,12:38:39,8236.38,0,0,0,0,0,0
SMLSEL.BSE_IDX,01/07/2025,12:38:45,8236.75,0,0,0,0,0,0
SMLSEL.BSE_IDX,01/07/2025,12:38:53,8237.35,0,0,0,0,0,0
SMLSEL.BSE_IDX,01/07/2025,12:39:01,8237.51,0,0,0,0,0,0
SMLSEL.BSE_IDX,01/07/2025,12:39:10,8237.57,0,0,0,0,0,0
SMLSEL.BSE_IDX,01/07/2025,12:39:17,8237.73,0,0,0,0,0,0
SMLSEL.BSE_IDX,01/07/2025,12:39:25,8237.11,0,0,0,0,0,0
SMLSEL.BSE_IDX,01/07/2025,12:39:34,8236.82,0,0,0,0,0,0
SMLSEL.BSE_IDX,01/07/2025,12:39:42,8236.81,0,0,0,0,0,0
SMLSEL.BSE_IDX,01/07/2025,12:39:49,8237.49,0,0,0,0,0,0
SMLSEL.BSE_IDX,01/07/2025,12:39:57,8236.88,0,0,0,0,0,0
SMLSEL.BSE_IDX,01/07/2025,12:40:05,8236.76,0,0,0,0,0,0
SMLSEL.BSE_IDX,01/07/2025,12:40:14,8236.91,0,0,0,0,0,0
SMLSEL.BSE_IDX,01/07/2025,12:40:21,8237.87,0,0,0,0,0,0
SMLSEL.BSE_IDX,01/07/2025,12:40:29,8237.65,0,0,0,0,0,0
SMLSEL.BSE_IDX,01/07/2025,12:40:37,8237.47,0,0,0,0,0,0
SMLSEL.BSE_IDX,01/07/2025,12:40:45,8237.84,0,0,0,0,0,0
SMLSEL.BSE_IDX,01/07/2025,12:40:54,8237.68,0,0,0,0,0,0
SMLSEL.BSE_IDX,01/07/2025,12:41:01,8237.54,0,0,0,0,0,0
SMLSEL.BSE_IDX,01/07/2025,12:41:09,8237.18,0,0,0,0,0,0
SMLSEL.BSE_IDX,01/07/2025,12:41:17,8236.64,0,0,0,0,0,0
SMLSEL.BSE_IDX,01/07/2025,12:41:25,8236.49,0,0,0,0,0,0
SMLSEL.BSE_IDX,01/07/2025,12:41:33,8236.63,0,0,0,0,0,0
SMLSEL.BSE_IDX,01/07/2025,12:41:41,8236.88,0,0,0,0,0,0
SMLSEL.BSE_IDX,01/07/2025,12:41:49,8236.91,0,0,0,0,0,0
SMLSEL.BSE_IDX,01/07/2025,12:41:57,8237.38,0,0,0,0,0,0
SMLSEL.BSE_IDX,01/07/2025,12:42:05,8237.04,0,0,0,0,0,0
SMLSEL.BSE_IDX,01/07/2025,12:42:13,8237.13,0,0,0,0,0,0
SMLSEL.BSE_IDX,01/07/2025,12:42:21,8237.31,0,0,0,0,0,0
SMLSEL.BSE_IDX,01/07/2025,12:42:29,8236.55,0,0,0,0,0,0
SMLSEL.BSE_IDX,01/07/2025,12:42:37,8236.36,0,0,0,0,0,0
SMLSEL.BSE_IDX,01/07/2025,12:42:45,8236.64,0,0,0,0,0,0
SMLSEL.BSE_IDX,01/07/2025,12:42:53,8236.32,0,0,0,0,0,0
SMLSEL.BSE_IDX,01/07/2025,12:43:01,8236.35,0,0,0,0,0,0
SMLSEL.BSE_IDX,01/07/2025,12:43:10,8236.11,0,0,0,0,0,0
SMLSEL.BSE_IDX,01/07/2025,12:43:17,8236.02,0,0,0,0,0,0
SMLSEL.BSE_IDX,01/07/2025,12:43:26,8235.55,0,0,0,0,0,0
SMLSEL.BSE_IDX,01/07/2025,12:43:33,8235.91,0,0,0,0,0,0
SMLSEL.BSE_IDX,01/07/2025,12:43:41,8235.24,0,0,0,0,0,0
SMLSEL.BSE_IDX,01/07/2025,12:43:49,8235.1,0,0,0,0,0,0
SMLSEL.BSE_IDX,01/07/2025,12:43:58,8234.76,0,0,0,0,0,0
SMLSEL.BSE_IDX,01/07/2025,12:44:05,8234.5,0,0,0,0,0,0
SMLSEL.BSE_IDX,01/07/2025,12:44:14,8233.54,0,0,0,0,0,0
SMLSEL.BSE_IDX,01/07/2025,12:44:21,8233.43,0,0,0,0,0,0
SMLSEL.BSE_IDX,01/07/2025,12:44:29,8233.18,0,0,0,0,0,0
SMLSEL.BSE_IDX,01/07/2025,12:44:38,8232.96,0,0,0,0,0,0
SMLSEL.BSE_IDX,01/07/2025,12:44:45,8232.46,0,0,0,0,0,0
SMLSEL.BSE_IDX,01/07/2025,12:44:53,8232.5,0,0,0,0,0,0
SMLSEL.BSE_IDX,01/07/2025,12:45:01,8232.43,0,0,0,0,0,0
SMLSEL.BSE_IDX,01/07/2025,12:45:11,8232.55,0,0,0,0,0,0
SMLSEL.BSE_IDX,01/07/2025,12:45:17,8231.83,0,0,0,0,0,0
SMLSEL.BSE_IDX,01/07/2025,12:45:25,8232.16,0,0,0,0,0,0
SMLSEL.BSE_IDX,01/07/2025,12:45:34,8231.79,0,0,0,0,0,0
SMLSEL.BSE_IDX,01/07/2025,12:45:42,8231.46,0,0,0,0,0,0
SMLSEL.BSE_IDX,01/07/2025,12:45:50,8231.38,0,0,0,0,0,0
SMLSEL.BSE_IDX,01/07/2025,12:45:58,8231.51,0,0,0,0,0,0
SMLSEL.BSE_IDX,01/07/2025,12:46:06,8230.77,0,0,0,0,0,0
SMLSEL.BSE_IDX,01/07/2025,12:46:14,8230.26,0,0,0,0,0,0
SMLSEL.BSE_IDX,01/07/2025,12:46:22,8230.13,0,0,0,0,0,0
SMLSEL.BSE_IDX,01/07/2025,12:46:30,8229.43,0,0,0,0,0,0
SMLSEL.BSE_IDX,01/07/2025,12:46:38,8229.06,0,0,0,0,0,0
SMLSEL.BSE_IDX,01/07/2025,12:46:46,8228.51,0,0,0,0,0,0
SMLSEL.BSE_IDX,01/07/2025,12:46:54,8228.78,0,0,0,0,0,0
SMLSEL.BSE_IDX,01/07/2025,12:47:02,8229.48,0,0,0,0,0,0
SMLSEL.BSE_IDX,01/07/2025,12:47:10,8229.27,0,0,0,0,0,0
SMLSEL.BSE_IDX,01/07/2025,12:47:18,8228.76,0,0,0,0,0,0
SMLSEL.BSE_IDX,01/07/2025,12:47:26,8228.91,0,0,0,0,0,0
SMLSEL.BSE_IDX,01/07/2025,12:47:34,8228.03,0,0,0,0,0,0
SMLSEL.BSE_IDX,01/07/2025,12:47:42,8227.42,0,0,0,0,0,0
SMLSEL.BSE_IDX,01/07/2025,12:47:50,8227.9,0,0,0,0,0,0
SMLSEL.BSE_IDX,01/07/2025,12:47:58,8227.94,0,0,0,0,0,0
SMLSEL.BSE_IDX,01/07/2025,12:48:06,8227.43,0,0,0,0,0,0
SMLSEL.BSE_IDX,01/07/2025,12:48:14,8227.61,0,0,0,0,0,0
SMLSEL.BSE_IDX,01/07/2025,12:48:22,8226.51,0,0,0,0,0,0
SMLSEL.BSE_IDX,01/07/2025,12:48:30,8226.48,0,0,0,0,0,0
SMLSEL.BSE_IDX,01/07/2025,12:48:38,8226.49,0,0,0,0,0,0
SMLSEL.BSE_IDX,01/07/2025,12:48:46,8226.75,0,0,0,0,0,0
SMLSEL.BSE_IDX,01/07/2025,12:48:54,8226.49,0,0,0,0,0,0
SMLSEL.BSE_IDX,01/07/2025,12:49:02,8226.8,0,0,0,0,0,0
SMLSEL.BSE_IDX,01/07/2025,12:49:10,8226.84,0,0,0,0,0,0
SMLSEL.BSE_IDX,01/07/2025,12:49:18,8226.62,0,0,0,0,0,0
SMLSEL.BSE_IDX,01/07/2025,12:49:26,8227.26,0,0,0,0,0,0
SMLSEL.BSE_IDX,01/07/2025,12:49:34,8227.16,0,0,0,0,0,0
SMLSEL.BSE_IDX,01/07/2025,12:49:42,8227.36,0,0,0,0,0,0
SMLSEL.BSE_IDX,01/07/2025,12:49:50,8227.06,0,0,0,0,0,0
SMLSEL.BSE_IDX,01/07/2025,12:49:58,8227.48,0,0,0,0,0,0
SMLSEL.BSE_IDX,01/07/2025,12:50:06,8227.29,0,0,0,0,0,0
SMLSEL.BSE_IDX,01/07/2025,12:50:14,8227.66,0,0,0,0,0,0
SMLSEL.BSE_IDX,01/07/2025,12:50:22,8227.98,0,0,0,0,0,0
SMLSEL.BSE_IDX,01/07/2025,12:50:30,8228.04,0,0,0,0,0,0
SMLSEL.BSE_IDX,01/07/2025,12:50:38,8228.23,0,0,0,0,0,0
SMLSEL.BSE_IDX,01/07/2025,12:50:47,8228.77,0,0,0,0,0,0
SMLSEL.BSE_IDX,01/07/2025,12:50:54,8229.3,0,0,0,0,0,0
SMLSEL.BSE_IDX,01/07/2025,12:51:02,8229.58,0,0,0,0,0,0
SMLSEL.BSE_IDX,01/07/2025,12:51:10,8229.37,0,0,0,0,0,0
SMLSEL.BSE_IDX,01/07/2025,12:51:19,8229.76,0,0,0,0,0,0
SMLSEL.BSE_IDX,01/07/2025,12:51:26,8229.69,0,0,0,0,0,0
SMLSEL.BSE_IDX,01/07/2025,12:51:34,8229.16,0,0,0,0,0,0
SMLSEL.BSE_IDX,01/07/2025,12:51:42,8229.27,0,0,0,0,0,0
SMLSEL.BSE_IDX,01/07/2025,12:51:50,8228.92,0,0,0,0,0,0
SMLSEL.BSE_IDX,01/07/2025,12:51:58,8228.69,0,0,0,0,0,0
SMLSEL.BSE_IDX,01/07/2025,12:52:06,8229.26,0,0,0,0,0,0
SMLSEL.BSE_IDX,01/07/2025,12:52:14,8229.36,0,0,0,0,0,0
SMLSEL.BSE_IDX,01/07/2025,12:52:22,8229.01,0,0,0,0,0,0
SMLSEL.BSE_IDX,01/07/2025,12:52:30,8228.98,0,0,0,0,0,0
SMLSEL.BSE_IDX,01/07/2025,12:52:38,8229.01,0,0,0,0,0,0
SMLSEL.BSE_IDX,01/07/2025,12:52:46,8228.89,0,0,0,0,0,0
SMLSEL.BSE_IDX,01/07/2025,12:52:54,8228.62,0,0,0,0,0,0
SMLSEL.BSE_IDX,01/07/2025,12:53:02,8228.99,0,0,0,0,0,0
SMLSEL.BSE_IDX,01/07/2025,12:53:10,8228.78,0,0,0,0,0,0
SMLSEL.BSE_IDX,01/07/2025,12:53:18,8228.91,0,0,0,0,0,0
SMLSEL.BSE_IDX,01/07/2025,12:53:26,8228.63,0,0,0,0,0,0
SMLSEL.BSE_IDX,01/07/2025,12:53:34,8228.75,0,0,0,0,0,0
SMLSEL.BSE_IDX,01/07/2025,12:53:42,8228.57,0,0,0,0,0,0
SMLSEL.BSE_IDX,01/07/2025,12:53:50,8228.32,0,0,0,0,0,0
SMLSEL.BSE_IDX,01/07/2025,12:53:58,8228.71,0,0,0,0,0,0
SMLSEL.BSE_IDX,01/07/2025,12:54:06,8229.08,0,0,0,0,0,0
SMLSEL.BSE_IDX,01/07/2025,12:54:14,8228.76,0,0,0,0,0,0
SMLSEL.BSE_IDX,01/07/2025,12:54:22,8228.22,0,0,0,0,0,0
SMLSEL.BSE_IDX,01/07/2025,12:54:30,8227.95,0,0,0,0,0,0
SMLSEL.BSE_IDX,01/07/2025,12:54:38,8227.85,0,0,0,0,0,0
SMLSEL.BSE_IDX,01/07/2025,12:54:46,8227.92,0,0,0,0,0,0
SMLSEL.BSE_IDX,01/07/2025,12:54:54,8227.67,0,0,0,0,0,0
SMLSEL.BSE_IDX,01/07/2025,12:55:02,8227.68,0,0,0,0,0,0
SMLSEL.BSE_IDX,01/07/2025,12:55:10,8228.07,0,0,0,0,0,0
SMLSEL.BSE_IDX,01/07/2025,12:55:18,8225.89,0,0,0,0,0,0
SMLSEL.BSE_IDX,01/07/2025,12:55:26,8226.46,0,0,0,0,0,0
SMLSEL.BSE_IDX,01/07/2025,12:55:34,8226.43,0,0,0,0,0,0
SMLSEL.BSE_IDX,01/07/2025,12:55:42,8226.43,0,0,0,0,0,0
SMLSEL.BSE_IDX,01/07/2025,12:55:50,8226.59,0,0,0,0,0,0
SMLSEL.BSE_IDX,01/07/2025,12:55:58,8225.57,0,0,0,0,0,0
SMLSEL.BSE_IDX,01/07/2025,12:56:06,8225.77,0,0,0,0,0,0
SMLSEL.BSE_IDX,01/07/2025,12:56:15,8225.78,0,0,0,0,0,0
SMLSEL.BSE_IDX,01/07/2025,12:56:22,8225.33,0,0,0,0,0,0
SMLSEL.BSE_IDX,01/07/2025,12:56:30,8225.44,0,0,0,0,0,0
SMLSEL.BSE_IDX,01/07/2025,12:56:38,8225.86,0,0,0,0,0,0
SMLSEL.BSE_IDX,01/07/2025,12:56:46,8225.78,0,0,0,0,0,0
SMLSEL.BSE_IDX,01/07/2025,12:56:54,8225.61,0,0,0,0,0,0
SMLSEL.BSE_IDX,01/07/2025,12:57:02,8225,0,0,0,0,0,0
SMLSEL.BSE_IDX,01/07/2025,12:57:10,8224.44,0,0,0,0,0,0
SMLSEL.BSE_IDX,01/07/2025,12:57:18,8224.29,0,0,0,0,0,0
SMLSEL.BSE_IDX,01/07/2025,12:57:26,8223.99,0,0,0,0,0,0
SMLSEL.BSE_IDX,01/07/2025,12:57:34,8223.64,0,0,0,0,0,0
SMLSEL.BSE_IDX,01/07/2025,12:57:42,8223.56,0,0,0,0,0,0
SMLSEL.BSE_IDX,01/07/2025,12:57:51,8223.19,0,0,0,0,0,0
SMLSEL.BSE_IDX,01/07/2025,12:57:58,8223.61,0,0,0,0,0,0
SMLSEL.BSE_IDX,01/07/2025,12:58:06,8223.24,0,0,0,0,0,0
SMLSEL.BSE_IDX,01/07/2025,12:58:14,8223.89,0,0,0,0,0,0
SMLSEL.BSE_IDX,01/07/2025,12:58:22,8223.68,0,0,0,0,0,0
SMLSEL.BSE_IDX,01/07/2025,12:58:30,8223.25,0,0,0,0,0,0
