Ticker,Date,Time,LTP,BuyPrice,BuyQty,SellPrice,SellQty,LTQ,OpenInterest
SNSX50.BSE_IDX,01/07/2025,09:00:00,26653.7,0,0,0,0,0,0
SNSX50.BSE_IDX,01/07/2025,09:00:01,26847.72,0,0,0,0,0,0
SNSX50.BSE_IDX,01/07/2025,09:00:02,26886.42,0,0,0,0,0,0
SNSX50.BSE_IDX,01/07/2025,09:00:03,26970.12,0,0,0,0,0,0
SNSX50.BSE_IDX,01/07/2025,09:00:04,26849.47,0,0,0,0,0,0
SNSX50.BSE_IDX,01/07/2025,09:00:05,26831.37,0,0,0,0,0,0
SNSX50.BSE_IDX,01/07/2025,09:00:06,26819.74,0,0,0,0,0,0
SNSX50.BSE_IDX,01/07/2025,09:00:07,26795.64,0,0,0,0,0,0
SNSX50.BSE_IDX,01/07/2025,09:00:08,26827.1,0,0,0,0,0,0
SNSX50.BSE_IDX,01/07/2025,09:00:09,26813.35,0,0,0,0,0,0
SNSX50.BSE_IDX,01/07/2025,09:00:10,26815.21,0,0,0,0,0,0
SNSX50.BSE_IDX,01/07/2025,09:00:11,26811.35,0,0,0,0,0,0
SNSX50.BSE_IDX,01/07/2025,09:00:12,26831.27,0,0,0,0,0,0
SNSX50.BSE_IDX,01/07/2025,09:00:13,26804.13,0,0,0,0,0,0
SNSX50.BSE_IDX,01/07/2025,09:00:14,26795.49,0,0,0,0,0,0
SNSX50.BSE_IDX,01/07/2025,09:00:15,26797.93,0,0,0,0,0,0
SNSX50.BSE_IDX,01/07/2025,09:00:16,26793.62,0,0,0,0,0,0
SNSX50.BSE_IDX,01/07/2025,09:00:17,26787.25,0,0,0,0,0,0
SNSX50.BSE_IDX,01/07/2025,09:00:18,26791.88,0,0,0,0,0,0
SNSX50.BSE_IDX,01/07/2025,09:00:19,26782.53,0,0,0,0,0,0
SNSX50.BSE_IDX,01/07/2025,09:00:20,26780.06,0,0,0,0,0,0
SNSX50.BSE_IDX,01/07/2025,09:00:21,26775.33,0,0,0,0,0,0
SNSX50.BSE_IDX,01/07/2025,09:00:22,26775.39,0,0,0,0,0,0
SNSX50.BSE_IDX,01/07/2025,09:00:23,26778.95,0,0,0,0,0,0
SNSX50.BSE_IDX,01/07/2025,09:00:24,26778.95,0,0,0,0,0,0
SNSX50.BSE_IDX,01/07/2025,09:00:25,26784.59,0,0,0,0,0,0
SNSX50.BSE_IDX,01/07/2025,09:00:26,26785.47,0,0,0,0,0,0
SNSX50.BSE_IDX,01/07/2025,09:00:27,26785.47,0,0,0,0,0,0
SNSX50.BSE_IDX,01/07/2025,09:00:28,26785.47,0,0,0,0,0,0
SNSX50.BSE_IDX,01/07/2025,09:00:29,26792.15,0,0,0,0,0,0
SNSX50.BSE_IDX,01/07/2025,09:00:30,26792.97,0,0,0,0,0,0
SNSX50.BSE_IDX,01/07/2025,09:00:31,26793.85,0,0,0,0,0,0
SNSX50.BSE_IDX,01/07/2025,09:00:32,26793.4,0,0,0,0,0,0
SNSX50.BSE_IDX,01/07/2025,09:00:33,26795.33,0,0,0,0,0,0
SNSX50.BSE_IDX,01/07/2025,09:00:34,26768.57,0,0,0,0,0,0
SNSX50.BSE_IDX,01/07/2025,09:00:35,26759.37,0,0,0,0,0,0
SNSX50.BSE_IDX,01/07/2025,09:00:36,26763.28,0,0,0,0,0,0
SNSX50.BSE_IDX,01/07/2025,09:00:37,26763.28,0,0,0,0,0,0
SNSX50.BSE_IDX,01/07/2025,09:00:38,26761.68,0,0,0,0,0,0
SNSX50.BSE_IDX,01/07/2025,09:00:39,26762.96,0,0,0,0,0,0
SNSX50.BSE_IDX,01/07/2025,09:00:40,26743.26,0,0,0,0,0,0
SNSX50.BSE_IDX,01/07/2025,09:00:41,26743.26,0,0,0,0,0,0
SNSX50.BSE_IDX,01/07/2025,09:00:42,26743.87,0,0,0,0,0,0
SNSX50.BSE_IDX,01/07/2025,09:00:43,26743.87,0,0,0,0,0,0
SNSX50.BSE_IDX,01/07/2025,09:00:44,26742.81,0,0,0,0,0,0
SNSX50.BSE_IDX,01/07/2025,09:00:45,26742.81,0,0,0,0,0,0
SNSX50.BSE_IDX,01/07/2025,09:00:46,26742.84,0,0,0,0,0,0
SNSX50.BSE_IDX,01/07/2025,09:00:47,26743.52,0,0,0,0,0,0
SNSX50.BSE_IDX,01/07/2025,09:00:48,26745.63,0,0,0,0,0,0
SNSX50.BSE_IDX,01/07/2025,09:00:49,26744.01,0,0,0,0,0,0
SNSX50.BSE_IDX,01/07/2025,09:00:50,26744.59,0,0,0,0,0,0
SNSX50.BSE_IDX,01/07/2025,09:00:51,26744.59,0,0,0,0,0,0
SNSX50.BSE_IDX,01/07/2025,09:00:52,26744.59,0,0,0,0,0,0
SNSX50.BSE_IDX,01/07/2025,09:00:53,26744.59,0,0,0,0,0,0
SNSX50.BSE_IDX,01/07/2025,09:00:54,26744.59,0,0,0,0,0,0
SNSX50.BSE_IDX,01/07/2025,09:00:55,26744.59,0,0,0,0,0,0
SNSX50.BSE_IDX,01/07/2025,09:00:56,26744.89,0,0,0,0,0,0
SNSX50.BSE_IDX,01/07/2025,09:00:57,26746.02,0,0,0,0,0,0
SNSX50.BSE_IDX,01/07/2025,09:00:58,26743.83,0,0,0,0,0,0
SNSX50.BSE_IDX,01/07/2025,09:00:59,26743.33,0,0,0,0,0,0
SNSX50.BSE_IDX,01/07/2025,09:01:00,26740.82,0,0,0,0,0,0
SNSX50.BSE_IDX,01/07/2025,09:01:01,26740.87,0,0,0,0,0,0
SNSX50.BSE_IDX,01/07/2025,09:01:02,26742.33,0,0,0,0,0,0
SNSX50.BSE_IDX,01/07/2025,09:01:03,26742.82,0,0,0,0,0,0
SNSX50.BSE_IDX,01/07/2025,09:01:04,26742.82,0,0,0,0,0,0
SNSX50.BSE_IDX,01/07/2025,09:01:05,26743.68,0,0,0,0,0,0
SNSX50.BSE_IDX,01/07/2025,09:01:06,26743.68,0,0,0,0,0,0
SNSX50.BSE_IDX,01/07/2025,09:01:07,26740.91,0,0,0,0,0,0
SNSX50.BSE_IDX,01/07/2025,09:01:08,26740.91,0,0,0,0,0,0
SNSX50.BSE_IDX,01/07/2025,09:01:09,26740.56,0,0,0,0,0,0
SNSX50.BSE_IDX,01/07/2025,09:01:10,26740.56,0,0,0,0,0,0
SNSX50.BSE_IDX,01/07/2025,09:01:11,26740.56,0,0,0,0,0,0
SNSX50.BSE_IDX,01/07/2025,09:01:12,26740.56,0,0,0,0,0,0
SNSX50.BSE_IDX,01/07/2025,09:01:13,26740.56,0,0,0,0,0,0
SNSX50.BSE_IDX,01/07/2025,09:01:14,26740.56,0,0,0,0,0,0
SNSX50.BSE_IDX,01/07/2025,09:01:15,26740.56,0,0,0,0,0,0
SNSX50.BSE_IDX,01/07/2025,09:01:16,26740.56,0,0,0,0,0,0
SNSX50.BSE_IDX,01/07/2025,09:01:17,26740.56,0,0,0,0,0,0
SNSX50.BSE_IDX,01/07/2025,09:01:18,26740.56,0,0,0,0,0,0
SNSX50.BSE_IDX,01/07/2025,09:01:19,26742.34,0,0,0,0,0,0
SNSX50.BSE_IDX,01/07/2025,09:01:21,26742.34,0,0,0,0,0,0
SNSX50.BSE_IDX,01/07/2025,09:01:21,26742.34,0,0,0,0,0,0
SNSX50.BSE_IDX,01/07/2025,09:01:22,26742.34,0,0,0,0,0,0
SNSX50.BSE_IDX,01/07/2025,09:01:23,26735.36,0,0,0,0,0,0
SNSX50.BSE_IDX,01/07/2025,09:01:24,26728.14,0,0,0,0,0,0
SNSX50.BSE_IDX,01/07/2025,09:01:25,26727.48,0,0,0,0,0,0
SNSX50.BSE_IDX,01/07/2025,09:01:26,26728.49,0,0,0,0,0,0
SNSX50.BSE_IDX,01/07/2025,09:01:27,26728.49,0,0,0,0,0,0
SNSX50.BSE_IDX,01/07/2025,09:01:28,26728.49,0,0,0,0,0,0
SNSX50.BSE_IDX,01/07/2025,09:01:29,26726.28,0,0,0,0,0,0
SNSX50.BSE_IDX,01/07/2025,09:01:30,26724.66,0,0,0,0,0,0
SNSX50.BSE_IDX,01/07/2025,09:01:31,26725.68,0,0,0,0,0,0
SNSX50.BSE_IDX,01/07/2025,09:01:32,26723.63,0,0,0,0,0,0
SNSX50.BSE_IDX,01/07/2025,09:01:33,26723.63,0,0,0,0,0,0
SNSX50.BSE_IDX,01/07/2025,09:01:34,26723.63,0,0,0,0,0,0
SNSX50.BSE_IDX,01/07/2025,09:01:35,26722,0,0,0,0,0,0
SNSX50.BSE_IDX,01/07/2025,09:01:36,26722,0,0,0,0,0,0
SNSX50.BSE_IDX,01/07/2025,09:01:37,26722,0,0,0,0,0,0
SNSX50.BSE_IDX,01/07/2025,09:01:38,26722,0,0,0,0,0,0
SNSX50.BSE_IDX,01/07/2025,09:01:39,26725.47,0,0,0,0,0,0
SNSX50.BSE_IDX,01/07/2025,09:01:40,26725.47,0,0,0,0,0,0
SNSX50.BSE_IDX,01/07/2025,09:01:41,26707.72,0,0,0,0,0,0
SNSX50.BSE_IDX,01/07/2025,09:01:42,26707.72,0,0,0,0,0,0
SNSX50.BSE_IDX,01/07/2025,09:01:43,26707.72,0,0,0,0,0,0
SNSX50.BSE_IDX,01/07/2025,09:01:44,26707.72,0,0,0,0,0,0
SNSX50.BSE_IDX,01/07/2025,09:01:45,26705.82,0,0,0,0,0,0
SNSX50.BSE_IDX,01/07/2025,09:01:46,26705.82,0,0,0,0,0,0
SNSX50.BSE_IDX,01/07/2025,09:01:47,26694.17,0,0,0,0,0,0
SNSX50.BSE_IDX,01/07/2025,09:01:48,26694.17,0,0,0,0,0,0
SNSX50.BSE_IDX,01/07/2025,09:01:49,26694.17,0,0,0,0,0,0
SNSX50.BSE_IDX,01/07/2025,09:01:50,26694.17,0,0,0,0,0,0
SNSX50.BSE_IDX,01/07/2025,09:01:51,26694.28,0,0,0,0,0,0
SNSX50.BSE_IDX,01/07/2025,09:01:52,26710.96,0,0,0,0,0,0
SNSX50.BSE_IDX,01/07/2025,09:01:53,26710.96,0,0,0,0,0,0
SNSX50.BSE_IDX,01/07/2025,09:01:54,26722.62,0,0,0,0,0,0
SNSX50.BSE_IDX,01/07/2025,09:01:55,26722.62,0,0,0,0,0,0
SNSX50.BSE_IDX,01/07/2025,09:01:56,26725.16,0,0,0,0,0,0
SNSX50.BSE_IDX,01/07/2025,09:01:57,26726.91,0,0,0,0,0,0
SNSX50.BSE_IDX,01/07/2025,09:01:58,26722.03,0,0,0,0,0,0
SNSX50.BSE_IDX,01/07/2025,09:01:59,26722.03,0,0,0,0,0,0
SNSX50.BSE_IDX,01/07/2025,09:02:00,26722.03,0,0,0,0,0,0
SNSX50.BSE_IDX,01/07/2025,09:02:01,26722.03,0,0,0,0,0,0
SNSX50.BSE_IDX,01/07/2025,09:02:02,26722.03,0,0,0,0,0,0
SNSX50.BSE_IDX,01/07/2025,09:02:03,26722.03,0,0,0,0,0,0
SNSX50.BSE_IDX,01/07/2025,09:02:04,26726.9,0,0,0,0,0,0
SNSX50.BSE_IDX,01/07/2025,09:02:05,26726.9,0,0,0,0,0,0
SNSX50.BSE_IDX,01/07/2025,09:02:06,26726.9,0,0,0,0,0,0
SNSX50.BSE_IDX,01/07/2025,09:02:07,26726.9,0,0,0,0,0,0
SNSX50.BSE_IDX,01/07/2025,09:02:08,26726.42,0,0,0,0,0,0
SNSX50.BSE_IDX,01/07/2025,09:02:09,26726.42,0,0,0,0,0,0
SNSX50.BSE_IDX,01/07/2025,09:02:10,26726.42,0,0,0,0,0,0
SNSX50.BSE_IDX,01/07/2025,09:02:11,26726.36,0,0,0,0,0,0
SNSX50.BSE_IDX,01/07/2025,09:02:12,26726.36,0,0,0,0,0,0
SNSX50.BSE_IDX,01/07/2025,09:02:13,26724.39,0,0,0,0,0,0
SNSX50.BSE_IDX,01/07/2025,09:02:14,26729.29,0,0,0,0,0,0
SNSX50.BSE_IDX,01/07/2025,09:02:15,26729.29,0,0,0,0,0,0
SNSX50.BSE_IDX,01/07/2025,09:02:16,26729.29,0,0,0,0,0,0
SNSX50.BSE_IDX,01/07/2025,09:02:17,26729.29,0,0,0,0,0,0
SNSX50.BSE_IDX,01/07/2025,09:02:18,26729.29,0,0,0,0,0,0
SNSX50.BSE_IDX,01/07/2025,09:02:19,26729.29,0,0,0,0,0,0
SNSX50.BSE_IDX,01/07/2025,09:02:20,26729.29,0,0,0,0,0,0
SNSX50.BSE_IDX,01/07/2025,09:02:21,26729.29,0,0,0,0,0,0
SNSX50.BSE_IDX,01/07/2025,09:02:22,26729.29,0,0,0,0,0,0
SNSX50.BSE_IDX,01/07/2025,09:02:23,26729.29,0,0,0,0,0,0
SNSX50.BSE_IDX,01/07/2025,09:02:24,26729.29,0,0,0,0,0,0
SNSX50.BSE_IDX,01/07/2025,09:02:25,26727.16,0,0,0,0,0,0
SNSX50.BSE_IDX,01/07/2025,09:02:26,26733.41,0,0,0,0,0,0
SNSX50.BSE_IDX,01/07/2025,09:02:27,26733.41,0,0,0,0,0,0
SNSX50.BSE_IDX,01/07/2025,09:02:28,26735.54,0,0,0,0,0,0
SNSX50.BSE_IDX,01/07/2025,09:02:29,26735.85,0,0,0,0,0,0
SNSX50.BSE_IDX,01/07/2025,09:02:30,26735.96,0,0,0,0,0,0
SNSX50.BSE_IDX,01/07/2025,09:02:31,26735.96,0,0,0,0,0,0
SNSX50.BSE_IDX,01/07/2025,09:02:32,26735.96,0,0,0,0,0,0
SNSX50.BSE_IDX,01/07/2025,09:02:33,26735.96,0,0,0,0,0,0
SNSX50.BSE_IDX,01/07/2025,09:02:34,26735.85,0,0,0,0,0,0
SNSX50.BSE_IDX,01/07/2025,09:02:35,26735.85,0,0,0,0,0,0
SNSX50.BSE_IDX,01/07/2025,09:02:36,26735.85,0,0,0,0,0,0
SNSX50.BSE_IDX,01/07/2025,09:02:37,26735.85,0,0,0,0,0,0
SNSX50.BSE_IDX,01/07/2025,09:02:38,26735.85,0,0,0,0,0,0
SNSX50.BSE_IDX,01/07/2025,09:02:39,26735.85,0,0,0,0,0,0
SNSX50.BSE_IDX,01/07/2025,09:02:40,26742.3,0,0,0,0,0,0
SNSX50.BSE_IDX,01/07/2025,09:02:41,26741.28,0,0,0,0,0,0
SNSX50.BSE_IDX,01/07/2025,09:02:42,26743.48,0,0,0,0,0,0
SNSX50.BSE_IDX,01/07/2025,09:02:43,26741.55,0,0,0,0,0,0
SNSX50.BSE_IDX,01/07/2025,09:02:44,26741.55,0,0,0,0,0,0
SNSX50.BSE_IDX,01/07/2025,09:02:45,26741.55,0,0,0,0,0,0
SNSX50.BSE_IDX,01/07/2025,09:02:46,26740.33,0,0,0,0,0,0
SNSX50.BSE_IDX,01/07/2025,09:02:47,26740.33,0,0,0,0,0,0
SNSX50.BSE_IDX,01/07/2025,09:02:48,26740.33,0,0,0,0,0,0
SNSX50.BSE_IDX,01/07/2025,09:02:49,26740.33,0,0,0,0,0,0
SNSX50.BSE_IDX,01/07/2025,09:02:50,26740.33,0,0,0,0,0,0
SNSX50.BSE_IDX,01/07/2025,09:02:52,26740.29,0,0,0,0,0,0
SNSX50.BSE_IDX,01/07/2025,09:02:52,26740.29,0,0,0,0,0,0
SNSX50.BSE_IDX,01/07/2025,09:02:53,26738.13,0,0,0,0,0,0
SNSX50.BSE_IDX,01/07/2025,09:02:54,26738.13,0,0,0,0,0,0
SNSX50.BSE_IDX,01/07/2025,09:02:55,26740.56,0,0,0,0,0,0
SNSX50.BSE_IDX,01/07/2025,09:02:56,26742.62,0,0,0,0,0,0
SNSX50.BSE_IDX,01/07/2025,09:02:57,26742.62,0,0,0,0,0,0
SNSX50.BSE_IDX,01/07/2025,09:02:58,26742.62,0,0,0,0,0,0
SNSX50.BSE_IDX,01/07/2025,09:02:59,26742.62,0,0,0,0,0,0
SNSX50.BSE_IDX,01/07/2025,09:03:00,26742.62,0,0,0,0,0,0
SNSX50.BSE_IDX,01/07/2025,09:03:01,26744.09,0,0,0,0,0,0
SNSX50.BSE_IDX,01/07/2025,09:03:02,26746.42,0,0,0,0,0,0
SNSX50.BSE_IDX,01/07/2025,09:03:03,26746.42,0,0,0,0,0,0
SNSX50.BSE_IDX,01/07/2025,09:03:04,26746.42,0,0,0,0,0,0
SNSX50.BSE_IDX,01/07/2025,09:03:05,26746.09,0,0,0,0,0,0
SNSX50.BSE_IDX,01/07/2025,09:03:06,26745.75,0,0,0,0,0,0
SNSX50.BSE_IDX,01/07/2025,09:03:07,26747.51,0,0,0,0,0,0
SNSX50.BSE_IDX,01/07/2025,09:03:08,26747.51,0,0,0,0,0,0
SNSX50.BSE_IDX,01/07/2025,09:03:09,26747.51,0,0,0,0,0,0
SNSX50.BSE_IDX,01/07/2025,09:03:10,26746.81,0,0,0,0,0,0
SNSX50.BSE_IDX,01/07/2025,09:03:11,26742.27,0,0,0,0,0,0
SNSX50.BSE_IDX,01/07/2025,09:03:12,26732.07,0,0,0,0,0,0
SNSX50.BSE_IDX,01/07/2025,09:03:13,26734.22,0,0,0,0,0,0
SNSX50.BSE_IDX,01/07/2025,09:03:14,26736.75,0,0,0,0,0,0
SNSX50.BSE_IDX,01/07/2025,09:03:15,26738.63,0,0,0,0,0,0
SNSX50.BSE_IDX,01/07/2025,09:03:16,26747.45,0,0,0,0,0,0
SNSX50.BSE_IDX,01/07/2025,09:03:17,26747.45,0,0,0,0,0,0
SNSX50.BSE_IDX,01/07/2025,09:03:18,26731.88,0,0,0,0,0,0
SNSX50.BSE_IDX,01/07/2025,09:03:19,26730.79,0,0,0,0,0,0
SNSX50.BSE_IDX,01/07/2025,09:03:20,26726.74,0,0,0,0,0,0
SNSX50.BSE_IDX,01/07/2025,09:03:21,26725.51,0,0,0,0,0,0
SNSX50.BSE_IDX,01/07/2025,09:03:22,26725.11,0,0,0,0,0,0
SNSX50.BSE_IDX,01/07/2025,09:03:23,26725.11,0,0,0,0,0,0
SNSX50.BSE_IDX,01/07/2025,09:03:24,26725.18,0,0,0,0,0,0
SNSX50.BSE_IDX,01/07/2025,09:03:25,26725.18,0,0,0,0,0,0
SNSX50.BSE_IDX,01/07/2025,09:03:26,26726.03,0,0,0,0,0,0
SNSX50.BSE_IDX,01/07/2025,09:03:27,26726.03,0,0,0,0,0,0
SNSX50.BSE_IDX,01/07/2025,09:03:28,26726.03,0,0,0,0,0,0
SNSX50.BSE_IDX,01/07/2025,09:03:29,26726.03,0,0,0,0,0,0
SNSX50.BSE_IDX,01/07/2025,09:03:30,26726.65,0,0,0,0,0,0
SNSX50.BSE_IDX,01/07/2025,09:03:31,26728.4,0,0,0,0,0,0
SNSX50.BSE_IDX,01/07/2025,09:03:32,26728.57,0,0,0,0,0,0
SNSX50.BSE_IDX,01/07/2025,09:03:33,26729.34,0,0,0,0,0,0
SNSX50.BSE_IDX,01/07/2025,09:03:34,26729.34,0,0,0,0,0,0
SNSX50.BSE_IDX,01/07/2025,09:03:35,26728.49,0,0,0,0,0,0
SNSX50.BSE_IDX,01/07/2025,09:03:36,26718.02,0,0,0,0,0,0
SNSX50.BSE_IDX,01/07/2025,09:03:37,26718.14,0,0,0,0,0,0
SNSX50.BSE_IDX,01/07/2025,09:03:38,26718.14,0,0,0,0,0,0
SNSX50.BSE_IDX,01/07/2025,09:03:39,26718.14,0,0,0,0,0,0
SNSX50.BSE_IDX,01/07/2025,09:03:40,26717.4,0,0,0,0,0,0
SNSX50.BSE_IDX,01/07/2025,09:03:41,26719.92,0,0,0,0,0,0
SNSX50.BSE_IDX,01/07/2025,09:03:42,26719.92,0,0,0,0,0,0
SNSX50.BSE_IDX,01/07/2025,09:03:43,26718.87,0,0,0,0,0,0
SNSX50.BSE_IDX,01/07/2025,09:03:44,26717.65,0,0,0,0,0,0
SNSX50.BSE_IDX,01/07/2025,09:03:45,26718.7,0,0,0,0,0,0
SNSX50.BSE_IDX,01/07/2025,09:03:46,26718.7,0,0,0,0,0,0
SNSX50.BSE_IDX,01/07/2025,09:03:47,26717.29,0,0,0,0,0,0
SNSX50.BSE_IDX,01/07/2025,09:03:48,26717.29,0,0,0,0,0,0
SNSX50.BSE_IDX,01/07/2025,09:03:49,26720.95,0,0,0,0,0,0
SNSX50.BSE_IDX,01/07/2025,09:03:50,26713.74,0,0,0,0,0,0
SNSX50.BSE_IDX,01/07/2025,09:03:51,26713.55,0,0,0,0,0,0
SNSX50.BSE_IDX,01/07/2025,09:03:52,26713.55,0,0,0,0,0,0
SNSX50.BSE_IDX,01/07/2025,09:03:53,26689.26,0,0,0,0,0,0
SNSX50.BSE_IDX,01/07/2025,09:03:54,26689.26,0,0,0,0,0,0
SNSX50.BSE_IDX,01/07/2025,09:03:55,26689.17,0,0,0,0,0,0
SNSX50.BSE_IDX,01/07/2025,09:03:56,26689.17,0,0,0,0,0,0
SNSX50.BSE_IDX,01/07/2025,09:03:57,26689.92,0,0,0,0,0,0
SNSX50.BSE_IDX,01/07/2025,09:03:58,26689.92,0,0,0,0,0,0
SNSX50.BSE_IDX,01/07/2025,09:03:59,26689.92,0,0,0,0,0,0
SNSX50.BSE_IDX,01/07/2025,09:04:00,26689.92,0,0,0,0,0,0
SNSX50.BSE_IDX,01/07/2025,09:04:01,26689.92,0,0,0,0,0,0
SNSX50.BSE_IDX,01/07/2025,09:04:02,26689.92,0,0,0,0,0,0
SNSX50.BSE_IDX,01/07/2025,09:04:03,26689.92,0,0,0,0,0,0
SNSX50.BSE_IDX,01/07/2025,09:04:04,26689.92,0,0,0,0,0,0
SNSX50.BSE_IDX,01/07/2025,09:04:05,26687.7,0,0,0,0,0,0
SNSX50.BSE_IDX,01/07/2025,09:04:06,26683.53,0,0,0,0,0,0
SNSX50.BSE_IDX,01/07/2025,09:04:07,26688.36,0,0,0,0,0,0
SNSX50.BSE_IDX,01/07/2025,09:04:08,26688.36,0,0,0,0,0,0
SNSX50.BSE_IDX,01/07/2025,09:04:09,26688.16,0,0,0,0,0,0
SNSX50.BSE_IDX,01/07/2025,09:04:10,26687.5,0,0,0,0,0,0
SNSX50.BSE_IDX,01/07/2025,09:04:11,26687.35,0,0,0,0,0,0
SNSX50.BSE_IDX,01/07/2025,09:04:12,26687.24,0,0,0,0,0,0
SNSX50.BSE_IDX,01/07/2025,09:04:13,26687.24,0,0,0,0,0,0
SNSX50.BSE_IDX,01/07/2025,09:04:14,26683.63,0,0,0,0,0,0
SNSX50.BSE_IDX,01/07/2025,09:04:15,26683.39,0,0,0,0,0,0
SNSX50.BSE_IDX,01/07/2025,09:04:16,26683.22,0,0,0,0,0,0
SNSX50.BSE_IDX,01/07/2025,09:04:17,26683.22,0,0,0,0,0,0
SNSX50.BSE_IDX,01/07/2025,09:04:18,26679.82,0,0,0,0,0,0
SNSX50.BSE_IDX,01/07/2025,09:04:19,26679.04,0,0,0,0,0,0
SNSX50.BSE_IDX,01/07/2025,09:04:20,26682.44,0,0,0,0,0,0
SNSX50.BSE_IDX,01/07/2025,09:04:21,26684.75,0,0,0,0,0,0
SNSX50.BSE_IDX,01/07/2025,09:04:22,26684.75,0,0,0,0,0,0
SNSX50.BSE_IDX,01/07/2025,09:04:23,26684.86,0,0,0,0,0,0
SNSX50.BSE_IDX,01/07/2025,09:04:24,26688.29,0,0,0,0,0,0
SNSX50.BSE_IDX,01/07/2025,09:04:25,26688.72,0,0,0,0,0,0
SNSX50.BSE_IDX,01/07/2025,09:04:26,26687.73,0,0,0,0,0,0
SNSX50.BSE_IDX,01/07/2025,09:04:27,26687.73,0,0,0,0,0,0
SNSX50.BSE_IDX,01/07/2025,09:04:28,26686.56,0,0,0,0,0,0
SNSX50.BSE_IDX,01/07/2025,09:04:29,26683.16,0,0,0,0,0,0
SNSX50.BSE_IDX,01/07/2025,09:04:30,26683.16,0,0,0,0,0,0
SNSX50.BSE_IDX,01/07/2025,09:04:31,26683.16,0,0,0,0,0,0
SNSX50.BSE_IDX,01/07/2025,09:04:32,26683.16,0,0,0,0,0,0
SNSX50.BSE_IDX,01/07/2025,09:04:33,26683.16,0,0,0,0,0,0
SNSX50.BSE_IDX,01/07/2025,09:04:34,26683.16,0,0,0,0,0,0
SNSX50.BSE_IDX,01/07/2025,09:04:35,26682.55,0,0,0,0,0,0
SNSX50.BSE_IDX,01/07/2025,09:04:36,26682.55,0,0,0,0,0,0
SNSX50.BSE_IDX,01/07/2025,09:04:37,26682.55,0,0,0,0,0,0
SNSX50.BSE_IDX,01/07/2025,09:04:38,26682.64,0,0,0,0,0,0
SNSX50.BSE_IDX,01/07/2025,09:04:39,26679.17,0,0,0,0,0,0
SNSX50.BSE_IDX,01/07/2025,09:04:40,26679.17,0,0,0,0,0,0
SNSX50.BSE_IDX,01/07/2025,09:04:41,26679.17,0,0,0,0,0,0
SNSX50.BSE_IDX,01/07/2025,09:04:42,26679.17,0,0,0,0,0,0
SNSX50.BSE_IDX,01/07/2025,09:04:43,26677.97,0,0,0,0,0,0
SNSX50.BSE_IDX,01/07/2025,09:04:44,26677.95,0,0,0,0,0,0
SNSX50.BSE_IDX,01/07/2025,09:04:45,26676.84,0,0,0,0,0,0
SNSX50.BSE_IDX,01/07/2025,09:04:46,26669.53,0,0,0,0,0,0
SNSX50.BSE_IDX,01/07/2025,09:04:47,26671.9,0,0,0,0,0,0
SNSX50.BSE_IDX,01/07/2025,09:04:48,26671.9,0,0,0,0,0,0
SNSX50.BSE_IDX,01/07/2025,09:04:49,26671.89,0,0,0,0,0,0
SNSX50.BSE_IDX,01/07/2025,09:04:50,26666.83,0,0,0,0,0,0
SNSX50.BSE_IDX,01/07/2025,09:04:51,26663.05,0,0,0,0,0,0
SNSX50.BSE_IDX,01/07/2025,09:04:52,26663.05,0,0,0,0,0,0
SNSX50.BSE_IDX,01/07/2025,09:04:53,26664.75,0,0,0,0,0,0
SNSX50.BSE_IDX,01/07/2025,09:04:54,26660.49,0,0,0,0,0,0
SNSX50.BSE_IDX,01/07/2025,09:04:55,26661.71,0,0,0,0,0,0
SNSX50.BSE_IDX,01/07/2025,09:04:56,26661.71,0,0,0,0,0,0
SNSX50.BSE_IDX,01/07/2025,09:04:57,26661.71,0,0,0,0,0,0
SNSX50.BSE_IDX,01/07/2025,09:04:58,26659.72,0,0,0,0,0,0
SNSX50.BSE_IDX,01/07/2025,09:04:59,26659.78,0,0,0,0,0,0
SNSX50.BSE_IDX,01/07/2025,09:05:00,26661.71,0,0,0,0,0,0
SNSX50.BSE_IDX,01/07/2025,09:05:01,26661.71,0,0,0,0,0,0
SNSX50.BSE_IDX,01/07/2025,09:05:02,26661.51,0,0,0,0,0,0
SNSX50.BSE_IDX,01/07/2025,09:05:04,26661.47,0,0,0,0,0,0
SNSX50.BSE_IDX,01/07/2025,09:05:05,26660.85,0,0,0,0,0,0
SNSX50.BSE_IDX,01/07/2025,09:05:05,26660.85,0,0,0,0,0,0
SNSX50.BSE_IDX,01/07/2025,09:05:06,26659.48,0,0,0,0,0,0
SNSX50.BSE_IDX,01/07/2025,09:05:07,26659.39,0,0,0,0,0,0
SNSX50.BSE_IDX,01/07/2025,09:05:08,26660.55,0,0,0,0,0,0
SNSX50.BSE_IDX,01/07/2025,09:05:09,26655.11,0,0,0,0,0,0
SNSX50.BSE_IDX,01/07/2025,09:05:10,26655.11,0,0,0,0,0,0
SNSX50.BSE_IDX,01/07/2025,09:05:11,26655.25,0,0,0,0,0,0
SNSX50.BSE_IDX,01/07/2025,09:05:12,26659.12,0,0,0,0,0,0
SNSX50.BSE_IDX,01/07/2025,09:05:13,26666.53,0,0,0,0,0,0
SNSX50.BSE_IDX,01/07/2025,09:05:14,26669.83,0,0,0,0,0,0
SNSX50.BSE_IDX,01/07/2025,09:05:15,26669.83,0,0,0,0,0,0
SNSX50.BSE_IDX,01/07/2025,09:05:16,26676.84,0,0,0,0,0,0
SNSX50.BSE_IDX,01/07/2025,09:05:17,26677.1,0,0,0,0,0,0
SNSX50.BSE_IDX,01/07/2025,09:05:18,26670.09,0,0,0,0,0,0
SNSX50.BSE_IDX,01/07/2025,09:05:19,26669.72,0,0,0,0,0,0
SNSX50.BSE_IDX,01/07/2025,09:05:20,26672.21,0,0,0,0,0,0
SNSX50.BSE_IDX,01/07/2025,09:05:21,26672.21,0,0,0,0,0,0
SNSX50.BSE_IDX,01/07/2025,09:05:23,26672.21,0,0,0,0,0,0
SNSX50.BSE_IDX,01/07/2025,09:05:23,26673.15,0,0,0,0,0,0
SNSX50.BSE_IDX,01/07/2025,09:05:24,26673.14,0,0,0,0,0,0
SNSX50.BSE_IDX,01/07/2025,09:05:25,26674.85,0,0,0,0,0,0
SNSX50.BSE_IDX,01/07/2025,09:05:26,26674.68,0,0,0,0,0,0
SNSX50.BSE_IDX,01/07/2025,09:05:27,26674.57,0,0,0,0,0,0
SNSX50.BSE_IDX,01/07/2025,09:05:28,26674,0,0,0,0,0,0
SNSX50.BSE_IDX,01/07/2025,09:05:29,26673.94,0,0,0,0,0,0
SNSX50.BSE_IDX,01/07/2025,09:05:30,26673.34,0,0,0,0,0,0
SNSX50.BSE_IDX,01/07/2025,09:05:31,26674.02,0,0,0,0,0,0
SNSX50.BSE_IDX,01/07/2025,09:05:32,26676.57,0,0,0,0,0,0
SNSX50.BSE_IDX,01/07/2025,09:05:33,26677.78,0,0,0,0,0,0
SNSX50.BSE_IDX,01/07/2025,09:05:34,26678.35,0,0,0,0,0,0
SNSX50.BSE_IDX,01/07/2025,09:05:35,26677.18,0,0,0,0,0,0
SNSX50.BSE_IDX,01/07/2025,09:05:36,26676.28,0,0,0,0,0,0
SNSX50.BSE_IDX,01/07/2025,09:05:37,26672.37,0,0,0,0,0,0
SNSX50.BSE_IDX,01/07/2025,09:05:38,26672.45,0,0,0,0,0,0
SNSX50.BSE_IDX,01/07/2025,09:05:39,26672.45,0,0,0,0,0,0
SNSX50.BSE_IDX,01/07/2025,09:05:40,26672.58,0,0,0,0,0,0
SNSX50.BSE_IDX,01/07/2025,09:05:41,26671.96,0,0,0,0,0,0
SNSX50.BSE_IDX,01/07/2025,09:05:42,26674.82,0,0,0,0,0,0
SNSX50.BSE_IDX,01/07/2025,09:05:43,26674.02,0,0,0,0,0,0
SNSX50.BSE_IDX,01/07/2025,09:05:44,26670.89,0,0,0,0,0,0
SNSX50.BSE_IDX,01/07/2025,09:05:45,26670.89,0,0,0,0,0,0
SNSX50.BSE_IDX,01/07/2025,09:05:46,26670.03,0,0,0,0,0,0
SNSX50.BSE_IDX,01/07/2025,09:05:47,26670.19,0,0,0,0,0,0
SNSX50.BSE_IDX,01/07/2025,09:05:48,26670.5,0,0,0,0,0,0
SNSX50.BSE_IDX,01/07/2025,09:05:49,26670.5,0,0,0,0,0,0
SNSX50.BSE_IDX,01/07/2025,09:05:50,26670.91,0,0,0,0,0,0
SNSX50.BSE_IDX,01/07/2025,09:05:51,26676.32,0,0,0,0,0,0
SNSX50.BSE_IDX,01/07/2025,09:05:52,26676.94,0,0,0,0,0,0
SNSX50.BSE_IDX,01/07/2025,09:05:54,26681.94,0,0,0,0,0,0
SNSX50.BSE_IDX,01/07/2025,09:05:54,26682.08,0,0,0,0,0,0
SNSX50.BSE_IDX,01/07/2025,09:05:55,26682.08,0,0,0,0,0,0
SNSX50.BSE_IDX,01/07/2025,09:05:56,26683.89,0,0,0,0,0,0
SNSX50.BSE_IDX,01/07/2025,09:05:57,26683.89,0,0,0,0,0,0
SNSX50.BSE_IDX,01/07/2025,09:05:58,26684.41,0,0,0,0,0,0
SNSX50.BSE_IDX,01/07/2025,09:05:59,26684.19,0,0,0,0,0,0
SNSX50.BSE_IDX,01/07/2025,09:06:00,26685.15,0,0,0,0,0,0
SNSX50.BSE_IDX,01/07/2025,09:06:01,26687.67,0,0,0,0,0,0
SNSX50.BSE_IDX,01/07/2025,09:06:02,26687.36,0,0,0,0,0,0
SNSX50.BSE_IDX,01/07/2025,09:06:03,26686.85,0,0,0,0,0,0
SNSX50.BSE_IDX,01/07/2025,09:06:05,26687.8,0,0,0,0,0,0
SNSX50.BSE_IDX,01/07/2025,09:06:05,26687.8,0,0,0,0,0,0
SNSX50.BSE_IDX,01/07/2025,09:06:06,26687.2,0,0,0,0,0,0
SNSX50.BSE_IDX,01/07/2025,09:06:07,26683.85,0,0,0,0,0,0
SNSX50.BSE_IDX,01/07/2025,09:06:08,26683.85,0,0,0,0,0,0
SNSX50.BSE_IDX,01/07/2025,09:06:09,26684,0,0,0,0,0,0
SNSX50.BSE_IDX,01/07/2025,09:06:10,26684.11,0,0,0,0,0,0
SNSX50.BSE_IDX,01/07/2025,09:06:11,26684.28,0,0,0,0,0,0
SNSX50.BSE_IDX,01/07/2025,09:06:12,26684.28,0,0,0,0,0,0
SNSX50.BSE_IDX,01/07/2025,09:06:13,26686.59,0,0,0,0,0,0
SNSX50.BSE_IDX,01/07/2025,09:06:14,26687.05,0,0,0,0,0,0
SNSX50.BSE_IDX,01/07/2025,09:06:15,26687.05,0,0,0,0,0,0
SNSX50.BSE_IDX,01/07/2025,09:06:16,26686.79,0,0,0,0,0,0
SNSX50.BSE_IDX,01/07/2025,09:06:17,26688.35,0,0,0,0,0,0
SNSX50.BSE_IDX,01/07/2025,09:06:18,26692.51,0,0,0,0,0,0
SNSX50.BSE_IDX,01/07/2025,09:06:20,26693.05,0,0,0,0,0,0
SNSX50.BSE_IDX,01/07/2025,09:06:20,26693.05,0,0,0,0,0,0
SNSX50.BSE_IDX,01/07/2025,09:06:22,26693.83,0,0,0,0,0,0
SNSX50.BSE_IDX,01/07/2025,09:06:22,26693.83,0,0,0,0,0,0
SNSX50.BSE_IDX,01/07/2025,09:06:23,26693.98,0,0,0,0,0,0
SNSX50.BSE_IDX,01/07/2025,09:06:25,26694.39,0,0,0,0,0,0
SNSX50.BSE_IDX,01/07/2025,09:06:25,26696.92,0,0,0,0,0,0
SNSX50.BSE_IDX,01/07/2025,09:06:26,26699.65,0,0,0,0,0,0
SNSX50.BSE_IDX,01/07/2025,09:06:27,26698.17,0,0,0,0,0,0
SNSX50.BSE_IDX,01/07/2025,09:06:28,26701.48,0,0,0,0,0,0
SNSX50.BSE_IDX,01/07/2025,09:06:29,26701.48,0,0,0,0,0,0
SNSX50.BSE_IDX,01/07/2025,09:06:30,26701.48,0,0,0,0,0,0
SNSX50.BSE_IDX,01/07/2025,09:06:32,26701.71,0,0,0,0,0,0
SNSX50.BSE_IDX,01/07/2025,09:06:32,26702.89,0,0,0,0,0,0
SNSX50.BSE_IDX,01/07/2025,09:06:33,26703.9,0,0,0,0,0,0
SNSX50.BSE_IDX,01/07/2025,09:06:34,26700.4,0,0,0,0,0,0
SNSX50.BSE_IDX,01/07/2025,09:06:35,26695.96,0,0,0,0,0,0
SNSX50.BSE_IDX,01/07/2025,09:06:37,26695.96,0,0,0,0,0,0
SNSX50.BSE_IDX,01/07/2025,09:06:38,26694.93,0,0,0,0,0,0
SNSX50.BSE_IDX,01/07/2025,09:06:38,26696,0,0,0,0,0,0
SNSX50.BSE_IDX,01/07/2025,09:06:40,26696,0,0,0,0,0,0
SNSX50.BSE_IDX,01/07/2025,09:06:40,26695.77,0,0,0,0,0,0
SNSX50.BSE_IDX,01/07/2025,09:06:41,26691.71,0,0,0,0,0,0
SNSX50.BSE_IDX,01/07/2025,09:06:42,26690.87,0,0,0,0,0,0
SNSX50.BSE_IDX,01/07/2025,09:06:43,26690.78,0,0,0,0,0,0
SNSX50.BSE_IDX,01/07/2025,09:06:44,26691.38,0,0,0,0,0,0
SNSX50.BSE_IDX,01/07/2025,09:06:45,26690.74,0,0,0,0,0,0
SNSX50.BSE_IDX,01/07/2025,09:06:46,26690.41,0,0,0,0,0,0
SNSX50.BSE_IDX,01/07/2025,09:06:47,26690.53,0,0,0,0,0,0
SNSX50.BSE_IDX,01/07/2025,09:06:48,26690.76,0,0,0,0,0,0
SNSX50.BSE_IDX,01/07/2025,09:06:49,26690.76,0,0,0,0,0,0
SNSX50.BSE_IDX,01/07/2025,09:06:50,26691.76,0,0,0,0,0,0
SNSX50.BSE_IDX,01/07/2025,09:06:51,26690.22,0,0,0,0,0,0
SNSX50.BSE_IDX,01/07/2025,09:06:52,26690.22,0,0,0,0,0,0
SNSX50.BSE_IDX,01/07/2025,09:06:54,26690.22,0,0,0,0,0,0
SNSX50.BSE_IDX,01/07/2025,09:06:54,26690.91,0,0,0,0,0,0
SNSX50.BSE_IDX,01/07/2025,09:06:56,26690.91,0,0,0,0,0,0
SNSX50.BSE_IDX,01/07/2025,09:06:56,26690.52,0,0,0,0,0,0
SNSX50.BSE_IDX,01/07/2025,09:06:57,26690.57,0,0,0,0,0,0
SNSX50.BSE_IDX,01/07/2025,09:06:58,26689.36,0,0,0,0,0,0
SNSX50.BSE_IDX,01/07/2025,09:06:59,26689.28,0,0,0,0,0,0
SNSX50.BSE_IDX,01/07/2025,09:07:01,26690.6,0,0,0,0,0,0
SNSX50.BSE_IDX,01/07/2025,09:07:01,26690.6,0,0,0,0,0,0
SNSX50.BSE_IDX,01/07/2025,09:07:03,26690.6,0,0,0,0,0,0
SNSX50.BSE_IDX,01/07/2025,09:07:04,26690.6,0,0,0,0,0,0
SNSX50.BSE_IDX,01/07/2025,09:07:04,26690.6,0,0,0,0,0,0
SNSX50.BSE_IDX,01/07/2025,09:07:06,26690.6,0,0,0,0,0,0
SNSX50.BSE_IDX,01/07/2025,09:07:06,26690.6,0,0,0,0,0,0
SNSX50.BSE_IDX,01/07/2025,09:07:07,26690.6,0,0,0,0,0,0
SNSX50.BSE_IDX,01/07/2025,09:07:08,26690.6,0,0,0,0,0,0
SNSX50.BSE_IDX,01/07/2025,09:07:09,26690.6,0,0,0,0,0,0
SNSX50.BSE_IDX,01/07/2025,09:07:10,26690.6,0,0,0,0,0,0
SNSX50.BSE_IDX,01/07/2025,09:07:12,26690.6,0,0,0,0,0,0
SNSX50.BSE_IDX,01/07/2025,09:07:12,26690.6,0,0,0,0,0,0
SNSX50.BSE_IDX,01/07/2025,09:07:14,26690.6,0,0,0,0,0,0
SNSX50.BSE_IDX,01/07/2025,09:07:15,26690.6,0,0,0,0,0,0
SNSX50.BSE_IDX,01/07/2025,09:07:15,26690.6,0,0,0,0,0,0
SNSX50.BSE_IDX,01/07/2025,09:07:17,26690.6,0,0,0,0,0,0
SNSX50.BSE_IDX,01/07/2025,09:07:17,26690.6,0,0,0,0,0,0
SNSX50.BSE_IDX,01/07/2025,09:07:18,26690.6,0,0,0,0,0,0
SNSX50.BSE_IDX,01/07/2025,09:07:20,26690.6,0,0,0,0,0,0
SNSX50.BSE_IDX,01/07/2025,09:07:20,26690.6,0,0,0,0,0,0
SNSX50.BSE_IDX,01/07/2025,09:07:21,26690.6,0,0,0,0,0,0
SNSX50.BSE_IDX,01/07/2025,09:07:23,26690.6,0,0,0,0,0,0
SNSX50.BSE_IDX,01/07/2025,09:07:24,26690.6,0,0,0,0,0,0
SNSX50.BSE_IDX,01/07/2025,09:07:25,26690.6,0,0,0,0,0,0
SNSX50.BSE_IDX,01/07/2025,09:07:26,26690.6,0,0,0,0,0,0
SNSX50.BSE_IDX,01/07/2025,09:07:26,26690.6,0,0,0,0,0,0
SNSX50.BSE_IDX,01/07/2025,09:07:27,26690.6,0,0,0,0,0,0
SNSX50.BSE_IDX,01/07/2025,09:07:28,26690.6,0,0,0,0,0,0
SNSX50.BSE_IDX,01/07/2025,09:07:30,26690.6,0,0,0,0,0,0
SNSX50.BSE_IDX,01/07/2025,09:07:31,26690.6,0,0,0,0,0,0
SNSX50.BSE_IDX,01/07/2025,09:07:31,26690.6,0,0,0,0,0,0
SNSX50.BSE_IDX,01/07/2025,09:07:32,26690.6,0,0,0,0,0,0
SNSX50.BSE_IDX,01/07/2025,09:07:33,26690.6,0,0,0,0,0,0
SNSX50.BSE_IDX,01/07/2025,09:07:35,26690.6,0,0,0,0,0,0
SNSX50.BSE_IDX,01/07/2025,09:07:36,26690.6,0,0,0,0,0,0
SNSX50.BSE_IDX,01/07/2025,09:07:36,26690.6,0,0,0,0,0,0
SNSX50.BSE_IDX,01/07/2025,09:07:38,26690.6,0,0,0,0,0,0
SNSX50.BSE_IDX,01/07/2025,09:07:39,26690.6,0,0,0,0,0,0
SNSX50.BSE_IDX,01/07/2025,09:07:39,26690.6,0,0,0,0,0,0
SNSX50.BSE_IDX,01/07/2025,09:07:41,26690.6,0,0,0,0,0,0
SNSX50.BSE_IDX,01/07/2025,09:07:41,26690.6,0,0,0,0,0,0
SNSX50.BSE_IDX,01/07/2025,09:07:42,26690.6,0,0,0,0,0,0
SNSX50.BSE_IDX,01/07/2025,09:07:44,26690.6,0,0,0,0,0,0
SNSX50.BSE_IDX,01/07/2025,09:07:45,26690.6,0,0,0,0,0,0
SNSX50.BSE_IDX,01/07/2025,09:07:46,26690.6,0,0,0,0,0,0
SNSX50.BSE_IDX,01/07/2025,09:07:47,26690.6,0,0,0,0,0,0
SNSX50.BSE_IDX,01/07/2025,09:07:47,26690.6,0,0,0,0,0,0
SNSX50.BSE_IDX,01/07/2025,09:07:49,26690.6,0,0,0,0,0,0
SNSX50.BSE_IDX,01/07/2025,09:07:50,26690.6,0,0,0,0,0,0
SNSX50.BSE_IDX,01/07/2025,09:07:51,26690.6,0,0,0,0,0,0
SNSX50.BSE_IDX,01/07/2025,09:07:51,26690.6,0,0,0,0,0,0
SNSX50.BSE_IDX,01/07/2025,09:07:52,26690.6,0,0,0,0,0,0
SNSX50.BSE_IDX,01/07/2025,09:07:53,26690.6,0,0,0,0,0,0
SNSX50.BSE_IDX,01/07/2025,09:07:55,26690.6,0,0,0,0,0,0
SNSX50.BSE_IDX,01/07/2025,09:07:56,26690.6,0,0,0,0,0,0
SNSX50.BSE_IDX,01/07/2025,09:07:57,26690.6,0,0,0,0,0,0
SNSX50.BSE_IDX,01/07/2025,09:07:58,26690.6,0,0,0,0,0,0
SNSX50.BSE_IDX,01/07/2025,09:07:59,26690.6,0,0,0,0,0,0
SNSX50.BSE_IDX,01/07/2025,09:08:00,26690.6,0,0,0,0,0,0
SNSX50.BSE_IDX,01/07/2025,09:08:00,26690.6,0,0,0,0,0,0
SNSX50.BSE_IDX,01/07/2025,09:08:02,26690.6,0,0,0,0,0,0
SNSX50.BSE_IDX,01/07/2025,09:08:03,26690.6,0,0,0,0,0,0
SNSX50.BSE_IDX,01/07/2025,09:08:03,26690.6,0,0,0,0,0,0
SNSX50.BSE_IDX,01/07/2025,09:08:05,26690.6,0,0,0,0,0,0
SNSX50.BSE_IDX,01/07/2025,09:08:05,26690.6,0,0,0,0,0,0
SNSX50.BSE_IDX,01/07/2025,09:08:06,26690.6,0,0,0,0,0,0
SNSX50.BSE_IDX,01/07/2025,09:08:08,26690.6,0,0,0,0,0,0
SNSX50.BSE_IDX,01/07/2025,09:08:08,26690.6,0,0,0,0,0,0
SNSX50.BSE_IDX,01/07/2025,09:08:09,26690.6,0,0,0,0,0,0
SNSX50.BSE_IDX,01/07/2025,09:08:11,26690.6,0,0,0,0,0,0
SNSX50.BSE_IDX,01/07/2025,09:08:11,26690.6,0,0,0,0,0,0
SNSX50.BSE_IDX,01/07/2025,09:08:13,26690.6,0,0,0,0,0,0
SNSX50.BSE_IDX,01/07/2025,09:08:14,26690.6,0,0,0,0,0,0
SNSX50.BSE_IDX,01/07/2025,09:08:15,26690.6,0,0,0,0,0,0
SNSX50.BSE_IDX,01/07/2025,09:08:15,26690.6,0,0,0,0,0,0
SNSX50.BSE_IDX,01/07/2025,09:08:17,26690.6,0,0,0,0,0,0
SNSX50.BSE_IDX,01/07/2025,09:08:18,26690.6,0,0,0,0,0,0
SNSX50.BSE_IDX,01/07/2025,09:08:18,26690.6,0,0,0,0,0,0
SNSX50.BSE_IDX,01/07/2025,09:08:20,26690.6,0,0,0,0,0,0
SNSX50.BSE_IDX,01/07/2025,09:08:21,26690.6,0,0,0,0,0,0
SNSX50.BSE_IDX,01/07/2025,09:08:22,26690.6,0,0,0,0,0,0
SNSX50.BSE_IDX,01/07/2025,09:08:23,26690.6,0,0,0,0,0,0
SNSX50.BSE_IDX,01/07/2025,09:08:24,26690.6,0,0,0,0,0,0
SNSX50.BSE_IDX,01/07/2025,09:08:25,26690.6,0,0,0,0,0,0
SNSX50.BSE_IDX,01/07/2025,09:08:26,26690.6,0,0,0,0,0,0
SNSX50.BSE_IDX,01/07/2025,09:08:27,26690.6,0,0,0,0,0,0
SNSX50.BSE_IDX,01/07/2025,09:08:27,26690.6,0,0,0,0,0,0
SNSX50.BSE_IDX,01/07/2025,09:08:29,26690.6,0,0,0,0,0,0
SNSX50.BSE_IDX,01/07/2025,09:08:30,26690.6,0,0,0,0,0,0
SNSX50.BSE_IDX,01/07/2025,09:08:31,26690.6,0,0,0,0,0,0
SNSX50.BSE_IDX,01/07/2025,09:08:32,26690.6,0,0,0,0,0,0
SNSX50.BSE_IDX,01/07/2025,09:08:33,26690.6,0,0,0,0,0,0
SNSX50.BSE_IDX,01/07/2025,09:08:34,26690.6,0,0,0,0,0,0
SNSX50.BSE_IDX,01/07/2025,09:08:35,26690.6,0,0,0,0,0,0
SNSX50.BSE_IDX,01/07/2025,09:08:35,26690.6,0,0,0,0,0,0
SNSX50.BSE_IDX,01/07/2025,09:08:37,26690.6,0,0,0,0,0,0
SNSX50.BSE_IDX,01/07/2025,09:08:37,26690.6,0,0,0,0,0,0
SNSX50.BSE_IDX,01/07/2025,09:08:39,26690.6,0,0,0,0,0,0
SNSX50.BSE_IDX,01/07/2025,09:08:40,26690.6,0,0,0,0,0,0
SNSX50.BSE_IDX,01/07/2025,09:08:41,26690.6,0,0,0,0,0,0
SNSX50.BSE_IDX,01/07/2025,09:08:42,26690.6,0,0,0,0,0,0
SNSX50.BSE_IDX,01/07/2025,09:08:43,26690.6,0,0,0,0,0,0
SNSX50.BSE_IDX,01/07/2025,09:08:44,26690.6,0,0,0,0,0,0
SNSX50.BSE_IDX,01/07/2025,09:08:45,26690.6,0,0,0,0,0,0
SNSX50.BSE_IDX,01/07/2025,09:08:46,26690.6,0,0,0,0,0,0
SNSX50.BSE_IDX,01/07/2025,09:08:47,26690.6,0,0,0,0,0,0
SNSX50.BSE_IDX,01/07/2025,09:08:48,26690.6,0,0,0,0,0,0
SNSX50.BSE_IDX,01/07/2025,09:08:49,26690.6,0,0,0,0,0,0
SNSX50.BSE_IDX,01/07/2025,09:08:50,26690.6,0,0,0,0,0,0
SNSX50.BSE_IDX,01/07/2025,09:08:51,26690.6,0,0,0,0,0,0
SNSX50.BSE_IDX,01/07/2025,09:08:52,26690.6,0,0,0,0,0,0
SNSX50.BSE_IDX,01/07/2025,09:08:53,26690.6,0,0,0,0,0,0
SNSX50.BSE_IDX,01/07/2025,09:08:54,26690.6,0,0,0,0,0,0
SNSX50.BSE_IDX,01/07/2025,09:08:55,26690.6,0,0,0,0,0,0
SNSX50.BSE_IDX,01/07/2025,09:08:56,26690.6,0,0,0,0,0,0
SNSX50.BSE_IDX,01/07/2025,09:08:57,26690.6,0,0,0,0,0,0
SNSX50.BSE_IDX,01/07/2025,09:08:58,26690.6,0,0,0,0,0,0
SNSX50.BSE_IDX,01/07/2025,09:08:59,26690.6,0,0,0,0,0,0
SNSX50.BSE_IDX,01/07/2025,09:09:00,26690.6,0,0,0,0,0,0
SNSX50.BSE_IDX,01/07/2025,09:09:01,26690.77,0,0,0,0,0,0
SNSX50.BSE_IDX,01/07/2025,09:09:02,26690.77,0,0,0,0,0,0
SNSX50.BSE_IDX,01/07/2025,09:09:03,26690.77,0,0,0,0,0,0
SNSX50.BSE_IDX,01/07/2025,09:09:04,26690.77,0,0,0,0,0,0
SNSX50.BSE_IDX,01/07/2025,09:09:05,26690.77,0,0,0,0,0,0
SNSX50.BSE_IDX,01/07/2025,09:09:06,26690.77,0,0,0,0,0,0
SNSX50.BSE_IDX,01/07/2025,09:09:07,26690.77,0,0,0,0,0,0
SNSX50.BSE_IDX,01/07/2025,09:09:08,26690.77,0,0,0,0,0,0
SNSX50.BSE_IDX,01/07/2025,09:09:09,26690.77,0,0,0,0,0,0
SNSX50.BSE_IDX,01/07/2025,09:09:10,26690.77,0,0,0,0,0,0
SNSX50.BSE_IDX,01/07/2025,09:09:11,26690.77,0,0,0,0,0,0
SNSX50.BSE_IDX,01/07/2025,09:09:12,26690.77,0,0,0,0,0,0
SNSX50.BSE_IDX,01/07/2025,09:09:13,26690.77,0,0,0,0,0,0
SNSX50.BSE_IDX,01/07/2025,09:09:14,26690.77,0,0,0,0,0,0
SNSX50.BSE_IDX,01/07/2025,09:09:15,26690.77,0,0,0,0,0,0
SNSX50.BSE_IDX,01/07/2025,09:09:16,26690.77,0,0,0,0,0,0
SNSX50.BSE_IDX,01/07/2025,09:09:17,26690.77,0,0,0,0,0,0
SNSX50.BSE_IDX,01/07/2025,09:09:18,26690.77,0,0,0,0,0,0
SNSX50.BSE_IDX,01/07/2025,09:09:19,26690.77,0,0,0,0,0,0
SNSX50.BSE_IDX,01/07/2025,09:09:20,26690.77,0,0,0,0,0,0
SNSX50.BSE_IDX,01/07/2025,09:09:21,26690.77,0,0,0,0,0,0
SNSX50.BSE_IDX,01/07/2025,09:09:22,26690.77,0,0,0,0,0,0
SNSX50.BSE_IDX,01/07/2025,09:09:23,26690.77,0,0,0,0,0,0
SNSX50.BSE_IDX,01/07/2025,09:09:24,26690.77,0,0,0,0,0,0
SNSX50.BSE_IDX,01/07/2025,09:09:25,26690.77,0,0,0,0,0,0
SNSX50.BSE_IDX,01/07/2025,09:09:26,26690.77,0,0,0,0,0,0
SNSX50.BSE_IDX,01/07/2025,09:09:27,26690.77,0,0,0,0,0,0
SNSX50.BSE_IDX,01/07/2025,09:09:28,26690.77,0,0,0,0,0,0
SNSX50.BSE_IDX,01/07/2025,09:09:29,26690.77,0,0,0,0,0,0
SNSX50.BSE_IDX,01/07/2025,09:09:30,26690.77,0,0,0,0,0,0
SNSX50.BSE_IDX,01/07/2025,09:09:31,26690.77,0,0,0,0,0,0
SNSX50.BSE_IDX,01/07/2025,09:09:32,26690.77,0,0,0,0,0,0
SNSX50.BSE_IDX,01/07/2025,09:09:33,26690.77,0,0,0,0,0,0
SNSX50.BSE_IDX,01/07/2025,09:09:34,26690.77,0,0,0,0,0,0
SNSX50.BSE_IDX,01/07/2025,09:09:35,26690.77,0,0,0,0,0,0
SNSX50.BSE_IDX,01/07/2025,09:09:36,26690.77,0,0,0,0,0,0
SNSX50.BSE_IDX,01/07/2025,09:09:37,26690.77,0,0,0,0,0,0
SNSX50.BSE_IDX,01/07/2025,09:09:38,26690.77,0,0,0,0,0,0
SNSX50.BSE_IDX,01/07/2025,09:09:39,26690.77,0,0,0,0,0,0
SNSX50.BSE_IDX,01/07/2025,09:09:40,26690.77,0,0,0,0,0,0
SNSX50.BSE_IDX,01/07/2025,09:09:41,26690.77,0,0,0,0,0,0
SNSX50.BSE_IDX,01/07/2025,09:09:42,26690.77,0,0,0,0,0,0
SNSX50.BSE_IDX,01/07/2025,09:09:43,26690.77,0,0,0,0,0,0
SNSX50.BSE_IDX,01/07/2025,09:09:44,26690.77,0,0,0,0,0,0
SNSX50.BSE_IDX,01/07/2025,09:09:45,26690.77,0,0,0,0,0,0
SNSX50.BSE_IDX,01/07/2025,09:09:46,26690.77,0,0,0,0,0,0
SNSX50.BSE_IDX,01/07/2025,09:09:47,26690.77,0,0,0,0,0,0
SNSX50.BSE_IDX,01/07/2025,09:09:48,26690.77,0,0,0,0,0,0
SNSX50.BSE_IDX,01/07/2025,09:09:49,26690.77,0,0,0,0,0,0
SNSX50.BSE_IDX,01/07/2025,09:09:50,26690.77,0,0,0,0,0,0
SNSX50.BSE_IDX,01/07/2025,09:09:51,26690.77,0,0,0,0,0,0
SNSX50.BSE_IDX,01/07/2025,09:09:52,26690.77,0,0,0,0,0,0
SNSX50.BSE_IDX,01/07/2025,09:09:53,26690.77,0,0,0,0,0,0
SNSX50.BSE_IDX,01/07/2025,09:09:54,26690.77,0,0,0,0,0,0
SNSX50.BSE_IDX,01/07/2025,09:09:55,26690.77,0,0,0,0,0,0
SNSX50.BSE_IDX,01/07/2025,09:09:56,26690.77,0,0,0,0,0,0
SNSX50.BSE_IDX,01/07/2025,09:09:57,26690.77,0,0,0,0,0,0
SNSX50.BSE_IDX,01/07/2025,09:09:58,26690.77,0,0,0,0,0,0
SNSX50.BSE_IDX,01/07/2025,09:09:59,26690.77,0,0,0,0,0,0
SNSX50.BSE_IDX,01/07/2025,09:10:00,26690.77,0,0,0,0,0,0
SNSX50.BSE_IDX,01/07/2025,09:10:01,26690.77,0,0,0,0,0,0
SNSX50.BSE_IDX,01/07/2025,09:10:02,26690.77,0,0,0,0,0,0
SNSX50.BSE_IDX,01/07/2025,09:10:03,26690.77,0,0,0,0,0,0
SNSX50.BSE_IDX,01/07/2025,09:10:04,26690.77,0,0,0,0,0,0
SNSX50.BSE_IDX,01/07/2025,09:10:05,26690.77,0,0,0,0,0,0
SNSX50.BSE_IDX,01/07/2025,09:10:06,26690.77,0,0,0,0,0,0
SNSX50.BSE_IDX,01/07/2025,09:10:07,26690.77,0,0,0,0,0,0
SNSX50.BSE_IDX,01/07/2025,09:10:08,26690.77,0,0,0,0,0,0
SNSX50.BSE_IDX,01/07/2025,09:10:09,26690.77,0,0,0,0,0,0
SNSX50.BSE_IDX,01/07/2025,09:10:10,26690.77,0,0,0,0,0,0
SNSX50.BSE_IDX,01/07/2025,09:10:11,26690.77,0,0,0,0,0,0
SNSX50.BSE_IDX,01/07/2025,09:10:12,26690.77,0,0,0,0,0,0
SNSX50.BSE_IDX,01/07/2025,09:10:13,26690.77,0,0,0,0,0,0
SNSX50.BSE_IDX,01/07/2025,09:10:14,26690.77,0,0,0,0,0,0
SNSX50.BSE_IDX,01/07/2025,09:10:15,26690.77,0,0,0,0,0,0
SNSX50.BSE_IDX,01/07/2025,09:10:16,26690.77,0,0,0,0,0,0
SNSX50.BSE_IDX,01/07/2025,09:10:17,26690.77,0,0,0,0,0,0
SNSX50.BSE_IDX,01/07/2025,09:10:18,26690.77,0,0,0,0,0,0
SNSX50.BSE_IDX,01/07/2025,09:10:19,26690.77,0,0,0,0,0,0
SNSX50.BSE_IDX,01/07/2025,09:10:20,26690.77,0,0,0,0,0,0
SNSX50.BSE_IDX,01/07/2025,09:10:21,26690.77,0,0,0,0,0,0
SNSX50.BSE_IDX,01/07/2025,09:10:22,26690.77,0,0,0,0,0,0
SNSX50.BSE_IDX,01/07/2025,09:10:23,26690.77,0,0,0,0,0,0
SNSX50.BSE_IDX,01/07/2025,09:10:24,26690.77,0,0,0,0,0,0
SNSX50.BSE_IDX,01/07/2025,09:10:25,26690.77,0,0,0,0,0,0
SNSX50.BSE_IDX,01/07/2025,09:10:26,26690.77,0,0,0,0,0,0
SNSX50.BSE_IDX,01/07/2025,09:10:27,26690.77,0,0,0,0,0,0
SNSX50.BSE_IDX,01/07/2025,09:10:28,26690.77,0,0,0,0,0,0
SNSX50.BSE_IDX,01/07/2025,09:10:29,26690.77,0,0,0,0,0,0
SNSX50.BSE_IDX,01/07/2025,09:10:30,26690.77,0,0,0,0,0,0
SNSX50.BSE_IDX,01/07/2025,09:10:31,26690.77,0,0,0,0,0,0
SNSX50.BSE_IDX,01/07/2025,09:10:32,26690.77,0,0,0,0,0,0
SNSX50.BSE_IDX,01/07/2025,09:10:33,26690.77,0,0,0,0,0,0
SNSX50.BSE_IDX,01/07/2025,09:10:34,26690.77,0,0,0,0,0,0
SNSX50.BSE_IDX,01/07/2025,09:10:35,26690.77,0,0,0,0,0,0
SNSX50.BSE_IDX,01/07/2025,09:10:36,26690.77,0,0,0,0,0,0
SNSX50.BSE_IDX,01/07/2025,09:10:37,26690.77,0,0,0,0,0,0
SNSX50.BSE_IDX,01/07/2025,09:10:38,26690.77,0,0,0,0,0,0
SNSX50.BSE_IDX,01/07/2025,09:10:39,26690.77,0,0,0,0,0,0
SNSX50.BSE_IDX,01/07/2025,09:10:40,26690.77,0,0,0,0,0,0
SNSX50.BSE_IDX,01/07/2025,09:10:41,26690.77,0,0,0,0,0,0
SNSX50.BSE_IDX,01/07/2025,09:10:42,26690.77,0,0,0,0,0,0
SNSX50.BSE_IDX,01/07/2025,09:10:43,26690.77,0,0,0,0,0,0
SNSX50.BSE_IDX,01/07/2025,09:10:44,26690.77,0,0,0,0,0,0
SNSX50.BSE_IDX,01/07/2025,09:10:45,26690.77,0,0,0,0,0,0
SNSX50.BSE_IDX,01/07/2025,09:10:46,26690.77,0,0,0,0,0,0
SNSX50.BSE_IDX,01/07/2025,09:10:47,26690.77,0,0,0,0,0,0
SNSX50.BSE_IDX,01/07/2025,09:10:48,26690.77,0,0,0,0,0,0
SNSX50.BSE_IDX,01/07/2025,09:10:49,26690.77,0,0,0,0,0,0
SNSX50.BSE_IDX,01/07/2025,09:10:50,26690.77,0,0,0,0,0,0
SNSX50.BSE_IDX,01/07/2025,09:10:51,26690.77,0,0,0,0,0,0
SNSX50.BSE_IDX,01/07/2025,09:10:52,26690.77,0,0,0,0,0,0
SNSX50.BSE_IDX,01/07/2025,09:10:53,26690.77,0,0,0,0,0,0
SNSX50.BSE_IDX,01/07/2025,09:10:54,26690.77,0,0,0,0,0,0
SNSX50.BSE_IDX,01/07/2025,09:10:55,26690.77,0,0,0,0,0,0
SNSX50.BSE_IDX,01/07/2025,09:10:56,26690.77,0,0,0,0,0,0
SNSX50.BSE_IDX,01/07/2025,09:10:57,26690.77,0,0,0,0,0,0
SNSX50.BSE_IDX,01/07/2025,09:10:58,26690.77,0,0,0,0,0,0
SNSX50.BSE_IDX,01/07/2025,09:11:00,26690.77,0,0,0,0,0,0
SNSX50.BSE_IDX,01/07/2025,09:11:00,26690.77,0,0,0,0,0,0
SNSX50.BSE_IDX,01/07/2025,09:11:01,26690.77,0,0,0,0,0,0
SNSX50.BSE_IDX,01/07/2025,09:11:02,26690.77,0,0,0,0,0,0
SNSX50.BSE_IDX,01/07/2025,09:11:03,26690.77,0,0,0,0,0,0
SNSX50.BSE_IDX,01/07/2025,09:11:04,26690.77,0,0,0,0,0,0
SNSX50.BSE_IDX,01/07/2025,09:11:05,26690.77,0,0,0,0,0,0
SNSX50.BSE_IDX,01/07/2025,09:11:06,26690.77,0,0,0,0,0,0
SNSX50.BSE_IDX,01/07/2025,09:11:07,26690.77,0,0,0,0,0,0
SNSX50.BSE_IDX,01/07/2025,09:11:08,26690.77,0,0,0,0,0,0
SNSX50.BSE_IDX,01/07/2025,09:11:09,26690.77,0,0,0,0,0,0
SNSX50.BSE_IDX,01/07/2025,09:11:10,26690.77,0,0,0,0,0,0
SNSX50.BSE_IDX,01/07/2025,09:11:11,26690.77,0,0,0,0,0,0
SNSX50.BSE_IDX,01/07/2025,09:11:12,26690.77,0,0,0,0,0,0
SNSX50.BSE_IDX,01/07/2025,09:11:13,26690.77,0,0,0,0,0,0
SNSX50.BSE_IDX,01/07/2025,09:11:14,26690.77,0,0,0,0,0,0
SNSX50.BSE_IDX,01/07/2025,09:11:15,26690.77,0,0,0,0,0,0
SNSX50.BSE_IDX,01/07/2025,09:11:16,26690.77,0,0,0,0,0,0
SNSX50.BSE_IDX,01/07/2025,09:11:17,26690.77,0,0,0,0,0,0
SNSX50.BSE_IDX,01/07/2025,09:11:18,26690.77,0,0,0,0,0,0
SNSX50.BSE_IDX,01/07/2025,09:11:19,26690.77,0,0,0,0,0,0
SNSX50.BSE_IDX,01/07/2025,09:11:20,26690.77,0,0,0,0,0,0
SNSX50.BSE_IDX,01/07/2025,09:11:21,26690.77,0,0,0,0,0,0
SNSX50.BSE_IDX,01/07/2025,09:11:22,26690.77,0,0,0,0,0,0
SNSX50.BSE_IDX,01/07/2025,09:11:23,26690.77,0,0,0,0,0,0
SNSX50.BSE_IDX,01/07/2025,09:11:24,26690.77,0,0,0,0,0,0
SNSX50.BSE_IDX,01/07/2025,09:11:25,26690.77,0,0,0,0,0,0
SNSX50.BSE_IDX,01/07/2025,09:11:26,26690.77,0,0,0,0,0,0
SNSX50.BSE_IDX,01/07/2025,09:11:27,26690.77,0,0,0,0,0,0
SNSX50.BSE_IDX,01/07/2025,09:11:28,26690.77,0,0,0,0,0,0
SNSX50.BSE_IDX,01/07/2025,09:11:29,26690.77,0,0,0,0,0,0
SNSX50.BSE_IDX,01/07/2025,09:11:30,26690.77,0,0,0,0,0,0
SNSX50.BSE_IDX,01/07/2025,09:11:32,26690.77,0,0,0,0,0,0
SNSX50.BSE_IDX,01/07/2025,09:11:32,26690.77,0,0,0,0,0,0
SNSX50.BSE_IDX,01/07/2025,09:11:33,26690.77,0,0,0,0,0,0
SNSX50.BSE_IDX,01/07/2025,09:11:34,26690.77,0,0,0,0,0,0
SNSX50.BSE_IDX,01/07/2025,09:11:35,26690.77,0,0,0,0,0,0
SNSX50.BSE_IDX,01/07/2025,09:11:36,26690.77,0,0,0,0,0,0
SNSX50.BSE_IDX,01/07/2025,09:11:37,26690.77,0,0,0,0,0,0
SNSX50.BSE_IDX,01/07/2025,09:11:38,26690.77,0,0,0,0,0,0
SNSX50.BSE_IDX,01/07/2025,09:11:39,26690.77,0,0,0,0,0,0
SNSX50.BSE_IDX,01/07/2025,09:11:40,26690.77,0,0,0,0,0,0
SNSX50.BSE_IDX,01/07/2025,09:11:41,26690.77,0,0,0,0,0,0
SNSX50.BSE_IDX,01/07/2025,09:11:42,26690.77,0,0,0,0,0,0
SNSX50.BSE_IDX,01/07/2025,09:11:43,26690.77,0,0,0,0,0,0
SNSX50.BSE_IDX,01/07/2025,09:11:44,26690.77,0,0,0,0,0,0
SNSX50.BSE_IDX,01/07/2025,09:11:45,26690.77,0,0,0,0,0,0
SNSX50.BSE_IDX,01/07/2025,09:11:46,26690.77,0,0,0,0,0,0
SNSX50.BSE_IDX,01/07/2025,09:11:47,26690.77,0,0,0,0,0,0
SNSX50.BSE_IDX,01/07/2025,09:11:48,26690.77,0,0,0,0,0,0
SNSX50.BSE_IDX,01/07/2025,09:11:49,26690.77,0,0,0,0,0,0
SNSX50.BSE_IDX,01/07/2025,09:11:50,26690.77,0,0,0,0,0,0
SNSX50.BSE_IDX,01/07/2025,09:11:51,26690.77,0,0,0,0,0,0
SNSX50.BSE_IDX,01/07/2025,09:11:52,26690.77,0,0,0,0,0,0
SNSX50.BSE_IDX,01/07/2025,09:11:54,26690.77,0,0,0,0,0,0
SNSX50.BSE_IDX,01/07/2025,09:11:54,26690.77,0,0,0,0,0,0
SNSX50.BSE_IDX,01/07/2025,09:11:55,26690.77,0,0,0,0,0,0
SNSX50.BSE_IDX,01/07/2025,09:11:56,26690.77,0,0,0,0,0,0
SNSX50.BSE_IDX,01/07/2025,09:11:57,26690.77,0,0,0,0,0,0
SNSX50.BSE_IDX,01/07/2025,09:11:58,26690.77,0,0,0,0,0,0
SNSX50.BSE_IDX,01/07/2025,09:11:59,26690.77,0,0,0,0,0,0
SNSX50.BSE_IDX,01/07/2025,09:12:00,26690.77,0,0,0,0,0,0
SNSX50.BSE_IDX,01/07/2025,09:12:01,26690.77,0,0,0,0,0,0
SNSX50.BSE_IDX,01/07/2025,09:12:02,26690.77,0,0,0,0,0,0
SNSX50.BSE_IDX,01/07/2025,09:12:03,26690.77,0,0,0,0,0,0
SNSX50.BSE_IDX,01/07/2025,09:12:04,26690.77,0,0,0,0,0,0
SNSX50.BSE_IDX,01/07/2025,09:12:05,26690.77,0,0,0,0,0,0
SNSX50.BSE_IDX,01/07/2025,09:12:06,26690.77,0,0,0,0,0,0
SNSX50.BSE_IDX,01/07/2025,09:12:07,26690.77,0,0,0,0,0,0
SNSX50.BSE_IDX,01/07/2025,09:12:08,26690.77,0,0,0,0,0,0
SNSX50.BSE_IDX,01/07/2025,09:12:09,26690.77,0,0,0,0,0,0
SNSX50.BSE_IDX,01/07/2025,09:12:10,26690.77,0,0,0,0,0,0
SNSX50.BSE_IDX,01/07/2025,09:12:11,26690.77,0,0,0,0,0,0
SNSX50.BSE_IDX,01/07/2025,09:12:12,26690.77,0,0,0,0,0,0
SNSX50.BSE_IDX,01/07/2025,09:12:13,26690.77,0,0,0,0,0,0
SNSX50.BSE_IDX,01/07/2025,09:12:14,26690.77,0,0,0,0,0,0
SNSX50.BSE_IDX,01/07/2025,09:12:16,26690.77,0,0,0,0,0,0
SNSX50.BSE_IDX,01/07/2025,09:12:16,26690.77,0,0,0,0,0,0
SNSX50.BSE_IDX,01/07/2025,09:12:17,26690.77,0,0,0,0,0,0
SNSX50.BSE_IDX,01/07/2025,09:12:18,26690.77,0,0,0,0,0,0
SNSX50.BSE_IDX,01/07/2025,09:12:19,26690.77,0,0,0,0,0,0
SNSX50.BSE_IDX,01/07/2025,09:12:20,26690.77,0,0,0,0,0,0
SNSX50.BSE_IDX,01/07/2025,09:12:21,26690.77,0,0,0,0,0,0
SNSX50.BSE_IDX,01/07/2025,09:12:22,26690.77,0,0,0,0,0,0
SNSX50.BSE_IDX,01/07/2025,09:12:23,26690.77,0,0,0,0,0,0
SNSX50.BSE_IDX,01/07/2025,09:12:24,26690.77,0,0,0,0,0,0
SNSX50.BSE_IDX,01/07/2025,09:12:25,26690.77,0,0,0,0,0,0
SNSX50.BSE_IDX,01/07/2025,09:12:26,26690.77,0,0,0,0,0,0
SNSX50.BSE_IDX,01/07/2025,09:12:27,26690.77,0,0,0,0,0,0
SNSX50.BSE_IDX,01/07/2025,09:12:28,26690.77,0,0,0,0,0,0
SNSX50.BSE_IDX,01/07/2025,09:12:29,26690.77,0,0,0,0,0,0
SNSX50.BSE_IDX,01/07/2025,09:12:30,26690.77,0,0,0,0,0,0
SNSX50.BSE_IDX,01/07/2025,09:12:31,26690.77,0,0,0,0,0,0
SNSX50.BSE_IDX,01/07/2025,09:12:33,26690.77,0,0,0,0,0,0
SNSX50.BSE_IDX,01/07/2025,09:12:33,26690.77,0,0,0,0,0,0
SNSX50.BSE_IDX,01/07/2025,09:12:34,26690.77,0,0,0,0,0,0
SNSX50.BSE_IDX,01/07/2025,09:12:35,26690.77,0,0,0,0,0,0
SNSX50.BSE_IDX,01/07/2025,09:12:36,26690.77,0,0,0,0,0,0
SNSX50.BSE_IDX,01/07/2025,09:12:37,26690.77,0,0,0,0,0,0
SNSX50.BSE_IDX,01/07/2025,09:12:38,26690.77,0,0,0,0,0,0
SNSX50.BSE_IDX,01/07/2025,09:12:39,26690.77,0,0,0,0,0,0
SNSX50.BSE_IDX,01/07/2025,09:12:40,26690.77,0,0,0,0,0,0
SNSX50.BSE_IDX,01/07/2025,09:12:41,26690.77,0,0,0,0,0,0
SNSX50.BSE_IDX,01/07/2025,09:12:42,26690.77,0,0,0,0,0,0
SNSX50.BSE_IDX,01/07/2025,09:12:43,26690.77,0,0,0,0,0,0
SNSX50.BSE_IDX,01/07/2025,09:12:44,26690.77,0,0,0,0,0,0
SNSX50.BSE_IDX,01/07/2025,09:12:45,26690.77,0,0,0,0,0,0
SNSX50.BSE_IDX,01/07/2025,09:12:47,26690.77,0,0,0,0,0,0
SNSX50.BSE_IDX,01/07/2025,09:12:47,26690.77,0,0,0,0,0,0
SNSX50.BSE_IDX,01/07/2025,09:12:48,26690.77,0,0,0,0,0,0
SNSX50.BSE_IDX,01/07/2025,09:12:49,26690.77,0,0,0,0,0,0
SNSX50.BSE_IDX,01/07/2025,09:12:50,26690.77,0,0,0,0,0,0
SNSX50.BSE_IDX,01/07/2025,09:12:51,26690.77,0,0,0,0,0,0
SNSX50.BSE_IDX,01/07/2025,09:12:52,26690.77,0,0,0,0,0,0
SNSX50.BSE_IDX,01/07/2025,09:12:53,26690.77,0,0,0,0,0,0
SNSX50.BSE_IDX,01/07/2025,09:12:54,26690.77,0,0,0,0,0,0
SNSX50.BSE_IDX,01/07/2025,09:12:55,26690.77,0,0,0,0,0,0
SNSX50.BSE_IDX,01/07/2025,09:12:57,26690.77,0,0,0,0,0,0
SNSX50.BSE_IDX,01/07/2025,09:12:57,26690.77,0,0,0,0,0,0
SNSX50.BSE_IDX,01/07/2025,09:12:58,26690.77,0,0,0,0,0,0
SNSX50.BSE_IDX,01/07/2025,09:12:59,26690.77,0,0,0,0,0,0
SNSX50.BSE_IDX,01/07/2025,09:13:00,26690.77,0,0,0,0,0,0
SNSX50.BSE_IDX,01/07/2025,09:13:01,26690.77,0,0,0,0,0,0
SNSX50.BSE_IDX,01/07/2025,09:13:02,26690.77,0,0,0,0,0,0
SNSX50.BSE_IDX,01/07/2025,09:13:03,26690.77,0,0,0,0,0,0
SNSX50.BSE_IDX,01/07/2025,09:13:04,26690.77,0,0,0,0,0,0
SNSX50.BSE_IDX,01/07/2025,09:13:05,26690.77,0,0,0,0,0,0
SNSX50.BSE_IDX,01/07/2025,09:13:06,26690.77,0,0,0,0,0,0
SNSX50.BSE_IDX,01/07/2025,09:13:07,26690.77,0,0,0,0,0,0
SNSX50.BSE_IDX,01/07/2025,09:13:08,26690.77,0,0,0,0,0,0
SNSX50.BSE_IDX,01/07/2025,09:13:09,26690.77,0,0,0,0,0,0
SNSX50.BSE_IDX,01/07/2025,09:13:10,26690.77,0,0,0,0,0,0
SNSX50.BSE_IDX,01/07/2025,09:13:11,26690.77,0,0,0,0,0,0
SNSX50.BSE_IDX,01/07/2025,09:13:12,26690.77,0,0,0,0,0,0
SNSX50.BSE_IDX,01/07/2025,09:13:13,26690.77,0,0,0,0,0,0
SNSX50.BSE_IDX,01/07/2025,09:13:15,26690.77,0,0,0,0,0,0
SNSX50.BSE_IDX,01/07/2025,09:13:15,26690.77,0,0,0,0,0,0
SNSX50.BSE_IDX,01/07/2025,09:13:16,26690.77,0,0,0,0,0,0
SNSX50.BSE_IDX,01/07/2025,09:13:17,26690.77,0,0,0,0,0,0
SNSX50.BSE_IDX,01/07/2025,09:13:18,26690.77,0,0,0,0,0,0
SNSX50.BSE_IDX,01/07/2025,09:13:19,26690.77,0,0,0,0,0,0
SNSX50.BSE_IDX,01/07/2025,09:13:20,26690.77,0,0,0,0,0,0
SNSX50.BSE_IDX,01/07/2025,09:13:22,26690.77,0,0,0,0,0,0
SNSX50.BSE_IDX,01/07/2025,09:13:22,26690.77,0,0,0,0,0,0
SNSX50.BSE_IDX,01/07/2025,09:13:23,26690.77,0,0,0,0,0,0
SNSX50.BSE_IDX,01/07/2025,09:13:24,26690.77,0,0,0,0,0,0
SNSX50.BSE_IDX,01/07/2025,09:13:25,26690.77,0,0,0,0,0,0
SNSX50.BSE_IDX,01/07/2025,09:13:26,26690.77,0,0,0,0,0,0
SNSX50.BSE_IDX,01/07/2025,09:13:27,26690.77,0,0,0,0,0,0
SNSX50.BSE_IDX,01/07/2025,09:13:28,26690.77,0,0,0,0,0,0
SNSX50.BSE_IDX,01/07/2025,09:13:29,26690.77,0,0,0,0,0,0
SNSX50.BSE_IDX,01/07/2025,09:13:30,26690.77,0,0,0,0,0,0
SNSX50.BSE_IDX,01/07/2025,09:13:32,26690.77,0,0,0,0,0,0
SNSX50.BSE_IDX,01/07/2025,09:13:32,26690.77,0,0,0,0,0,0
SNSX50.BSE_IDX,01/07/2025,09:13:34,26690.77,0,0,0,0,0,0
SNSX50.BSE_IDX,01/07/2025,09:13:34,26690.77,0,0,0,0,0,0
SNSX50.BSE_IDX,01/07/2025,09:13:35,26690.77,0,0,0,0,0,0
SNSX50.BSE_IDX,01/07/2025,09:13:36,26690.77,0,0,0,0,0,0
SNSX50.BSE_IDX,01/07/2025,09:13:37,26690.77,0,0,0,0,0,0
SNSX50.BSE_IDX,01/07/2025,09:13:38,26690.77,0,0,0,0,0,0
SNSX50.BSE_IDX,01/07/2025,09:13:40,26690.77,0,0,0,0,0,0
SNSX50.BSE_IDX,01/07/2025,09:13:41,26690.77,0,0,0,0,0,0
SNSX50.BSE_IDX,01/07/2025,09:13:41,26690.77,0,0,0,0,0,0
SNSX50.BSE_IDX,01/07/2025,09:13:43,26690.77,0,0,0,0,0,0
SNSX50.BSE_IDX,01/07/2025,09:13:43,26690.77,0,0,0,0,0,0
SNSX50.BSE_IDX,01/07/2025,09:13:44,26690.77,0,0,0,0,0,0
SNSX50.BSE_IDX,01/07/2025,09:13:46,26690.77,0,0,0,0,0,0
SNSX50.BSE_IDX,01/07/2025,09:13:46,26690.77,0,0,0,0,0,0
SNSX50.BSE_IDX,01/07/2025,09:13:48,26690.77,0,0,0,0,0,0
SNSX50.BSE_IDX,01/07/2025,09:13:48,26690.77,0,0,0,0,0,0
SNSX50.BSE_IDX,01/07/2025,09:13:50,26690.77,0,0,0,0,0,0
SNSX50.BSE_IDX,01/07/2025,09:13:51,26690.77,0,0,0,0,0,0
SNSX50.BSE_IDX,01/07/2025,09:13:51,26690.77,0,0,0,0,0,0
SNSX50.BSE_IDX,01/07/2025,09:13:53,26690.77,0,0,0,0,0,0
SNSX50.BSE_IDX,01/07/2025,09:13:54,26690.77,0,0,0,0,0,0
SNSX50.BSE_IDX,01/07/2025,09:13:54,26690.77,0,0,0,0,0,0
SNSX50.BSE_IDX,01/07/2025,09:13:56,26690.77,0,0,0,0,0,0
SNSX50.BSE_IDX,01/07/2025,09:13:56,26690.77,0,0,0,0,0,0
SNSX50.BSE_IDX,01/07/2025,09:13:58,26690.77,0,0,0,0,0,0
SNSX50.BSE_IDX,01/07/2025,09:13:59,26690.77,0,0,0,0,0,0
SNSX50.BSE_IDX,01/07/2025,09:14:00,26690.77,0,0,0,0,0,0
SNSX50.BSE_IDX,01/07/2025,09:14:00,26690.77,0,0,0,0,0,0
SNSX50.BSE_IDX,01/07/2025,09:14:01,26690.77,0,0,0,0,0,0
SNSX50.BSE_IDX,01/07/2025,09:14:03,26690.77,0,0,0,0,0,0
SNSX50.BSE_IDX,01/07/2025,09:14:04,26690.77,0,0,0,0,0,0
SNSX50.BSE_IDX,01/07/2025,09:14:04,26690.77,0,0,0,0,0,0
SNSX50.BSE_IDX,01/07/2025,09:14:06,26690.77,0,0,0,0,0,0
SNSX50.BSE_IDX,01/07/2025,09:14:06,26690.77,0,0,0,0,0,0
SNSX50.BSE_IDX,01/07/2025,09:14:08,26690.77,0,0,0,0,0,0
SNSX50.BSE_IDX,01/07/2025,09:14:09,26690.77,0,0,0,0,0,0
SNSX50.BSE_IDX,01/07/2025,09:14:10,26690.77,0,0,0,0,0,0
SNSX50.BSE_IDX,01/07/2025,09:14:12,26690.77,0,0,0,0,0,0
SNSX50.BSE_IDX,01/07/2025,09:14:12,26690.77,0,0,0,0,0,0
SNSX50.BSE_IDX,01/07/2025,09:14:13,26690.77,0,0,0,0,0,0
SNSX50.BSE_IDX,01/07/2025,09:14:14,26690.77,0,0,0,0,0,0
SNSX50.BSE_IDX,01/07/2025,09:14:14,26690.77,0,0,0,0,0,0
SNSX50.BSE_IDX,01/07/2025,09:14:15,26690.77,0,0,0,0,0,0
SNSX50.BSE_IDX,01/07/2025,09:14:17,26690.77,0,0,0,0,0,0
SNSX50.BSE_IDX,01/07/2025,09:14:18,26690.77,0,0,0,0,0,0
SNSX50.BSE_IDX,01/07/2025,09:14:19,26690.77,0,0,0,0,0,0
SNSX50.BSE_IDX,01/07/2025,09:14:19,26690.77,0,0,0,0,0,0
SNSX50.BSE_IDX,01/07/2025,09:14:21,26690.77,0,0,0,0,0,0
SNSX50.BSE_IDX,01/07/2025,09:14:21,26690.77,0,0,0,0,0,0
SNSX50.BSE_IDX,01/07/2025,09:14:23,26690.77,0,0,0,0,0,0
SNSX50.BSE_IDX,01/07/2025,09:14:24,26690.77,0,0,0,0,0,0
SNSX50.BSE_IDX,01/07/2025,09:14:24,26690.77,0,0,0,0,0,0
SNSX50.BSE_IDX,01/07/2025,09:14:26,26690.77,0,0,0,0,0,0
SNSX50.BSE_IDX,01/07/2025,09:14:27,26690.77,0,0,0,0,0,0
SNSX50.BSE_IDX,01/07/2025,09:14:28,26690.77,0,0,0,0,0,0
SNSX50.BSE_IDX,01/07/2025,09:14:29,26690.77,0,0,0,0,0,0
SNSX50.BSE_IDX,01/07/2025,09:14:30,26690.77,0,0,0,0,0,0
SNSX50.BSE_IDX,01/07/2025,09:14:31,26690.77,0,0,0,0,0,0
SNSX50.BSE_IDX,01/07/2025,09:14:32,26690.77,0,0,0,0,0,0
SNSX50.BSE_IDX,01/07/2025,09:14:33,26690.77,0,0,0,0,0,0
SNSX50.BSE_IDX,01/07/2025,09:14:34,26690.77,0,0,0,0,0,0
SNSX50.BSE_IDX,01/07/2025,09:14:36,26690.77,0,0,0,0,0,0
SNSX50.BSE_IDX,01/07/2025,09:14:36,26690.77,0,0,0,0,0,0
SNSX50.BSE_IDX,01/07/2025,09:14:37,26690.77,0,0,0,0,0,0
SNSX50.BSE_IDX,01/07/2025,09:14:38,26690.77,0,0,0,0,0,0
SNSX50.BSE_IDX,01/07/2025,09:14:39,26690.77,0,0,0,0,0,0
SNSX50.BSE_IDX,01/07/2025,09:14:39,26690.77,0,0,0,0,0,0
SNSX50.BSE_IDX,01/07/2025,09:14:41,26690.77,0,0,0,0,0,0
SNSX50.BSE_IDX,01/07/2025,09:14:42,26690.77,0,0,0,0,0,0
SNSX50.BSE_IDX,01/07/2025,09:14:42,26690.77,0,0,0,0,0,0
SNSX50.BSE_IDX,01/07/2025,09:14:44,26690.77,0,0,0,0,0,0
SNSX50.BSE_IDX,01/07/2025,09:14:45,26690.77,0,0,0,0,0,0
SNSX50.BSE_IDX,01/07/2025,09:14:46,26690.77,0,0,0,0,0,0
SNSX50.BSE_IDX,01/07/2025,09:14:47,26690.77,0,0,0,0,0,0
SNSX50.BSE_IDX,01/07/2025,09:14:49,26690.77,0,0,0,0,0,0
SNSX50.BSE_IDX,01/07/2025,09:14:49,26690.77,0,0,0,0,0,0
SNSX50.BSE_IDX,01/07/2025,09:14:49,26690.77,0,0,0,0,0,0
SNSX50.BSE_IDX,01/07/2025,09:14:51,26690.77,0,0,0,0,0,0
SNSX50.BSE_IDX,01/07/2025,09:14:52,26690.77,0,0,0,0,0,0
SNSX50.BSE_IDX,01/07/2025,09:14:53,26690.77,0,0,0,0,0,0
SNSX50.BSE_IDX,01/07/2025,09:14:54,26690.77,0,0,0,0,0,0
SNSX50.BSE_IDX,01/07/2025,09:14:55,26690.77,0,0,0,0,0,0
SNSX50.BSE_IDX,01/07/2025,09:14:57,26690.77,0,0,0,0,0,0
SNSX50.BSE_IDX,01/07/2025,09:14:57,26690.77,0,0,0,0,0,0
SNSX50.BSE_IDX,01/07/2025,09:14:58,26690.77,0,0,0,0,0,0
SNSX50.BSE_IDX,01/07/2025,09:14:59,26690.77,0,0,0,0,0,0
SNSX50.BSE_IDX,01/07/2025,09:15:00,26690.77,0,0,0,0,0,0
SNSX50.BSE_IDX,01/07/2025,09:15:01,26706.78,0,0,0,0,0,0
SNSX50.BSE_IDX,01/07/2025,09:15:03,26707.99,0,0,0,0,0,0
SNSX50.BSE_IDX,01/07/2025,09:15:03,26706.51,0,0,0,0,0,0
SNSX50.BSE_IDX,01/07/2025,09:15:04,26699.04,0,0,0,0,0,0
SNSX50.BSE_IDX,01/07/2025,09:15:04,26703.74,0,0,0,0,0,0
SNSX50.BSE_IDX,01/07/2025,09:15:05,26695.61,0,0,0,0,0,0
SNSX50.BSE_IDX,01/07/2025,09:15:06,26697.01,0,0,0,0,0,0
SNSX50.BSE_IDX,01/07/2025,09:15:09,26698.84,0,0,0,0,0,0
SNSX50.BSE_IDX,01/07/2025,09:15:10,26703.74,0,0,0,0,0,0
SNSX50.BSE_IDX,01/07/2025,09:15:10,26706.45,0,0,0,0,0,0
SNSX50.BSE_IDX,01/07/2025,09:15:11,26707.7,0,0,0,0,0,0
SNSX50.BSE_IDX,01/07/2025,09:15:11,26705.93,0,0,0,0,0,0
SNSX50.BSE_IDX,01/07/2025,09:15:12,26704.45,0,0,0,0,0,0
SNSX50.BSE_IDX,01/07/2025,09:15:14,26705.09,0,0,0,0,0,0
SNSX50.BSE_IDX,01/07/2025,09:15:15,26709.07,0,0,0,0,0,0
SNSX50.BSE_IDX,01/07/2025,09:15:16,26706.54,0,0,0,0,0,0
SNSX50.BSE_IDX,01/07/2025,09:15:16,26701.05,0,0,0,0,0,0
SNSX50.BSE_IDX,01/07/2025,09:15:17,26701.62,0,0,0,0,0,0
SNSX50.BSE_IDX,01/07/2025,09:15:18,26699.71,0,0,0,0,0,0
SNSX50.BSE_IDX,01/07/2025,09:15:19,26693.31,0,0,0,0,0,0
SNSX50.BSE_IDX,01/07/2025,09:15:20,26695.8,0,0,0,0,0,0
SNSX50.BSE_IDX,01/07/2025,09:15:22,26693.44,0,0,0,0,0,0
SNSX50.BSE_IDX,01/07/2025,09:15:22,26692.59,0,0,0,0,0,0
SNSX50.BSE_IDX,01/07/2025,09:15:24,26692.62,0,0,0,0,0,0
SNSX50.BSE_IDX,01/07/2025,09:15:25,26687.99,0,0,0,0,0,0
SNSX50.BSE_IDX,01/07/2025,09:15:26,26687.48,0,0,0,0,0,0
SNSX50.BSE_IDX,01/07/2025,09:15:27,26682.93,0,0,0,0,0,0
SNSX50.BSE_IDX,01/07/2025,09:15:27,26683.59,0,0,0,0,0,0
SNSX50.BSE_IDX,01/07/2025,09:15:30,26684.89,0,0,0,0,0,0
SNSX50.BSE_IDX,01/07/2025,09:15:30,26683.51,0,0,0,0,0,0
SNSX50.BSE_IDX,01/07/2025,09:15:31,26681.52,0,0,0,0,0,0
SNSX50.BSE_IDX,01/07/2025,09:15:32,26684.5,0,0,0,0,0,0
SNSX50.BSE_IDX,01/07/2025,09:15:33,26680.91,0,0,0,0,0,0
SNSX50.BSE_IDX,01/07/2025,09:15:34,26683.54,0,0,0,0,0,0
SNSX50.BSE_IDX,01/07/2025,09:15:35,26682.67,0,0,0,0,0,0
SNSX50.BSE_IDX,01/07/2025,09:15:36,26681.43,0,0,0,0,0,0
SNSX50.BSE_IDX,01/07/2025,09:15:37,26681.18,0,0,0,0,0,0
SNSX50.BSE_IDX,01/07/2025,09:15:38,26681.03,0,0,0,0,0,0
SNSX50.BSE_IDX,01/07/2025,09:15:39,26682,0,0,0,0,0,0
SNSX50.BSE_IDX,01/07/2025,09:15:41,26678.88,0,0,0,0,0,0
SNSX50.BSE_IDX,01/07/2025,09:15:41,26678.64,0,0,0,0,0,0
SNSX50.BSE_IDX,01/07/2025,09:15:42,26677.18,0,0,0,0,0,0
SNSX50.BSE_IDX,01/07/2025,09:15:43,26679.93,0,0,0,0,0,0
SNSX50.BSE_IDX,01/07/2025,09:15:44,26677.78,0,0,0,0,0,0
SNSX50.BSE_IDX,01/07/2025,09:15:45,26676.8,0,0,0,0,0,0
SNSX50.BSE_IDX,01/07/2025,09:15:46,26673.01,0,0,0,0,0,0
SNSX50.BSE_IDX,01/07/2025,09:15:47,26674.28,0,0,0,0,0,0
SNSX50.BSE_IDX,01/07/2025,09:15:48,26672.03,0,0,0,0,0,0
SNSX50.BSE_IDX,01/07/2025,09:15:49,26671.71,0,0,0,0,0,0
SNSX50.BSE_IDX,01/07/2025,09:15:50,26671.97,0,0,0,0,0,0
SNSX50.BSE_IDX,01/07/2025,09:15:51,26672.44,0,0,0,0,0,0
SNSX50.BSE_IDX,01/07/2025,09:15:52,26671.11,0,0,0,0,0,0
SNSX50.BSE_IDX,01/07/2025,09:15:53,26667.28,0,0,0,0,0,0
SNSX50.BSE_IDX,01/07/2025,09:15:54,26666.58,0,0,0,0,0,0
SNSX50.BSE_IDX,01/07/2025,09:15:55,26666.44,0,0,0,0,0,0
SNSX50.BSE_IDX,01/07/2025,09:15:56,26666.22,0,0,0,0,0,0
SNSX50.BSE_IDX,01/07/2025,09:15:57,26665.11,0,0,0,0,0,0
SNSX50.BSE_IDX,01/07/2025,09:15:58,26665.02,0,0,0,0,0,0
SNSX50.BSE_IDX,01/07/2025,09:15:59,26664.12,0,0,0,0,0,0
SNSX50.BSE_IDX,01/07/2025,09:16:00,26664.68,0,0,0,0,0,0
SNSX50.BSE_IDX,01/07/2025,09:16:01,26666.28,0,0,0,0,0,0
SNSX50.BSE_IDX,01/07/2025,09:16:03,26666.87,0,0,0,0,0,0
SNSX50.BSE_IDX,01/07/2025,09:16:03,26667.22,0,0,0,0,0,0
SNSX50.BSE_IDX,01/07/2025,09:16:04,26668.33,0,0,0,0,0,0
SNSX50.BSE_IDX,01/07/2025,09:16:05,26666.86,0,0,0,0,0,0
SNSX50.BSE_IDX,01/07/2025,09:16:06,26666.14,0,0,0,0,0,0
SNSX50.BSE_IDX,01/07/2025,09:16:07,26663.08,0,0,0,0,0,0
SNSX50.BSE_IDX,01/07/2025,09:16:08,26664.32,0,0,0,0,0,0
SNSX50.BSE_IDX,01/07/2025,09:16:09,26664.83,0,0,0,0,0,0
SNSX50.BSE_IDX,01/07/2025,09:16:10,26673.02,0,0,0,0,0,0
SNSX50.BSE_IDX,01/07/2025,09:16:11,26670.38,0,0,0,0,0,0
SNSX50.BSE_IDX,01/07/2025,09:16:12,26669.69,0,0,0,0,0,0
SNSX50.BSE_IDX,01/07/2025,09:16:13,26668.85,0,0,0,0,0,0
SNSX50.BSE_IDX,01/07/2025,09:16:14,26667.39,0,0,0,0,0,0
SNSX50.BSE_IDX,01/07/2025,09:16:15,26668.49,0,0,0,0,0,0
SNSX50.BSE_IDX,01/07/2025,09:16:16,26670.78,0,0,0,0,0,0
SNSX50.BSE_IDX,01/07/2025,09:16:17,26673.05,0,0,0,0,0,0
SNSX50.BSE_IDX,01/07/2025,09:16:18,26672.08,0,0,0,0,0,0
SNSX50.BSE_IDX,01/07/2025,09:16:19,26671.48,0,0,0,0,0,0
SNSX50.BSE_IDX,01/07/2025,09:16:20,26670.14,0,0,0,0,0,0
SNSX50.BSE_IDX,01/07/2025,09:16:21,26670.13,0,0,0,0,0,0
SNSX50.BSE_IDX,01/07/2025,09:16:22,26671.24,0,0,0,0,0,0
SNSX50.BSE_IDX,01/07/2025,09:16:23,26672.22,0,0,0,0,0,0
SNSX50.BSE_IDX,01/07/2025,09:16:25,26672.29,0,0,0,0,0,0
SNSX50.BSE_IDX,01/07/2025,09:16:25,26667.28,0,0,0,0,0,0
SNSX50.BSE_IDX,01/07/2025,09:16:26,26667.56,0,0,0,0,0,0
SNSX50.BSE_IDX,01/07/2025,09:16:27,26669.87,0,0,0,0,0,0
SNSX50.BSE_IDX,01/07/2025,09:16:28,26668.31,0,0,0,0,0,0
SNSX50.BSE_IDX,01/07/2025,09:16:29,26668.94,0,0,0,0,0,0
SNSX50.BSE_IDX,01/07/2025,09:16:30,26668.86,0,0,0,0,0,0
SNSX50.BSE_IDX,01/07/2025,09:16:31,26668.16,0,0,0,0,0,0
SNSX50.BSE_IDX,01/07/2025,09:16:32,26668.28,0,0,0,0,0,0
SNSX50.BSE_IDX,01/07/2025,09:16:33,26669.29,0,0,0,0,0,0
SNSX50.BSE_IDX,01/07/2025,09:16:34,26669.67,0,0,0,0,0,0
SNSX50.BSE_IDX,01/07/2025,09:16:36,26668.62,0,0,0,0,0,0
SNSX50.BSE_IDX,01/07/2025,09:16:36,26671.3,0,0,0,0,0,0
SNSX50.BSE_IDX,01/07/2025,09:16:37,26666.01,0,0,0,0,0,0
SNSX50.BSE_IDX,01/07/2025,09:16:38,26669.02,0,0,0,0,0,0
SNSX50.BSE_IDX,01/07/2025,09:16:39,26668.9,0,0,0,0,0,0
SNSX50.BSE_IDX,01/07/2025,09:16:40,26668.67,0,0,0,0,0,0
SNSX50.BSE_IDX,01/07/2025,09:16:41,26667.4,0,0,0,0,0,0
SNSX50.BSE_IDX,01/07/2025,09:16:42,26666.26,0,0,0,0,0,0
SNSX50.BSE_IDX,01/07/2025,09:16:43,26668.04,0,0,0,0,0,0
SNSX50.BSE_IDX,01/07/2025,09:16:44,26667.91,0,0,0,0,0,0
SNSX50.BSE_IDX,01/07/2025,09:16:45,26662.31,0,0,0,0,0,0
SNSX50.BSE_IDX,01/07/2025,09:16:46,26658.1,0,0,0,0,0,0
SNSX50.BSE_IDX,01/07/2025,09:16:47,26658.99,0,0,0,0,0,0
SNSX50.BSE_IDX,01/07/2025,09:16:48,26659.77,0,0,0,0,0,0
SNSX50.BSE_IDX,01/07/2025,09:16:49,26658.34,0,0,0,0,0,0
SNSX50.BSE_IDX,01/07/2025,09:16:50,26660.64,0,0,0,0,0,0
SNSX50.BSE_IDX,01/07/2025,09:16:51,26660.35,0,0,0,0,0,0
SNSX50.BSE_IDX,01/07/2025,09:16:52,26662.16,0,0,0,0,0,0
SNSX50.BSE_IDX,01/07/2025,09:16:53,26662.59,0,0,0,0,0,0
SNSX50.BSE_IDX,01/07/2025,09:16:54,26663.65,0,0,0,0,0,0
SNSX50.BSE_IDX,01/07/2025,09:16:55,26663.73,0,0,0,0,0,0
SNSX50.BSE_IDX,01/07/2025,09:16:56,26661.07,0,0,0,0,0,0
SNSX50.BSE_IDX,01/07/2025,09:16:57,26663.84,0,0,0,0,0,0
SNSX50.BSE_IDX,01/07/2025,09:16:58,26664.24,0,0,0,0,0,0
SNSX50.BSE_IDX,01/07/2025,09:16:59,26663.83,0,0,0,0,0,0
SNSX50.BSE_IDX,01/07/2025,09:17:00,26662.84,0,0,0,0,0,0
SNSX50.BSE_IDX,01/07/2025,09:17:01,26658.19,0,0,0,0,0,0
SNSX50.BSE_IDX,01/07/2025,09:17:02,26660.83,0,0,0,0,0,0
SNSX50.BSE_IDX,01/07/2025,09:17:03,26660.44,0,0,0,0,0,0
SNSX50.BSE_IDX,01/07/2025,09:17:04,26662.75,0,0,0,0,0,0
SNSX50.BSE_IDX,01/07/2025,09:17:05,26662.35,0,0,0,0,0,0
SNSX50.BSE_IDX,01/07/2025,09:17:06,26659.33,0,0,0,0,0,0
SNSX50.BSE_IDX,01/07/2025,09:17:07,26656.04,0,0,0,0,0,0
SNSX50.BSE_IDX,01/07/2025,09:17:08,26657.28,0,0,0,0,0,0
SNSX50.BSE_IDX,01/07/2025,09:17:09,26656.95,0,0,0,0,0,0
SNSX50.BSE_IDX,01/07/2025,09:17:10,26657.59,0,0,0,0,0,0
SNSX50.BSE_IDX,01/07/2025,09:17:12,26656.53,0,0,0,0,0,0
SNSX50.BSE_IDX,01/07/2025,09:17:12,26658.78,0,0,0,0,0,0
SNSX50.BSE_IDX,01/07/2025,09:17:13,26657.64,0,0,0,0,0,0
SNSX50.BSE_IDX,01/07/2025,09:17:14,26658.84,0,0,0,0,0,0
SNSX50.BSE_IDX,01/07/2025,09:17:15,26657.9,0,0,0,0,0,0
SNSX50.BSE_IDX,01/07/2025,09:17:16,26657.87,0,0,0,0,0,0
SNSX50.BSE_IDX,01/07/2025,09:17:17,26658.18,0,0,0,0,0,0
SNSX50.BSE_IDX,01/07/2025,09:17:18,26656.69,0,0,0,0,0,0
SNSX50.BSE_IDX,01/07/2025,09:17:19,26657.69,0,0,0,0,0,0
SNSX50.BSE_IDX,01/07/2025,09:17:20,26659.06,0,0,0,0,0,0
SNSX50.BSE_IDX,01/07/2025,09:17:22,26660.91,0,0,0,0,0,0
SNSX50.BSE_IDX,01/07/2025,09:17:22,26661.58,0,0,0,0,0,0
SNSX50.BSE_IDX,01/07/2025,09:17:23,26661.88,0,0,0,0,0,0
SNSX50.BSE_IDX,01/07/2025,09:17:24,26660.44,0,0,0,0,0,0
SNSX50.BSE_IDX,01/07/2025,09:17:25,26661.18,0,0,0,0,0,0
SNSX50.BSE_IDX,01/07/2025,09:17:26,26662.38,0,0,0,0,0,0
SNSX50.BSE_IDX,01/07/2025,09:17:27,26660.37,0,0,0,0,0,0
SNSX50.BSE_IDX,01/07/2025,09:17:28,26661.49,0,0,0,0,0,0
SNSX50.BSE_IDX,01/07/2025,09:17:29,26661.19,0,0,0,0,0,0
SNSX50.BSE_IDX,01/07/2025,09:17:30,26659.26,0,0,0,0,0,0
SNSX50.BSE_IDX,01/07/2025,09:17:31,26659.86,0,0,0,0,0,0
SNSX50.BSE_IDX,01/07/2025,09:17:33,26660.13,0,0,0,0,0,0
SNSX50.BSE_IDX,01/07/2025,09:17:33,26667.13,0,0,0,0,0,0
SNSX50.BSE_IDX,01/07/2025,09:17:34,26667.09,0,0,0,0,0,0
SNSX50.BSE_IDX,01/07/2025,09:17:35,26667.28,0,0,0,0,0,0
SNSX50.BSE_IDX,01/07/2025,09:17:36,26665.25,0,0,0,0,0,0
SNSX50.BSE_IDX,01/07/2025,09:17:37,26665.44,0,0,0,0,0,0
SNSX50.BSE_IDX,01/07/2025,09:17:38,26666.5,0,0,0,0,0,0
SNSX50.BSE_IDX,01/07/2025,09:17:39,26667.27,0,0,0,0,0,0
SNSX50.BSE_IDX,01/07/2025,09:17:40,26669.67,0,0,0,0,0,0
SNSX50.BSE_IDX,01/07/2025,09:17:41,26671.99,0,0,0,0,0,0
SNSX50.BSE_IDX,01/07/2025,09:17:43,26670.96,0,0,0,0,0,0
SNSX50.BSE_IDX,01/07/2025,09:17:44,26672.45,0,0,0,0,0,0
SNSX50.BSE_IDX,01/07/2025,09:17:44,26671.41,0,0,0,0,0,0
SNSX50.BSE_IDX,01/07/2025,09:17:45,26671.58,0,0,0,0,0,0
SNSX50.BSE_IDX,01/07/2025,09:17:46,26672.72,0,0,0,0,0,0
SNSX50.BSE_IDX,01/07/2025,09:17:47,26673.48,0,0,0,0,0,0
SNSX50.BSE_IDX,01/07/2025,09:17:48,26673.54,0,0,0,0,0,0
SNSX50.BSE_IDX,01/07/2025,09:17:49,26673.57,0,0,0,0,0,0
SNSX50.BSE_IDX,01/07/2025,09:17:50,26675.57,0,0,0,0,0,0
SNSX50.BSE_IDX,01/07/2025,09:17:51,26677.28,0,0,0,0,0,0
SNSX50.BSE_IDX,01/07/2025,09:17:52,26677.39,0,0,0,0,0,0
SNSX50.BSE_IDX,01/07/2025,09:17:53,26676.34,0,0,0,0,0,0
SNSX50.BSE_IDX,01/07/2025,09:17:54,26676.02,0,0,0,0,0,0
SNSX50.BSE_IDX,01/07/2025,09:17:55,26675.2,0,0,0,0,0,0
SNSX50.BSE_IDX,01/07/2025,09:17:57,26674.74,0,0,0,0,0,0
SNSX50.BSE_IDX,01/07/2025,09:17:58,26674.46,0,0,0,0,0,0
SNSX50.BSE_IDX,01/07/2025,09:17:58,26675.09,0,0,0,0,0,0
SNSX50.BSE_IDX,01/07/2025,09:17:59,26674.81,0,0,0,0,0,0
SNSX50.BSE_IDX,01/07/2025,09:18:00,26675.66,0,0,0,0,0,0
SNSX50.BSE_IDX,01/07/2025,09:18:01,26676.16,0,0,0,0,0,0
SNSX50.BSE_IDX,01/07/2025,09:18:02,26676.86,0,0,0,0,0,0
SNSX50.BSE_IDX,01/07/2025,09:18:03,26679.82,0,0,0,0,0,0
SNSX50.BSE_IDX,01/07/2025,09:18:04,26679.61,0,0,0,0,0,0
SNSX50.BSE_IDX,01/07/2025,09:18:05,26680.25,0,0,0,0,0,0
SNSX50.BSE_IDX,01/07/2025,09:18:06,26680.44,0,0,0,0,0,0
SNSX50.BSE_IDX,01/07/2025,09:18:07,26680.08,0,0,0,0,0,0
SNSX50.BSE_IDX,01/07/2025,09:18:08,26682.18,0,0,0,0,0,0
SNSX50.BSE_IDX,01/07/2025,09:18:09,26681.84,0,0,0,0,0,0
SNSX50.BSE_IDX,01/07/2025,09:18:10,26683.84,0,0,0,0,0,0
SNSX50.BSE_IDX,01/07/2025,09:18:11,26683.47,0,0,0,0,0,0
SNSX50.BSE_IDX,01/07/2025,09:18:12,26683.6,0,0,0,0,0,0
SNSX50.BSE_IDX,01/07/2025,09:18:13,26682.68,0,0,0,0,0,0
SNSX50.BSE_IDX,01/07/2025,09:18:14,26683.01,0,0,0,0,0,0
SNSX50.BSE_IDX,01/07/2025,09:18:15,26682.81,0,0,0,0,0,0
SNSX50.BSE_IDX,01/07/2025,09:18:16,26682.89,0,0,0,0,0,0
SNSX50.BSE_IDX,01/07/2025,09:18:17,26683.28,0,0,0,0,0,0
SNSX50.BSE_IDX,01/07/2025,09:18:18,26681.92,0,0,0,0,0,0
SNSX50.BSE_IDX,01/07/2025,09:18:19,26682.77,0,0,0,0,0,0
SNSX50.BSE_IDX,01/07/2025,09:18:20,26683.32,0,0,0,0,0,0
SNSX50.BSE_IDX,01/07/2025,09:18:21,26682.02,0,0,0,0,0,0
SNSX50.BSE_IDX,01/07/2025,09:18:22,26682.08,0,0,0,0,0,0
SNSX50.BSE_IDX,01/07/2025,09:18:23,26681.16,0,0,0,0,0,0
SNSX50.BSE_IDX,01/07/2025,09:18:24,26685.14,0,0,0,0,0,0
SNSX50.BSE_IDX,01/07/2025,09:18:25,26684.65,0,0,0,0,0,0
SNSX50.BSE_IDX,01/07/2025,09:18:26,26681.81,0,0,0,0,0,0
SNSX50.BSE_IDX,01/07/2025,09:18:27,26679.53,0,0,0,0,0,0
SNSX50.BSE_IDX,01/07/2025,09:18:28,26680.36,0,0,0,0,0,0
SNSX50.BSE_IDX,01/07/2025,09:18:29,26680,0,0,0,0,0,0
SNSX50.BSE_IDX,01/07/2025,09:18:30,26681.51,0,0,0,0,0,0
SNSX50.BSE_IDX,01/07/2025,09:18:31,26681.78,0,0,0,0,0,0
SNSX50.BSE_IDX,01/07/2025,09:18:32,26681.17,0,0,0,0,0,0
SNSX50.BSE_IDX,01/07/2025,09:18:33,26684.02,0,0,0,0,0,0
SNSX50.BSE_IDX,01/07/2025,09:18:34,26684.2,0,0,0,0,0,0
SNSX50.BSE_IDX,01/07/2025,09:18:35,26683.75,0,0,0,0,0,0
SNSX50.BSE_IDX,01/07/2025,09:18:36,26684.64,0,0,0,0,0,0
SNSX50.BSE_IDX,01/07/2025,09:18:37,26684.27,0,0,0,0,0,0
SNSX50.BSE_IDX,01/07/2025,09:18:38,26683.68,0,0,0,0,0,0
SNSX50.BSE_IDX,01/07/2025,09:18:39,26683.18,0,0,0,0,0,0
SNSX50.BSE_IDX,01/07/2025,09:18:40,26684.95,0,0,0,0,0,0
SNSX50.BSE_IDX,01/07/2025,09:18:41,26683.6,0,0,0,0,0,0
SNSX50.BSE_IDX,01/07/2025,09:18:43,26683.12,0,0,0,0,0,0
SNSX50.BSE_IDX,01/07/2025,09:18:43,26683.14,0,0,0,0,0,0
SNSX50.BSE_IDX,01/07/2025,09:18:44,26683.5,0,0,0,0,0,0
SNSX50.BSE_IDX,01/07/2025,09:18:45,26682.93,0,0,0,0,0,0
SNSX50.BSE_IDX,01/07/2025,09:18:46,26682.07,0,0,0,0,0,0
SNSX50.BSE_IDX,01/07/2025,09:18:47,26682.64,0,0,0,0,0,0
SNSX50.BSE_IDX,01/07/2025,09:18:48,26684.81,0,0,0,0,0,0
SNSX50.BSE_IDX,01/07/2025,09:18:49,26684.69,0,0,0,0,0,0
SNSX50.BSE_IDX,01/07/2025,09:18:50,26685.85,0,0,0,0,0,0
SNSX50.BSE_IDX,01/07/2025,09:18:51,26685.75,0,0,0,0,0,0
SNSX50.BSE_IDX,01/07/2025,09:18:52,26684.74,0,0,0,0,0,0
SNSX50.BSE_IDX,01/07/2025,09:18:53,26683.37,0,0,0,0,0,0
SNSX50.BSE_IDX,01/07/2025,09:18:54,26684.03,0,0,0,0,0,0
SNSX50.BSE_IDX,01/07/2025,09:18:56,26685.08,0,0,0,0,0,0
SNSX50.BSE_IDX,01/07/2025,09:18:56,26683.76,0,0,0,0,0,0
SNSX50.BSE_IDX,01/07/2025,09:18:57,26683.4,0,0,0,0,0,0
SNSX50.BSE_IDX,01/07/2025,09:18:58,26682.7,0,0,0,0,0,0
SNSX50.BSE_IDX,01/07/2025,09:18:59,26681.88,0,0,0,0,0,0
SNSX50.BSE_IDX,01/07/2025,09:19:00,26681.38,0,0,0,0,0,0
SNSX50.BSE_IDX,01/07/2025,09:19:01,26681.24,0,0,0,0,0,0
SNSX50.BSE_IDX,01/07/2025,09:19:02,26682.29,0,0,0,0,0,0
SNSX50.BSE_IDX,01/07/2025,09:19:03,26682.15,0,0,0,0,0,0
SNSX50.BSE_IDX,01/07/2025,09:19:04,26682.46,0,0,0,0,0,0
SNSX50.BSE_IDX,01/07/2025,09:19:06,26680.83,0,0,0,0,0,0
SNSX50.BSE_IDX,01/07/2025,09:19:07,26681.07,0,0,0,0,0,0
SNSX50.BSE_IDX,01/07/2025,09:19:07,26680.89,0,0,0,0,0,0
SNSX50.BSE_IDX,01/07/2025,09:19:08,26680.69,0,0,0,0,0,0
SNSX50.BSE_IDX,01/07/2025,09:19:09,26677.74,0,0,0,0,0,0
SNSX50.BSE_IDX,01/07/2025,09:19:10,26675.06,0,0,0,0,0,0
SNSX50.BSE_IDX,01/07/2025,09:19:11,26676.6,0,0,0,0,0,0
SNSX50.BSE_IDX,01/07/2025,09:19:12,26679.8,0,0,0,0,0,0
SNSX50.BSE_IDX,01/07/2025,09:19:13,26679.74,0,0,0,0,0,0
SNSX50.BSE_IDX,01/07/2025,09:19:14,26679.67,0,0,0,0,0,0
SNSX50.BSE_IDX,01/07/2025,09:19:15,26679.56,0,0,0,0,0,0
SNSX50.BSE_IDX,01/07/2025,09:19:16,26679.8,0,0,0,0,0,0
SNSX50.BSE_IDX,01/07/2025,09:19:17,26679.13,0,0,0,0,0,0
SNSX50.BSE_IDX,01/07/2025,09:19:18,26679.41,0,0,0,0,0,0
SNSX50.BSE_IDX,01/07/2025,09:19:19,26677.57,0,0,0,0,0,0
SNSX50.BSE_IDX,01/07/2025,09:19:20,26680.21,0,0,0,0,0,0
SNSX50.BSE_IDX,01/07/2025,09:19:21,26680.4,0,0,0,0,0,0
SNSX50.BSE_IDX,01/07/2025,09:19:22,26679.9,0,0,0,0,0,0
SNSX50.BSE_IDX,01/07/2025,09:19:23,26680.98,0,0,0,0,0,0
SNSX50.BSE_IDX,01/07/2025,09:19:24,26678.83,0,0,0,0,0,0
SNSX50.BSE_IDX,01/07/2025,09:19:25,26676.42,0,0,0,0,0,0
SNSX50.BSE_IDX,01/07/2025,09:19:26,26676.33,0,0,0,0,0,0
SNSX50.BSE_IDX,01/07/2025,09:19:27,26677.79,0,0,0,0,0,0
SNSX50.BSE_IDX,01/07/2025,09:19:28,26676.87,0,0,0,0,0,0
SNSX50.BSE_IDX,01/07/2025,09:19:29,26677.14,0,0,0,0,0,0
SNSX50.BSE_IDX,01/07/2025,09:19:30,26678.95,0,0,0,0,0,0
SNSX50.BSE_IDX,01/07/2025,09:19:31,26679.91,0,0,0,0,0,0
SNSX50.BSE_IDX,01/07/2025,09:19:32,26679.95,0,0,0,0,0,0
SNSX50.BSE_IDX,01/07/2025,09:19:33,26680.41,0,0,0,0,0,0
SNSX50.BSE_IDX,01/07/2025,09:19:34,26680.89,0,0,0,0,0,0
SNSX50.BSE_IDX,01/07/2025,09:19:35,26682.13,0,0,0,0,0,0
SNSX50.BSE_IDX,01/07/2025,09:19:36,26681.07,0,0,0,0,0,0
SNSX50.BSE_IDX,01/07/2025,09:19:37,26680.83,0,0,0,0,0,0
SNSX50.BSE_IDX,01/07/2025,09:19:38,26681.15,0,0,0,0,0,0
SNSX50.BSE_IDX,01/07/2025,09:19:39,26682.19,0,0,0,0,0,0
SNSX50.BSE_IDX,01/07/2025,09:19:41,26680.15,0,0,0,0,0,0
SNSX50.BSE_IDX,01/07/2025,09:19:41,26679.62,0,0,0,0,0,0
SNSX50.BSE_IDX,01/07/2025,09:19:42,26679.3,0,0,0,0,0,0
SNSX50.BSE_IDX,01/07/2025,09:19:43,26679.27,0,0,0,0,0,0
SNSX50.BSE_IDX,01/07/2025,09:19:44,26680.73,0,0,0,0,0,0
SNSX50.BSE_IDX,01/07/2025,09:19:45,26680.71,0,0,0,0,0,0
SNSX50.BSE_IDX,01/07/2025,09:19:46,26680.33,0,0,0,0,0,0
SNSX50.BSE_IDX,01/07/2025,09:19:47,26679.66,0,0,0,0,0,0
SNSX50.BSE_IDX,01/07/2025,09:19:48,26678.04,0,0,0,0,0,0
SNSX50.BSE_IDX,01/07/2025,09:19:49,26677.15,0,0,0,0,0,0
SNSX50.BSE_IDX,01/07/2025,09:19:52,26676.89,0,0,0,0,0,0
SNSX50.BSE_IDX,01/07/2025,09:19:52,26681.73,0,0,0,0,0,0
SNSX50.BSE_IDX,01/07/2025,09:19:52,26682.46,0,0,0,0,0,0
SNSX50.BSE_IDX,01/07/2025,09:19:53,26682.19,0,0,0,0,0,0
SNSX50.BSE_IDX,01/07/2025,09:19:54,26682.21,0,0,0,0,0,0
SNSX50.BSE_IDX,01/07/2025,09:19:55,26681.84,0,0,0,0,0,0
SNSX50.BSE_IDX,01/07/2025,09:19:56,26681.61,0,0,0,0,0,0
SNSX50.BSE_IDX,01/07/2025,09:19:57,26681.72,0,0,0,0,0,0
SNSX50.BSE_IDX,01/07/2025,09:19:58,26681.33,0,0,0,0,0,0
SNSX50.BSE_IDX,01/07/2025,09:19:59,26680.26,0,0,0,0,0,0
SNSX50.BSE_IDX,01/07/2025,09:20:00,26679.09,0,0,0,0,0,0
SNSX50.BSE_IDX,01/07/2025,09:20:02,26681.88,0,0,0,0,0,0
SNSX50.BSE_IDX,01/07/2025,09:20:03,26681.21,0,0,0,0,0,0
SNSX50.BSE_IDX,01/07/2025,09:20:03,26682.39,0,0,0,0,0,0
SNSX50.BSE_IDX,01/07/2025,09:20:04,26682.64,0,0,0,0,0,0
SNSX50.BSE_IDX,01/07/2025,09:20:05,26683.2,0,0,0,0,0,0
SNSX50.BSE_IDX,01/07/2025,09:20:06,26683.14,0,0,0,0,0,0
SNSX50.BSE_IDX,01/07/2025,09:20:07,26682.62,0,0,0,0,0,0
SNSX50.BSE_IDX,01/07/2025,09:20:08,26684.44,0,0,0,0,0,0
SNSX50.BSE_IDX,01/07/2025,09:20:09,26684.08,0,0,0,0,0,0
SNSX50.BSE_IDX,01/07/2025,09:20:10,26683.86,0,0,0,0,0,0
SNSX50.BSE_IDX,01/07/2025,09:20:12,26684.96,0,0,0,0,0,0
SNSX50.BSE_IDX,01/07/2025,09:20:13,26683.7,0,0,0,0,0,0
SNSX50.BSE_IDX,01/07/2025,09:20:13,26684.04,0,0,0,0,0,0
SNSX50.BSE_IDX,01/07/2025,09:20:14,26683.8,0,0,0,0,0,0
SNSX50.BSE_IDX,01/07/2025,09:20:15,26685.88,0,0,0,0,0,0
SNSX50.BSE_IDX,01/07/2025,09:20:16,26685.69,0,0,0,0,0,0
SNSX50.BSE_IDX,01/07/2025,09:20:17,26685.29,0,0,0,0,0,0
SNSX50.BSE_IDX,01/07/2025,09:20:18,26685.42,0,0,0,0,0,0
SNSX50.BSE_IDX,01/07/2025,09:20:19,26685.16,0,0,0,0,0,0
SNSX50.BSE_IDX,01/07/2025,09:20:20,26685.1,0,0,0,0,0,0
SNSX50.BSE_IDX,01/07/2025,09:20:21,26685,0,0,0,0,0,0
SNSX50.BSE_IDX,01/07/2025,09:20:22,26685.25,0,0,0,0,0,0
SNSX50.BSE_IDX,01/07/2025,09:20:24,26686.72,0,0,0,0,0,0
SNSX50.BSE_IDX,01/07/2025,09:20:24,26685.78,0,0,0,0,0,0
SNSX50.BSE_IDX,01/07/2025,09:20:25,26686.89,0,0,0,0,0,0
SNSX50.BSE_IDX,01/07/2025,09:20:26,26687.21,0,0,0,0,0,0
SNSX50.BSE_IDX,01/07/2025,09:20:27,26687.86,0,0,0,0,0,0
SNSX50.BSE_IDX,01/07/2025,09:20:28,26688.76,0,0,0,0,0,0
SNSX50.BSE_IDX,01/07/2025,09:20:29,26687.55,0,0,0,0,0,0
SNSX50.BSE_IDX,01/07/2025,09:20:30,26688.57,0,0,0,0,0,0
SNSX50.BSE_IDX,01/07/2025,09:20:31,26689.36,0,0,0,0,0,0
SNSX50.BSE_IDX,01/07/2025,09:20:32,26689.46,0,0,0,0,0,0
SNSX50.BSE_IDX,01/07/2025,09:20:33,26689.73,0,0,0,0,0,0
SNSX50.BSE_IDX,01/07/2025,09:20:34,26691.49,0,0,0,0,0,0
SNSX50.BSE_IDX,01/07/2025,09:20:35,26692.23,0,0,0,0,0,0
SNSX50.BSE_IDX,01/07/2025,09:20:36,26691.22,0,0,0,0,0,0
SNSX50.BSE_IDX,01/07/2025,09:20:38,26694.23,0,0,0,0,0,0
SNSX50.BSE_IDX,01/07/2025,09:20:39,26691.75,0,0,0,0,0,0
SNSX50.BSE_IDX,01/07/2025,09:20:39,26690.77,0,0,0,0,0,0
SNSX50.BSE_IDX,01/07/2025,09:20:40,26690.53,0,0,0,0,0,0
SNSX50.BSE_IDX,01/07/2025,09:20:41,26690.8,0,0,0,0,0,0
SNSX50.BSE_IDX,01/07/2025,09:20:42,26690.46,0,0,0,0,0,0
SNSX50.BSE_IDX,01/07/2025,09:20:43,26689.29,0,0,0,0,0,0
SNSX50.BSE_IDX,01/07/2025,09:20:44,26689.68,0,0,0,0,0,0
SNSX50.BSE_IDX,01/07/2025,09:20:45,26689.44,0,0,0,0,0,0
SNSX50.BSE_IDX,01/07/2025,09:20:46,26690.24,0,0,0,0,0,0
SNSX50.BSE_IDX,01/07/2025,09:20:47,26689.61,0,0,0,0,0,0
SNSX50.BSE_IDX,01/07/2025,09:20:48,26690.63,0,0,0,0,0,0
SNSX50.BSE_IDX,01/07/2025,09:20:50,26690.49,0,0,0,0,0,0
SNSX50.BSE_IDX,01/07/2025,09:20:51,26689.37,0,0,0,0,0,0
SNSX50.BSE_IDX,01/07/2025,09:20:52,26688.45,0,0,0,0,0,0
SNSX50.BSE_IDX,01/07/2025,09:20:52,26690,0,0,0,0,0,0
SNSX50.BSE_IDX,01/07/2025,09:20:53,26688.75,0,0,0,0,0,0
SNSX50.BSE_IDX,01/07/2025,09:20:54,26687.53,0,0,0,0,0,0
SNSX50.BSE_IDX,01/07/2025,09:20:55,26688.11,0,0,0,0,0,0
SNSX50.BSE_IDX,01/07/2025,09:20:56,26687.66,0,0,0,0,0,0
SNSX50.BSE_IDX,01/07/2025,09:20:57,26687.88,0,0,0,0,0,0
SNSX50.BSE_IDX,01/07/2025,09:20:58,26687.32,0,0,0,0,0,0
SNSX50.BSE_IDX,01/07/2025,09:20:59,26687.02,0,0,0,0,0,0
SNSX50.BSE_IDX,01/07/2025,09:21:00,26686.71,0,0,0,0,0,0
SNSX50.BSE_IDX,01/07/2025,09:21:02,26688.25,0,0,0,0,0,0
SNSX50.BSE_IDX,01/07/2025,09:21:03,26688,0,0,0,0,0,0
SNSX50.BSE_IDX,01/07/2025,09:21:03,26687.34,0,0,0,0,0,0
SNSX50.BSE_IDX,01/07/2025,09:21:04,26688.53,0,0,0,0,0,0
SNSX50.BSE_IDX,01/07/2025,09:21:05,26689.06,0,0,0,0,0,0
SNSX50.BSE_IDX,01/07/2025,09:21:06,26689.02,0,0,0,0,0,0
SNSX50.BSE_IDX,01/07/2025,09:21:07,26688.01,0,0,0,0,0,0
SNSX50.BSE_IDX,01/07/2025,09:21:08,26689.63,0,0,0,0,0,0
SNSX50.BSE_IDX,01/07/2025,09:21:09,26690.34,0,0,0,0,0,0
SNSX50.BSE_IDX,01/07/2025,09:21:10,26691.16,0,0,0,0,0,0
SNSX50.BSE_IDX,01/07/2025,09:21:11,26691.97,0,0,0,0,0,0
SNSX50.BSE_IDX,01/07/2025,09:21:12,26691.34,0,0,0,0,0,0
SNSX50.BSE_IDX,01/07/2025,09:21:13,26693.64,0,0,0,0,0,0
SNSX50.BSE_IDX,01/07/2025,09:21:14,26694.9,0,0,0,0,0,0
SNSX50.BSE_IDX,01/07/2025,09:21:15,26694.87,0,0,0,0,0,0
SNSX50.BSE_IDX,01/07/2025,09:21:16,26696.51,0,0,0,0,0,0
SNSX50.BSE_IDX,01/07/2025,09:21:17,26696.19,0,0,0,0,0,0
SNSX50.BSE_IDX,01/07/2025,09:21:18,26696.37,0,0,0,0,0,0
SNSX50.BSE_IDX,01/07/2025,09:21:19,26696.87,0,0,0,0,0,0
SNSX50.BSE_IDX,01/07/2025,09:21:20,26697.74,0,0,0,0,0,0
SNSX50.BSE_IDX,01/07/2025,09:21:21,26700.87,0,0,0,0,0,0
SNSX50.BSE_IDX,01/07/2025,09:21:23,26700.55,0,0,0,0,0,0
SNSX50.BSE_IDX,01/07/2025,09:21:23,26701.15,0,0,0,0,0,0
SNSX50.BSE_IDX,01/07/2025,09:21:24,26700.56,0,0,0,0,0,0
SNSX50.BSE_IDX,01/07/2025,09:21:25,26700.49,0,0,0,0,0,0
SNSX50.BSE_IDX,01/07/2025,09:21:26,26698.11,0,0,0,0,0,0
SNSX50.BSE_IDX,01/07/2025,09:21:27,26698.5,0,0,0,0,0,0
SNSX50.BSE_IDX,01/07/2025,09:21:28,26698.33,0,0,0,0,0,0
SNSX50.BSE_IDX,01/07/2025,09:21:29,26698.51,0,0,0,0,0,0
SNSX50.BSE_IDX,01/07/2025,09:21:30,26698.69,0,0,0,0,0,0
SNSX50.BSE_IDX,01/07/2025,09:21:31,26700.63,0,0,0,0,0,0
SNSX50.BSE_IDX,01/07/2025,09:21:32,26702.4,0,0,0,0,0,0
SNSX50.BSE_IDX,01/07/2025,09:21:33,26702.15,0,0,0,0,0,0
SNSX50.BSE_IDX,01/07/2025,09:21:34,26701.87,0,0,0,0,0,0
SNSX50.BSE_IDX,01/07/2025,09:21:36,26702.59,0,0,0,0,0,0
SNSX50.BSE_IDX,01/07/2025,09:21:36,26701.16,0,0,0,0,0,0
SNSX50.BSE_IDX,01/07/2025,09:21:37,26703.32,0,0,0,0,0,0
SNSX50.BSE_IDX,01/07/2025,09:21:38,26702.47,0,0,0,0,0,0
SNSX50.BSE_IDX,01/07/2025,09:21:39,26704.24,0,0,0,0,0,0
SNSX50.BSE_IDX,01/07/2025,09:21:40,26703.43,0,0,0,0,0,0
SNSX50.BSE_IDX,01/07/2025,09:21:41,26704.43,0,0,0,0,0,0
SNSX50.BSE_IDX,01/07/2025,09:21:42,26704.74,0,0,0,0,0,0
SNSX50.BSE_IDX,01/07/2025,09:21:43,26705.98,0,0,0,0,0,0
SNSX50.BSE_IDX,01/07/2025,09:21:44,26704.73,0,0,0,0,0,0
SNSX50.BSE_IDX,01/07/2025,09:21:45,26705.64,0,0,0,0,0,0
SNSX50.BSE_IDX,01/07/2025,09:21:46,26705.84,0,0,0,0,0,0
SNSX50.BSE_IDX,01/07/2025,09:21:47,26708.28,0,0,0,0,0,0
SNSX50.BSE_IDX,01/07/2025,09:21:48,26708.55,0,0,0,0,0,0
SNSX50.BSE_IDX,01/07/2025,09:21:49,26707.91,0,0,0,0,0,0
SNSX50.BSE_IDX,01/07/2025,09:21:50,26707.85,0,0,0,0,0,0
SNSX50.BSE_IDX,01/07/2025,09:21:51,26706.88,0,0,0,0,0,0
SNSX50.BSE_IDX,01/07/2025,09:21:52,26709.62,0,0,0,0,0,0
SNSX50.BSE_IDX,01/07/2025,09:21:53,26709.92,0,0,0,0,0,0
SNSX50.BSE_IDX,01/07/2025,09:21:54,26708.69,0,0,0,0,0,0
SNSX50.BSE_IDX,01/07/2025,09:21:55,26710.03,0,0,0,0,0,0
SNSX50.BSE_IDX,01/07/2025,09:21:56,26707.95,0,0,0,0,0,0
SNSX50.BSE_IDX,01/07/2025,09:21:57,26709.44,0,0,0,0,0,0
SNSX50.BSE_IDX,01/07/2025,09:21:58,26709.83,0,0,0,0,0,0
SNSX50.BSE_IDX,01/07/2025,09:21:59,26708.42,0,0,0,0,0,0
SNSX50.BSE_IDX,01/07/2025,09:22:01,26709.21,0,0,0,0,0,0
SNSX50.BSE_IDX,01/07/2025,09:22:01,26710.72,0,0,0,0,0,0
SNSX50.BSE_IDX,01/07/2025,09:22:02,26709.01,0,0,0,0,0,0
SNSX50.BSE_IDX,01/07/2025,09:22:03,26708.81,0,0,0,0,0,0
SNSX50.BSE_IDX,01/07/2025,09:22:04,26708.39,0,0,0,0,0,0
SNSX50.BSE_IDX,01/07/2025,09:22:05,26707.92,0,0,0,0,0,0
SNSX50.BSE_IDX,01/07/2025,09:22:06,26708.07,0,0,0,0,0,0
SNSX50.BSE_IDX,01/07/2025,09:22:07,26707.51,0,0,0,0,0,0
SNSX50.BSE_IDX,01/07/2025,09:22:08,26705.94,0,0,0,0,0,0
SNSX50.BSE_IDX,01/07/2025,09:22:09,26707.08,0,0,0,0,0,0
SNSX50.BSE_IDX,01/07/2025,09:22:10,26707.38,0,0,0,0,0,0
SNSX50.BSE_IDX,01/07/2025,09:22:11,26705.41,0,0,0,0,0,0
SNSX50.BSE_IDX,01/07/2025,09:22:12,26704.74,0,0,0,0,0,0
SNSX50.BSE_IDX,01/07/2025,09:22:13,26704.52,0,0,0,0,0,0
SNSX50.BSE_IDX,01/07/2025,09:22:14,26705.49,0,0,0,0,0,0
SNSX50.BSE_IDX,01/07/2025,09:22:15,26705.81,0,0,0,0,0,0
SNSX50.BSE_IDX,01/07/2025,09:22:16,26707.38,0,0,0,0,0,0
SNSX50.BSE_IDX,01/07/2025,09:22:17,26707.75,0,0,0,0,0,0
SNSX50.BSE_IDX,01/07/2025,09:22:18,26709.22,0,0,0,0,0,0
SNSX50.BSE_IDX,01/07/2025,09:22:19,26711.25,0,0,0,0,0,0
SNSX50.BSE_IDX,01/07/2025,09:22:20,26711.64,0,0,0,0,0,0
SNSX50.BSE_IDX,01/07/2025,09:22:21,26711.97,0,0,0,0,0,0
SNSX50.BSE_IDX,01/07/2025,09:22:22,26711.88,0,0,0,0,0,0
SNSX50.BSE_IDX,01/07/2025,09:22:23,26711.9,0,0,0,0,0,0
SNSX50.BSE_IDX,01/07/2025,09:22:24,26713.27,0,0,0,0,0,0
SNSX50.BSE_IDX,01/07/2025,09:22:25,26713.09,0,0,0,0,0,0
SNSX50.BSE_IDX,01/07/2025,09:22:26,26711.09,0,0,0,0,0,0
SNSX50.BSE_IDX,01/07/2025,09:22:27,26711.24,0,0,0,0,0,0
SNSX50.BSE_IDX,01/07/2025,09:22:28,26713.09,0,0,0,0,0,0
SNSX50.BSE_IDX,01/07/2025,09:22:29,26714.28,0,0,0,0,0,0
SNSX50.BSE_IDX,01/07/2025,09:22:30,26714.83,0,0,0,0,0,0
SNSX50.BSE_IDX,01/07/2025,09:22:31,26716.11,0,0,0,0,0,0
SNSX50.BSE_IDX,01/07/2025,09:22:32,26716.88,0,0,0,0,0,0
SNSX50.BSE_IDX,01/07/2025,09:22:33,26717.52,0,0,0,0,0,0
SNSX50.BSE_IDX,01/07/2025,09:22:34,26718.39,0,0,0,0,0,0
SNSX50.BSE_IDX,01/07/2025,09:22:35,26716.86,0,0,0,0,0,0
SNSX50.BSE_IDX,01/07/2025,09:22:36,26717.94,0,0,0,0,0,0
SNSX50.BSE_IDX,01/07/2025,09:22:37,26715.41,0,0,0,0,0,0
SNSX50.BSE_IDX,01/07/2025,09:22:38,26715.77,0,0,0,0,0,0
SNSX50.BSE_IDX,01/07/2025,09:22:39,26716.02,0,0,0,0,0,0
SNSX50.BSE_IDX,01/07/2025,09:22:40,26716.39,0,0,0,0,0,0
SNSX50.BSE_IDX,01/07/2025,09:22:42,26716.52,0,0,0,0,0,0
SNSX50.BSE_IDX,01/07/2025,09:22:42,26716.88,0,0,0,0,0,0
SNSX50.BSE_IDX,01/07/2025,09:22:43,26717.72,0,0,0,0,0,0
SNSX50.BSE_IDX,01/07/2025,09:22:44,26719.63,0,0,0,0,0,0
SNSX50.BSE_IDX,01/07/2025,09:22:45,26718.58,0,0,0,0,0,0
SNSX50.BSE_IDX,01/07/2025,09:22:46,26719.26,0,0,0,0,0,0
SNSX50.BSE_IDX,01/07/2025,09:22:47,26718.96,0,0,0,0,0,0
SNSX50.BSE_IDX,01/07/2025,09:22:48,26719.01,0,0,0,0,0,0
SNSX50.BSE_IDX,01/07/2025,09:22:49,26719.45,0,0,0,0,0,0
SNSX50.BSE_IDX,01/07/2025,09:22:50,26718.85,0,0,0,0,0,0
SNSX50.BSE_IDX,01/07/2025,09:22:52,26718.43,0,0,0,0,0,0
SNSX50.BSE_IDX,01/07/2025,09:22:52,26718.41,0,0,0,0,0,0
SNSX50.BSE_IDX,01/07/2025,09:22:53,26717.56,0,0,0,0,0,0
SNSX50.BSE_IDX,01/07/2025,09:22:54,26718.02,0,0,0,0,0,0
SNSX50.BSE_IDX,01/07/2025,09:22:55,26718.65,0,0,0,0,0,0
SNSX50.BSE_IDX,01/07/2025,09:22:56,26718.95,0,0,0,0,0,0
SNSX50.BSE_IDX,01/07/2025,09:22:57,26717.68,0,0,0,0,0,0
SNSX50.BSE_IDX,01/07/2025,09:22:58,26717.59,0,0,0,0,0,0
SNSX50.BSE_IDX,01/07/2025,09:22:59,26718.43,0,0,0,0,0,0
SNSX50.BSE_IDX,01/07/2025,09:23:00,26716.36,0,0,0,0,0,0
SNSX50.BSE_IDX,01/07/2025,09:23:02,26716.52,0,0,0,0,0,0
SNSX50.BSE_IDX,01/07/2025,09:23:03,26716.36,0,0,0,0,0,0
SNSX50.BSE_IDX,01/07/2025,09:23:03,26716.78,0,0,0,0,0,0
SNSX50.BSE_IDX,01/07/2025,09:23:04,26716.63,0,0,0,0,0,0
SNSX50.BSE_IDX,01/07/2025,09:23:05,26717.43,0,0,0,0,0,0
SNSX50.BSE_IDX,01/07/2025,09:23:06,26717.49,0,0,0,0,0,0
SNSX50.BSE_IDX,01/07/2025,09:23:07,26717.89,0,0,0,0,0,0
SNSX50.BSE_IDX,01/07/2025,09:23:08,26716.56,0,0,0,0,0,0
SNSX50.BSE_IDX,01/07/2025,09:23:09,26714.93,0,0,0,0,0,0
SNSX50.BSE_IDX,01/07/2025,09:23:10,26714.59,0,0,0,0,0,0
SNSX50.BSE_IDX,01/07/2025,09:23:11,26713.69,0,0,0,0,0,0
SNSX50.BSE_IDX,01/07/2025,09:23:12,26712.57,0,0,0,0,0,0
SNSX50.BSE_IDX,01/07/2025,09:23:13,26712.4,0,0,0,0,0,0
SNSX50.BSE_IDX,01/07/2025,09:23:15,26713.21,0,0,0,0,0,0
SNSX50.BSE_IDX,01/07/2025,09:23:16,26713.09,0,0,0,0,0,0
SNSX50.BSE_IDX,01/07/2025,09:23:16,26710.44,0,0,0,0,0,0
SNSX50.BSE_IDX,01/07/2025,09:23:17,26709.24,0,0,0,0,0,0
SNSX50.BSE_IDX,01/07/2025,09:23:18,26710.27,0,0,0,0,0,0
SNSX50.BSE_IDX,01/07/2025,09:23:19,26710.54,0,0,0,0,0,0
SNSX50.BSE_IDX,01/07/2025,09:23:20,26711.09,0,0,0,0,0,0
SNSX50.BSE_IDX,01/07/2025,09:23:21,26711.21,0,0,0,0,0,0
SNSX50.BSE_IDX,01/07/2025,09:23:22,26707.21,0,0,0,0,0,0
SNSX50.BSE_IDX,01/07/2025,09:23:23,26707.32,0,0,0,0,0,0
SNSX50.BSE_IDX,01/07/2025,09:23:24,26707.27,0,0,0,0,0,0
SNSX50.BSE_IDX,01/07/2025,09:23:25,26706.03,0,0,0,0,0,0
SNSX50.BSE_IDX,01/07/2025,09:23:26,26706.99,0,0,0,0,0,0
SNSX50.BSE_IDX,01/07/2025,09:23:27,26707.19,0,0,0,0,0,0
SNSX50.BSE_IDX,01/07/2025,09:23:28,26707.17,0,0,0,0,0,0
SNSX50.BSE_IDX,01/07/2025,09:23:30,26706.66,0,0,0,0,0,0
SNSX50.BSE_IDX,01/07/2025,09:23:31,26706.39,0,0,0,0,0,0
SNSX50.BSE_IDX,01/07/2025,09:23:31,26704.65,0,0,0,0,0,0
SNSX50.BSE_IDX,01/07/2025,09:23:32,26704.48,0,0,0,0,0,0
SNSX50.BSE_IDX,01/07/2025,09:23:33,26704.43,0,0,0,0,0,0
SNSX50.BSE_IDX,01/07/2025,09:23:34,26704.28,0,0,0,0,0,0
SNSX50.BSE_IDX,01/07/2025,09:23:35,26705.83,0,0,0,0,0,0
SNSX50.BSE_IDX,01/07/2025,09:23:36,26704.96,0,0,0,0,0,0
SNSX50.BSE_IDX,01/07/2025,09:23:37,26705.31,0,0,0,0,0,0
SNSX50.BSE_IDX,01/07/2025,09:23:38,26705.83,0,0,0,0,0,0
SNSX50.BSE_IDX,01/07/2025,09:23:39,26705.11,0,0,0,0,0,0
SNSX50.BSE_IDX,01/07/2025,09:23:40,26703.7,0,0,0,0,0,0
SNSX50.BSE_IDX,01/07/2025,09:23:41,26703.78,0,0,0,0,0,0
SNSX50.BSE_IDX,01/07/2025,09:23:44,26704.3,0,0,0,0,0,0
SNSX50.BSE_IDX,01/07/2025,09:23:44,26703.71,0,0,0,0,0,0
SNSX50.BSE_IDX,01/07/2025,09:23:44,26704.24,0,0,0,0,0,0
SNSX50.BSE_IDX,01/07/2025,09:23:45,26703.89,0,0,0,0,0,0
SNSX50.BSE_IDX,01/07/2025,09:23:46,26702.25,0,0,0,0,0,0
SNSX50.BSE_IDX,01/07/2025,09:23:47,26701.64,0,0,0,0,0,0
SNSX50.BSE_IDX,01/07/2025,09:23:48,26702.07,0,0,0,0,0,0
SNSX50.BSE_IDX,01/07/2025,09:23:49,26699.47,0,0,0,0,0,0
SNSX50.BSE_IDX,01/07/2025,09:23:50,26699.22,0,0,0,0,0,0
SNSX50.BSE_IDX,01/07/2025,09:23:51,26698.8,0,0,0,0,0,0
SNSX50.BSE_IDX,01/07/2025,09:23:52,26700.05,0,0,0,0,0,0
SNSX50.BSE_IDX,01/07/2025,09:23:53,26699.69,0,0,0,0,0,0
SNSX50.BSE_IDX,01/07/2025,09:23:55,26699.44,0,0,0,0,0,0
SNSX50.BSE_IDX,01/07/2025,09:23:56,26697.68,0,0,0,0,0,0
SNSX50.BSE_IDX,01/07/2025,09:23:56,26696.5,0,0,0,0,0,0
SNSX50.BSE_IDX,01/07/2025,09:23:57,26698.49,0,0,0,0,0,0
SNSX50.BSE_IDX,01/07/2025,09:23:58,26697.89,0,0,0,0,0,0
SNSX50.BSE_IDX,01/07/2025,09:23:59,26697.18,0,0,0,0,0,0
SNSX50.BSE_IDX,01/07/2025,09:24:00,26697.16,0,0,0,0,0,0
SNSX50.BSE_IDX,01/07/2025,09:24:01,26697.17,0,0,0,0,0,0
SNSX50.BSE_IDX,01/07/2025,09:24:02,26697.05,0,0,0,0,0,0
SNSX50.BSE_IDX,01/07/2025,09:24:03,26697.12,0,0,0,0,0,0
SNSX50.BSE_IDX,01/07/2025,09:24:04,26697.54,0,0,0,0,0,0
SNSX50.BSE_IDX,01/07/2025,09:24:05,26699.74,0,0,0,0,0,0
SNSX50.BSE_IDX,01/07/2025,09:24:07,26701.41,0,0,0,0,0,0
SNSX50.BSE_IDX,01/07/2025,09:24:08,26701.92,0,0,0,0,0,0
SNSX50.BSE_IDX,01/07/2025,09:24:08,26702.44,0,0,0,0,0,0
SNSX50.BSE_IDX,01/07/2025,09:24:09,26702.98,0,0,0,0,0,0
SNSX50.BSE_IDX,01/07/2025,09:24:10,26701.55,0,0,0,0,0,0
SNSX50.BSE_IDX,01/07/2025,09:24:11,26702,0,0,0,0,0,0
SNSX50.BSE_IDX,01/07/2025,09:24:12,26702.96,0,0,0,0,0,0
SNSX50.BSE_IDX,01/07/2025,09:24:13,26703.14,0,0,0,0,0,0
SNSX50.BSE_IDX,01/07/2025,09:24:14,26702.73,0,0,0,0,0,0
SNSX50.BSE_IDX,01/07/2025,09:24:15,26702.63,0,0,0,0,0,0
SNSX50.BSE_IDX,01/07/2025,09:24:16,26703.05,0,0,0,0,0,0
SNSX50.BSE_IDX,01/07/2025,09:24:17,26703.13,0,0,0,0,0,0
SNSX50.BSE_IDX,01/07/2025,09:24:18,26704.24,0,0,0,0,0,0
SNSX50.BSE_IDX,01/07/2025,09:24:19,26703.81,0,0,0,0,0,0
SNSX50.BSE_IDX,01/07/2025,09:24:21,26703.46,0,0,0,0,0,0
SNSX50.BSE_IDX,01/07/2025,09:24:22,26702.5,0,0,0,0,0,0
SNSX50.BSE_IDX,01/07/2025,09:24:23,26702.08,0,0,0,0,0,0
SNSX50.BSE_IDX,01/07/2025,09:24:23,26702.73,0,0,0,0,0,0
SNSX50.BSE_IDX,01/07/2025,09:24:24,26700.88,0,0,0,0,0,0
SNSX50.BSE_IDX,01/07/2025,09:24:25,26699.16,0,0,0,0,0,0
SNSX50.BSE_IDX,01/07/2025,09:24:26,26698.52,0,0,0,0,0,0
SNSX50.BSE_IDX,01/07/2025,09:24:27,26698.29,0,0,0,0,0,0
SNSX50.BSE_IDX,01/07/2025,09:24:28,26697.78,0,0,0,0,0,0
SNSX50.BSE_IDX,01/07/2025,09:24:31,26697.57,0,0,0,0,0,0
SNSX50.BSE_IDX,01/07/2025,09:24:31,26698.92,0,0,0,0,0,0
SNSX50.BSE_IDX,01/07/2025,09:24:32,26700.48,0,0,0,0,0,0
SNSX50.BSE_IDX,01/07/2025,09:24:32,26701.13,0,0,0,0,0,0
SNSX50.BSE_IDX,01/07/2025,09:24:33,26701.56,0,0,0,0,0,0
SNSX50.BSE_IDX,01/07/2025,09:24:34,26701.85,0,0,0,0,0,0
SNSX50.BSE_IDX,01/07/2025,09:24:35,26701.86,0,0,0,0,0,0
SNSX50.BSE_IDX,01/07/2025,09:24:36,26701.62,0,0,0,0,0,0
SNSX50.BSE_IDX,01/07/2025,09:24:37,26701.35,0,0,0,0,0,0
SNSX50.BSE_IDX,01/07/2025,09:24:38,26699.98,0,0,0,0,0,0
SNSX50.BSE_IDX,01/07/2025,09:24:39,26700.16,0,0,0,0,0,0
SNSX50.BSE_IDX,01/07/2025,09:24:40,26701.14,0,0,0,0,0,0
SNSX50.BSE_IDX,01/07/2025,09:24:41,26699.18,0,0,0,0,0,0
SNSX50.BSE_IDX,01/07/2025,09:24:42,26700.52,0,0,0,0,0,0
SNSX50.BSE_IDX,01/07/2025,09:24:43,26700.8,0,0,0,0,0,0
SNSX50.BSE_IDX,01/07/2025,09:24:44,26701.29,0,0,0,0,0,0
SNSX50.BSE_IDX,01/07/2025,09:24:45,26702.41,0,0,0,0,0,0
SNSX50.BSE_IDX,01/07/2025,09:24:47,26702.9,0,0,0,0,0,0
SNSX50.BSE_IDX,01/07/2025,09:24:47,26702.05,0,0,0,0,0,0
SNSX50.BSE_IDX,01/07/2025,09:24:48,26702.56,0,0,0,0,0,0
SNSX50.BSE_IDX,01/07/2025,09:24:49,26702.44,0,0,0,0,0,0
SNSX50.BSE_IDX,01/07/2025,09:24:50,26702.27,0,0,0,0,0,0
SNSX50.BSE_IDX,01/07/2025,09:24:51,26701.89,0,0,0,0,0,0
SNSX50.BSE_IDX,01/07/2025,09:24:52,26702.78,0,0,0,0,0,0
SNSX50.BSE_IDX,01/07/2025,09:24:53,26703.38,0,0,0,0,0,0
SNSX50.BSE_IDX,01/07/2025,09:24:54,26701.63,0,0,0,0,0,0
SNSX50.BSE_IDX,01/07/2025,09:24:57,26699.66,0,0,0,0,0,0
SNSX50.BSE_IDX,01/07/2025,09:24:58,26699.18,0,0,0,0,0,0
SNSX50.BSE_IDX,01/07/2025,09:24:58,26700.3,0,0,0,0,0,0
SNSX50.BSE_IDX,01/07/2025,09:24:58,26700.93,0,0,0,0,0,0
SNSX50.BSE_IDX,01/07/2025,09:24:59,26700.74,0,0,0,0,0,0
SNSX50.BSE_IDX,01/07/2025,09:25:00,26700.36,0,0,0,0,0,0
SNSX50.BSE_IDX,01/07/2025,09:25:01,26700.18,0,0,0,0,0,0
SNSX50.BSE_IDX,01/07/2025,09:25:02,26700.24,0,0,0,0,0,0
SNSX50.BSE_IDX,01/07/2025,09:25:03,26699.95,0,0,0,0,0,0
SNSX50.BSE_IDX,01/07/2025,09:25:04,26701.18,0,0,0,0,0,0
SNSX50.BSE_IDX,01/07/2025,09:25:05,26700.6,0,0,0,0,0,0
SNSX50.BSE_IDX,01/07/2025,09:25:06,26702.44,0,0,0,0,0,0
SNSX50.BSE_IDX,01/07/2025,09:25:07,26702.71,0,0,0,0,0,0
SNSX50.BSE_IDX,01/07/2025,09:25:08,26702.77,0,0,0,0,0,0
SNSX50.BSE_IDX,01/07/2025,09:25:11,26702.75,0,0,0,0,0,0
SNSX50.BSE_IDX,01/07/2025,09:25:12,26704.36,0,0,0,0,0,0
SNSX50.BSE_IDX,01/07/2025,09:25:12,26704.86,0,0,0,0,0,0
SNSX50.BSE_IDX,01/07/2025,09:25:12,26703.48,0,0,0,0,0,0
SNSX50.BSE_IDX,01/07/2025,09:25:13,26704.35,0,0,0,0,0,0
SNSX50.BSE_IDX,01/07/2025,09:25:14,26704.38,0,0,0,0,0,0
SNSX50.BSE_IDX,01/07/2025,09:25:15,26705.2,0,0,0,0,0,0
SNSX50.BSE_IDX,01/07/2025,09:25:16,26706.74,0,0,0,0,0,0
SNSX50.BSE_IDX,01/07/2025,09:25:17,26705.76,0,0,0,0,0,0
SNSX50.BSE_IDX,01/07/2025,09:25:19,26706.03,0,0,0,0,0,0
SNSX50.BSE_IDX,01/07/2025,09:25:19,26707.53,0,0,0,0,0,0
SNSX50.BSE_IDX,01/07/2025,09:25:20,26708.14,0,0,0,0,0,0
SNSX50.BSE_IDX,01/07/2025,09:25:21,26708.5,0,0,0,0,0,0
SNSX50.BSE_IDX,01/07/2025,09:25:22,26708.69,0,0,0,0,0,0
SNSX50.BSE_IDX,01/07/2025,09:25:24,26709.79,0,0,0,0,0,0
SNSX50.BSE_IDX,01/07/2025,09:25:24,26709.57,0,0,0,0,0,0
SNSX50.BSE_IDX,01/07/2025,09:25:25,26707.3,0,0,0,0,0,0
SNSX50.BSE_IDX,01/07/2025,09:25:26,26707.03,0,0,0,0,0,0
SNSX50.BSE_IDX,01/07/2025,09:25:28,26706.79,0,0,0,0,0,0
SNSX50.BSE_IDX,01/07/2025,09:25:29,26708.22,0,0,0,0,0,0
SNSX50.BSE_IDX,01/07/2025,09:25:29,26710.26,0,0,0,0,0,0
SNSX50.BSE_IDX,01/07/2025,09:25:30,26710.38,0,0,0,0,0,0
SNSX50.BSE_IDX,01/07/2025,09:25:31,26711.12,0,0,0,0,0,0
SNSX50.BSE_IDX,01/07/2025,09:25:32,26711.45,0,0,0,0,0,0
SNSX50.BSE_IDX,01/07/2025,09:25:33,26713.07,0,0,0,0,0,0
SNSX50.BSE_IDX,01/07/2025,09:25:34,26714.74,0,0,0,0,0,0
SNSX50.BSE_IDX,01/07/2025,09:25:35,26714.77,0,0,0,0,0,0
SNSX50.BSE_IDX,01/07/2025,09:25:36,26715.62,0,0,0,0,0,0
SNSX50.BSE_IDX,01/07/2025,09:25:37,26714.2,0,0,0,0,0,0
SNSX50.BSE_IDX,01/07/2025,09:25:38,26714.48,0,0,0,0,0,0
SNSX50.BSE_IDX,01/07/2025,09:25:39,26714.68,0,0,0,0,0,0
SNSX50.BSE_IDX,01/07/2025,09:25:41,26715,0,0,0,0,0,0
SNSX50.BSE_IDX,01/07/2025,09:25:41,26714.58,0,0,0,0,0,0
SNSX50.BSE_IDX,01/07/2025,09:25:42,26715.03,0,0,0,0,0,0
SNSX50.BSE_IDX,01/07/2025,09:25:43,26715.5,0,0,0,0,0,0
SNSX50.BSE_IDX,01/07/2025,09:25:44,26715.5,0,0,0,0,0,0
SNSX50.BSE_IDX,01/07/2025,09:25:45,26714.89,0,0,0,0,0,0
SNSX50.BSE_IDX,01/07/2025,09:25:46,26715.5,0,0,0,0,0,0
SNSX50.BSE_IDX,01/07/2025,09:25:47,26716.73,0,0,0,0,0,0
SNSX50.BSE_IDX,01/07/2025,09:25:48,26717.07,0,0,0,0,0,0
SNSX50.BSE_IDX,01/07/2025,09:25:49,26716.94,0,0,0,0,0,0
SNSX50.BSE_IDX,01/07/2025,09:25:50,26716.86,0,0,0,0,0,0
SNSX50.BSE_IDX,01/07/2025,09:25:51,26716.73,0,0,0,0,0,0
SNSX50.BSE_IDX,01/07/2025,09:25:53,26717.13,0,0,0,0,0,0
SNSX50.BSE_IDX,01/07/2025,09:25:53,26715.39,0,0,0,0,0,0
SNSX50.BSE_IDX,01/07/2025,09:25:54,26716.19,0,0,0,0,0,0
SNSX50.BSE_IDX,01/07/2025,09:25:55,26716.16,0,0,0,0,0,0
SNSX50.BSE_IDX,01/07/2025,09:25:57,26716.17,0,0,0,0,0,0
SNSX50.BSE_IDX,01/07/2025,09:25:58,26716.64,0,0,0,0,0,0
SNSX50.BSE_IDX,01/07/2025,09:25:58,26718.4,0,0,0,0,0,0
SNSX50.BSE_IDX,01/07/2025,09:25:59,26716.91,0,0,0,0,0,0
SNSX50.BSE_IDX,01/07/2025,09:26:00,26717.7,0,0,0,0,0,0
SNSX50.BSE_IDX,01/07/2025,09:26:01,26717.57,0,0,0,0,0,0
SNSX50.BSE_IDX,01/07/2025,09:26:02,26717.86,0,0,0,0,0,0
SNSX50.BSE_IDX,01/07/2025,09:26:03,26716.77,0,0,0,0,0,0
SNSX50.BSE_IDX,01/07/2025,09:26:04,26717.76,0,0,0,0,0,0
SNSX50.BSE_IDX,01/07/2025,09:26:05,26714.96,0,0,0,0,0,0
SNSX50.BSE_IDX,01/07/2025,09:26:06,26714.36,0,0,0,0,0,0
SNSX50.BSE_IDX,01/07/2025,09:26:07,26713.57,0,0,0,0,0,0
SNSX50.BSE_IDX,01/07/2025,09:26:10,26712.85,0,0,0,0,0,0
SNSX50.BSE_IDX,01/07/2025,09:26:10,26713.22,0,0,0,0,0,0
SNSX50.BSE_IDX,01/07/2025,09:26:11,26713.19,0,0,0,0,0,0
SNSX50.BSE_IDX,01/07/2025,09:26:11,26710.87,0,0,0,0,0,0
SNSX50.BSE_IDX,01/07/2025,09:26:12,26711.76,0,0,0,0,0,0
SNSX50.BSE_IDX,01/07/2025,09:26:13,26710.37,0,0,0,0,0,0
SNSX50.BSE_IDX,01/07/2025,09:26:15,26711.64,0,0,0,0,0,0
SNSX50.BSE_IDX,01/07/2025,09:26:15,26710.77,0,0,0,0,0,0
SNSX50.BSE_IDX,01/07/2025,09:26:16,26710.88,0,0,0,0,0,0
SNSX50.BSE_IDX,01/07/2025,09:26:17,26710.13,0,0,0,0,0,0
SNSX50.BSE_IDX,01/07/2025,09:26:18,26713.42,0,0,0,0,0,0
SNSX50.BSE_IDX,01/07/2025,09:26:19,26713.5,0,0,0,0,0,0
SNSX50.BSE_IDX,01/07/2025,09:26:21,26713.83,0,0,0,0,0,0
SNSX50.BSE_IDX,01/07/2025,09:26:22,26713.94,0,0,0,0,0,0
SNSX50.BSE_IDX,01/07/2025,09:26:22,26714.35,0,0,0,0,0,0
SNSX50.BSE_IDX,01/07/2025,09:26:23,26715.25,0,0,0,0,0,0
SNSX50.BSE_IDX,01/07/2025,09:26:24,26715.65,0,0,0,0,0,0
SNSX50.BSE_IDX,01/07/2025,09:26:26,26715.86,0,0,0,0,0,0
SNSX50.BSE_IDX,01/07/2025,09:26:26,26715.63,0,0,0,0,0,0
SNSX50.BSE_IDX,01/07/2025,09:26:27,26716.2,0,0,0,0,0,0
SNSX50.BSE_IDX,01/07/2025,09:26:29,26716.04,0,0,0,0,0,0
SNSX50.BSE_IDX,01/07/2025,09:26:29,26715.92,0,0,0,0,0,0
SNSX50.BSE_IDX,01/07/2025,09:26:31,26716.47,0,0,0,0,0,0
SNSX50.BSE_IDX,01/07/2025,09:26:31,26716.52,0,0,0,0,0,0
SNSX50.BSE_IDX,01/07/2025,09:26:32,26716.55,0,0,0,0,0,0
SNSX50.BSE_IDX,01/07/2025,09:26:34,26716.37,0,0,0,0,0,0
SNSX50.BSE_IDX,01/07/2025,09:26:35,26716.85,0,0,0,0,0,0
SNSX50.BSE_IDX,01/07/2025,09:26:36,26715.53,0,0,0,0,0,0
SNSX50.BSE_IDX,01/07/2025,09:26:37,26716.6,0,0,0,0,0,0
SNSX50.BSE_IDX,01/07/2025,09:26:37,26715.18,0,0,0,0,0,0
SNSX50.BSE_IDX,01/07/2025,09:26:38,26716.04,0,0,0,0,0,0
SNSX50.BSE_IDX,01/07/2025,09:26:39,26716.35,0,0,0,0,0,0
SNSX50.BSE_IDX,01/07/2025,09:26:41,26716.87,0,0,0,0,0,0
SNSX50.BSE_IDX,01/07/2025,09:26:41,26718.66,0,0,0,0,0,0
SNSX50.BSE_IDX,01/07/2025,09:26:43,26718.91,0,0,0,0,0,0
SNSX50.BSE_IDX,01/07/2025,09:26:43,26718.66,0,0,0,0,0,0
SNSX50.BSE_IDX,01/07/2025,09:26:45,26718.63,0,0,0,0,0,0
SNSX50.BSE_IDX,01/07/2025,09:26:45,26717.6,0,0,0,0,0,0
SNSX50.BSE_IDX,01/07/2025,09:26:46,26717.62,0,0,0,0,0,0
SNSX50.BSE_IDX,01/07/2025,09:26:48,26717.32,0,0,0,0,0,0
SNSX50.BSE_IDX,01/07/2025,09:26:48,26716.86,0,0,0,0,0,0
SNSX50.BSE_IDX,01/07/2025,09:26:50,26718.54,0,0,0,0,0,0
SNSX50.BSE_IDX,01/07/2025,09:26:50,26717.81,0,0,0,0,0,0
SNSX50.BSE_IDX,01/07/2025,09:26:51,26718.52,0,0,0,0,0,0
SNSX50.BSE_IDX,01/07/2025,09:26:53,26719.24,0,0,0,0,0,0
SNSX50.BSE_IDX,01/07/2025,09:26:54,26720.31,0,0,0,0,0,0
SNSX50.BSE_IDX,01/07/2025,09:26:55,26720.13,0,0,0,0,0,0
SNSX50.BSE_IDX,01/07/2025,09:26:55,26719.87,0,0,0,0,0,0
SNSX50.BSE_IDX,01/07/2025,09:26:56,26719.46,0,0,0,0,0,0
SNSX50.BSE_IDX,01/07/2025,09:26:58,26719.46,0,0,0,0,0,0
SNSX50.BSE_IDX,01/07/2025,09:26:59,26718.47,0,0,0,0,0,0
SNSX50.BSE_IDX,01/07/2025,09:27:00,26719.7,0,0,0,0,0,0
SNSX50.BSE_IDX,01/07/2025,09:27:01,26719.4,0,0,0,0,0,0
SNSX50.BSE_IDX,01/07/2025,09:27:01,26720.36,0,0,0,0,0,0
SNSX50.BSE_IDX,01/07/2025,09:27:03,26721.42,0,0,0,0,0,0
SNSX50.BSE_IDX,01/07/2025,09:27:04,26721.95,0,0,0,0,0,0
SNSX50.BSE_IDX,01/07/2025,09:27:05,26721.37,0,0,0,0,0,0
SNSX50.BSE_IDX,01/07/2025,09:27:06,26720.6,0,0,0,0,0,0
SNSX50.BSE_IDX,01/07/2025,09:27:07,26720.78,0,0,0,0,0,0
SNSX50.BSE_IDX,01/07/2025,09:27:08,26719.66,0,0,0,0,0,0
SNSX50.BSE_IDX,01/07/2025,09:27:10,26719.9,0,0,0,0,0,0
SNSX50.BSE_IDX,01/07/2025,09:27:10,26719.5,0,0,0,0,0,0
SNSX50.BSE_IDX,01/07/2025,09:27:11,26720.94,0,0,0,0,0,0
SNSX50.BSE_IDX,01/07/2025,09:27:12,26719.95,0,0,0,0,0,0
SNSX50.BSE_IDX,01/07/2025,09:27:12,26719.01,0,0,0,0,0,0
SNSX50.BSE_IDX,01/07/2025,09:27:14,26720.16,0,0,0,0,0,0
SNSX50.BSE_IDX,01/07/2025,09:27:15,26722.05,0,0,0,0,0,0
SNSX50.BSE_IDX,01/07/2025,09:27:16,26722.79,0,0,0,0,0,0
SNSX50.BSE_IDX,01/07/2025,09:27:17,26721.79,0,0,0,0,0,0
SNSX50.BSE_IDX,01/07/2025,09:27:18,26721.82,0,0,0,0,0,0
SNSX50.BSE_IDX,01/07/2025,09:27:19,26719.47,0,0,0,0,0,0
SNSX50.BSE_IDX,01/07/2025,09:27:20,26721.4,0,0,0,0,0,0
SNSX50.BSE_IDX,01/07/2025,09:27:21,26719.52,0,0,0,0,0,0
SNSX50.BSE_IDX,01/07/2025,09:27:22,26720.08,0,0,0,0,0,0
SNSX50.BSE_IDX,01/07/2025,09:27:24,26720.49,0,0,0,0,0,0
SNSX50.BSE_IDX,01/07/2025,09:27:24,26718.94,0,0,0,0,0,0
SNSX50.BSE_IDX,01/07/2025,09:27:25,26718.9,0,0,0,0,0,0
SNSX50.BSE_IDX,01/07/2025,09:27:26,26719.11,0,0,0,0,0,0
SNSX50.BSE_IDX,01/07/2025,09:27:27,26718.99,0,0,0,0,0,0
SNSX50.BSE_IDX,01/07/2025,09:27:28,26718.99,0,0,0,0,0,0
SNSX50.BSE_IDX,01/07/2025,09:27:29,26720.11,0,0,0,0,0,0
SNSX50.BSE_IDX,01/07/2025,09:27:30,26720.95,0,0,0,0,0,0
SNSX50.BSE_IDX,01/07/2025,09:27:31,26720.51,0,0,0,0,0,0
SNSX50.BSE_IDX,01/07/2025,09:27:32,26719.09,0,0,0,0,0,0
SNSX50.BSE_IDX,01/07/2025,09:27:33,26720.67,0,0,0,0,0,0
SNSX50.BSE_IDX,01/07/2025,09:27:34,26719.12,0,0,0,0,0,0
SNSX50.BSE_IDX,01/07/2025,09:27:35,26718.49,0,0,0,0,0,0
SNSX50.BSE_IDX,01/07/2025,09:27:36,26717.58,0,0,0,0,0,0
SNSX50.BSE_IDX,01/07/2025,09:27:37,26718.05,0,0,0,0,0,0
SNSX50.BSE_IDX,01/07/2025,09:27:38,26718.29,0,0,0,0,0,0
SNSX50.BSE_IDX,01/07/2025,09:27:39,26717.41,0,0,0,0,0,0
SNSX50.BSE_IDX,01/07/2025,09:27:40,26717.35,0,0,0,0,0,0
SNSX50.BSE_IDX,01/07/2025,09:27:41,26716.85,0,0,0,0,0,0
SNSX50.BSE_IDX,01/07/2025,09:27:42,26717.33,0,0,0,0,0,0
SNSX50.BSE_IDX,01/07/2025,09:27:43,26718.29,0,0,0,0,0,0
SNSX50.BSE_IDX,01/07/2025,09:27:44,26718.06,0,0,0,0,0,0
SNSX50.BSE_IDX,01/07/2025,09:27:45,26717.91,0,0,0,0,0,0
SNSX50.BSE_IDX,01/07/2025,09:27:46,26717.69,0,0,0,0,0,0
SNSX50.BSE_IDX,01/07/2025,09:27:47,26718.38,0,0,0,0,0,0
SNSX50.BSE_IDX,01/07/2025,09:27:48,26717.43,0,0,0,0,0,0
SNSX50.BSE_IDX,01/07/2025,09:27:49,26717.35,0,0,0,0,0,0
SNSX50.BSE_IDX,01/07/2025,09:27:50,26717.62,0,0,0,0,0,0
SNSX50.BSE_IDX,01/07/2025,09:27:51,26718.62,0,0,0,0,0,0
SNSX50.BSE_IDX,01/07/2025,09:27:52,26717.87,0,0,0,0,0,0
SNSX50.BSE_IDX,01/07/2025,09:27:53,26718.57,0,0,0,0,0,0
SNSX50.BSE_IDX,01/07/2025,09:27:54,26718.84,0,0,0,0,0,0
SNSX50.BSE_IDX,01/07/2025,09:27:55,26719.31,0,0,0,0,0,0
SNSX50.BSE_IDX,01/07/2025,09:27:56,26721.38,0,0,0,0,0,0
SNSX50.BSE_IDX,01/07/2025,09:27:57,26721.51,0,0,0,0,0,0
SNSX50.BSE_IDX,01/07/2025,09:27:58,26722.96,0,0,0,0,0,0
SNSX50.BSE_IDX,01/07/2025,09:27:59,26723.15,0,0,0,0,0,0
SNSX50.BSE_IDX,01/07/2025,09:28:00,26722.96,0,0,0,0,0,0
SNSX50.BSE_IDX,01/07/2025,09:28:01,26722.84,0,0,0,0,0,0
SNSX50.BSE_IDX,01/07/2025,09:28:02,26723.07,0,0,0,0,0,0
SNSX50.BSE_IDX,01/07/2025,09:28:03,26723.13,0,0,0,0,0,0
SNSX50.BSE_IDX,01/07/2025,09:28:04,26723.18,0,0,0,0,0,0
SNSX50.BSE_IDX,01/07/2025,09:28:05,26723.14,0,0,0,0,0,0
SNSX50.BSE_IDX,01/07/2025,09:28:06,26722.86,0,0,0,0,0,0
SNSX50.BSE_IDX,01/07/2025,09:28:07,26720.88,0,0,0,0,0,0
SNSX50.BSE_IDX,01/07/2025,09:28:08,26722.9,0,0,0,0,0,0
SNSX50.BSE_IDX,01/07/2025,09:28:09,26723.72,0,0,0,0,0,0
SNSX50.BSE_IDX,01/07/2025,09:28:10,26722.64,0,0,0,0,0,0
SNSX50.BSE_IDX,01/07/2025,09:28:11,26722.44,0,0,0,0,0,0
SNSX50.BSE_IDX,01/07/2025,09:28:12,26722.84,0,0,0,0,0,0
SNSX50.BSE_IDX,01/07/2025,09:28:13,26722.9,0,0,0,0,0,0
SNSX50.BSE_IDX,01/07/2025,09:28:14,26722.59,0,0,0,0,0,0
SNSX50.BSE_IDX,01/07/2025,09:28:15,26722.63,0,0,0,0,0,0
SNSX50.BSE_IDX,01/07/2025,09:28:16,26722.84,0,0,0,0,0,0
SNSX50.BSE_IDX,01/07/2025,09:28:17,26723.5,0,0,0,0,0,0
SNSX50.BSE_IDX,01/07/2025,09:28:18,26723.24,0,0,0,0,0,0
SNSX50.BSE_IDX,01/07/2025,09:28:19,26723.41,0,0,0,0,0,0
SNSX50.BSE_IDX,01/07/2025,09:28:20,26722.77,0,0,0,0,0,0
SNSX50.BSE_IDX,01/07/2025,09:28:21,26721.1,0,0,0,0,0,0
SNSX50.BSE_IDX,01/07/2025,09:28:22,26721.16,0,0,0,0,0,0
SNSX50.BSE_IDX,01/07/2025,09:28:23,26719.77,0,0,0,0,0,0
SNSX50.BSE_IDX,01/07/2025,09:28:24,26719.35,0,0,0,0,0,0
SNSX50.BSE_IDX,01/07/2025,09:28:25,26718.45,0,0,0,0,0,0
SNSX50.BSE_IDX,01/07/2025,09:28:26,26718.35,0,0,0,0,0,0
SNSX50.BSE_IDX,01/07/2025,09:28:27,26717.39,0,0,0,0,0,0
SNSX50.BSE_IDX,01/07/2025,09:28:28,26716.09,0,0,0,0,0,0
SNSX50.BSE_IDX,01/07/2025,09:28:29,26715.26,0,0,0,0,0,0
SNSX50.BSE_IDX,01/07/2025,09:28:30,26716.96,0,0,0,0,0,0
SNSX50.BSE_IDX,01/07/2025,09:28:31,26717.03,0,0,0,0,0,0
SNSX50.BSE_IDX,01/07/2025,09:28:32,26717.26,0,0,0,0,0,0
SNSX50.BSE_IDX,01/07/2025,09:28:33,26716.45,0,0,0,0,0,0
SNSX50.BSE_IDX,01/07/2025,09:28:34,26716.02,0,0,0,0,0,0
SNSX50.BSE_IDX,01/07/2025,09:28:35,26714.74,0,0,0,0,0,0
SNSX50.BSE_IDX,01/07/2025,09:28:36,26715.43,0,0,0,0,0,0
SNSX50.BSE_IDX,01/07/2025,09:28:37,26715.48,0,0,0,0,0,0
SNSX50.BSE_IDX,01/07/2025,09:28:38,26715.7,0,0,0,0,0,0
SNSX50.BSE_IDX,01/07/2025,09:28:39,26712.25,0,0,0,0,0,0
SNSX50.BSE_IDX,01/07/2025,09:28:40,26711.8,0,0,0,0,0,0
SNSX50.BSE_IDX,01/07/2025,09:28:41,26713.32,0,0,0,0,0,0
SNSX50.BSE_IDX,01/07/2025,09:28:42,26711.75,0,0,0,0,0,0
SNSX50.BSE_IDX,01/07/2025,09:28:43,26711.94,0,0,0,0,0,0
SNSX50.BSE_IDX,01/07/2025,09:28:44,26711.71,0,0,0,0,0,0
SNSX50.BSE_IDX,01/07/2025,09:28:45,26710.83,0,0,0,0,0,0
SNSX50.BSE_IDX,01/07/2025,09:28:46,26710.61,0,0,0,0,0,0
SNSX50.BSE_IDX,01/07/2025,09:28:47,26711.02,0,0,0,0,0,0
SNSX50.BSE_IDX,01/07/2025,09:28:48,26710.58,0,0,0,0,0,0
SNSX50.BSE_IDX,01/07/2025,09:28:49,26711.04,0,0,0,0,0,0
SNSX50.BSE_IDX,01/07/2025,09:28:50,26710.63,0,0,0,0,0,0
SNSX50.BSE_IDX,01/07/2025,09:28:51,26711.26,0,0,0,0,0,0
SNSX50.BSE_IDX,01/07/2025,09:28:53,26711.12,0,0,0,0,0,0
SNSX50.BSE_IDX,01/07/2025,09:28:53,26711.58,0,0,0,0,0,0
SNSX50.BSE_IDX,01/07/2025,09:28:54,26710.47,0,0,0,0,0,0
SNSX50.BSE_IDX,01/07/2025,09:28:55,26708.1,0,0,0,0,0,0
SNSX50.BSE_IDX,01/07/2025,09:28:56,26709.4,0,0,0,0,0,0
SNSX50.BSE_IDX,01/07/2025,09:28:57,26708.5,0,0,0,0,0,0
SNSX50.BSE_IDX,01/07/2025,09:28:58,26708.77,0,0,0,0,0,0
SNSX50.BSE_IDX,01/07/2025,09:28:59,26708.04,0,0,0,0,0,0
SNSX50.BSE_IDX,01/07/2025,09:29:00,26709.28,0,0,0,0,0,0
SNSX50.BSE_IDX,01/07/2025,09:29:01,26710.03,0,0,0,0,0,0
SNSX50.BSE_IDX,01/07/2025,09:29:02,26709.9,0,0,0,0,0,0
SNSX50.BSE_IDX,01/07/2025,09:29:03,26709.66,0,0,0,0,0,0
SNSX50.BSE_IDX,01/07/2025,09:29:04,26710.95,0,0,0,0,0,0
SNSX50.BSE_IDX,01/07/2025,09:29:05,26708.71,0,0,0,0,0,0
SNSX50.BSE_IDX,01/07/2025,09:29:06,26708.41,0,0,0,0,0,0
SNSX50.BSE_IDX,01/07/2025,09:29:07,26708.29,0,0,0,0,0,0
SNSX50.BSE_IDX,01/07/2025,09:29:08,26707.55,0,0,0,0,0,0
SNSX50.BSE_IDX,01/07/2025,09:29:09,26709.17,0,0,0,0,0,0
SNSX50.BSE_IDX,01/07/2025,09:29:10,26710.8,0,0,0,0,0,0
SNSX50.BSE_IDX,01/07/2025,09:29:11,26710.83,0,0,0,0,0,0
SNSX50.BSE_IDX,01/07/2025,09:29:12,26711.34,0,0,0,0,0,0
SNSX50.BSE_IDX,01/07/2025,09:29:13,26710.47,0,0,0,0,0,0
SNSX50.BSE_IDX,01/07/2025,09:29:14,26709.86,0,0,0,0,0,0
SNSX50.BSE_IDX,01/07/2025,09:29:15,26709.93,0,0,0,0,0,0
SNSX50.BSE_IDX,01/07/2025,09:29:16,26710.35,0,0,0,0,0,0
SNSX50.BSE_IDX,01/07/2025,09:29:17,26709.86,0,0,0,0,0,0
SNSX50.BSE_IDX,01/07/2025,09:29:18,26709.28,0,0,0,0,0,0
SNSX50.BSE_IDX,01/07/2025,09:29:19,26708.13,0,0,0,0,0,0
