Ticker,Date,Time,LTP,BuyPrice,BuyQty,SellPrice,SellQty,LTQ,OpenInterest
SNSX60.BSE_IDX,01/07/2025,09:00:00,34372.38,0,0,0,0,0,0
SNSX60.BSE_IDX,01/07/2025,09:00:07,34551.21,0,0,0,0,0,0
SNSX60.BSE_IDX,01/07/2025,09:00:15,34556.96,0,0,0,0,0,0
SNSX60.BSE_IDX,01/07/2025,09:00:23,34533.79,0,0,0,0,0,0
SNSX60.BSE_IDX,01/07/2025,09:00:31,34548.3,0,0,0,0,0,0
SNSX60.BSE_IDX,01/07/2025,09:00:39,34514.37,0,0,0,0,0,0
SNSX60.BSE_IDX,01/07/2025,09:00:47,34488.26,0,0,0,0,0,0
SNSX60.BSE_IDX,01/07/2025,09:00:55,34489.09,0,0,0,0,0,0
SNSX60.BSE_IDX,01/07/2025,09:01:03,34486.85,0,0,0,0,0,0
SNSX60.BSE_IDX,01/07/2025,09:01:11,34485.28,0,0,0,0,0,0
SNSX60.BSE_IDX,01/07/2025,09:01:19,34499.55,0,0,0,0,0,0
SNSX60.BSE_IDX,01/07/2025,09:01:27,34481.87,0,0,0,0,0,0
SNSX60.BSE_IDX,01/07/2025,09:01:35,34473.89,0,0,0,0,0,0
SNSX60.BSE_IDX,01/07/2025,09:01:43,34456.56,0,0,0,0,0,0
SNSX60.BSE_IDX,01/07/2025,09:01:51,34440.6,0,0,0,0,0,0
SNSX60.BSE_IDX,01/07/2025,09:01:59,34450.79,0,0,0,0,0,0
SNSX60.BSE_IDX,01/07/2025,09:02:07,34456.7,0,0,0,0,0,0
SNSX60.BSE_IDX,01/07/2025,09:02:15,34459.75,0,0,0,0,0,0
SNSX60.BSE_IDX,01/07/2025,09:02:23,34459.75,0,0,0,0,0,0
SNSX60.BSE_IDX,01/07/2025,09:02:31,34467.57,0,0,0,0,0,0
SNSX60.BSE_IDX,01/07/2025,09:02:39,34467.43,0,0,0,0,0,0
SNSX60.BSE_IDX,01/07/2025,09:02:47,34457.45,0,0,0,0,0,0
SNSX60.BSE_IDX,01/07/2025,09:02:55,34457.73,0,0,0,0,0,0
SNSX60.BSE_IDX,01/07/2025,09:03:03,34483.03,0,0,0,0,0,0
SNSX60.BSE_IDX,01/07/2025,09:03:11,34478.04,0,0,0,0,0,0
SNSX60.BSE_IDX,01/07/2025,09:03:19,34464.1,0,0,0,0,0,0
SNSX60.BSE_IDX,01/07/2025,09:03:27,34459.67,0,0,0,0,0,0
SNSX60.BSE_IDX,01/07/2025,09:03:35,34462.65,0,0,0,0,0,0
SNSX60.BSE_IDX,01/07/2025,09:03:43,34450.97,0,0,0,0,0,0
SNSX60.BSE_IDX,01/07/2025,09:03:51,34444.08,0,0,0,0,0,0
SNSX60.BSE_IDX,01/07/2025,09:03:59,34418.95,0,0,0,0,0,0
SNSX60.BSE_IDX,01/07/2025,09:04:07,34417.06,0,0,0,0,0,0
SNSX60.BSE_IDX,01/07/2025,09:04:15,34411.03,0,0,0,0,0,0
SNSX60.BSE_IDX,01/07/2025,09:04:23,34412.81,0,0,0,0,0,0
SNSX60.BSE_IDX,01/07/2025,09:04:31,34410.75,0,0,0,0,0,0
SNSX60.BSE_IDX,01/07/2025,09:04:39,34405.91,0,0,0,0,0,0
SNSX60.BSE_IDX,01/07/2025,09:04:47,34397.08,0,0,0,0,0,0
SNSX60.BSE_IDX,01/07/2025,09:04:55,34384.69,0,0,0,0,0,0
SNSX60.BSE_IDX,01/07/2025,09:05:03,34384.36,0,0,0,0,0,0
SNSX60.BSE_IDX,01/07/2025,09:05:11,34377.47,0,0,0,0,0,0
SNSX60.BSE_IDX,01/07/2025,09:05:19,34393.59,0,0,0,0,0,0
SNSX60.BSE_IDX,01/07/2025,09:05:27,34400.67,0,0,0,0,0,0
SNSX60.BSE_IDX,01/07/2025,09:05:35,34405.78,0,0,0,0,0,0
SNSX60.BSE_IDX,01/07/2025,09:05:43,34399.78,0,0,0,0,0,0
SNSX60.BSE_IDX,01/07/2025,09:05:51,34402.5,0,0,0,0,0,0
SNSX60.BSE_IDX,01/07/2025,09:05:59,34412.05,0,0,0,0,0,0
SNSX60.BSE_IDX,01/07/2025,09:06:07,34413.54,0,0,0,0,0,0
SNSX60.BSE_IDX,01/07/2025,09:06:15,34415.53,0,0,0,0,0,0
SNSX60.BSE_IDX,01/07/2025,09:06:23,34423.75,0,0,0,0,0,0
SNSX60.BSE_IDX,01/07/2025,09:06:31,34433.43,0,0,0,0,0,0
SNSX60.BSE_IDX,01/07/2025,09:06:39,34429.2,0,0,0,0,0,0
SNSX60.BSE_IDX,01/07/2025,09:06:47,34422.42,0,0,0,0,0,0
SNSX60.BSE_IDX,01/07/2025,09:06:55,34420.49,0,0,0,0,0,0
SNSX60.BSE_IDX,01/07/2025,09:07:04,34420.88,0,0,0,0,0,0
SNSX60.BSE_IDX,01/07/2025,09:07:11,34420.88,0,0,0,0,0,0
SNSX60.BSE_IDX,01/07/2025,09:07:19,34420.88,0,0,0,0,0,0
SNSX60.BSE_IDX,01/07/2025,09:07:27,34420.88,0,0,0,0,0,0
SNSX60.BSE_IDX,01/07/2025,09:07:35,34420.88,0,0,0,0,0,0
SNSX60.BSE_IDX,01/07/2025,09:07:43,34420.88,0,0,0,0,0,0
SNSX60.BSE_IDX,01/07/2025,09:07:51,34420.88,0,0,0,0,0,0
SNSX60.BSE_IDX,01/07/2025,09:07:59,34420.88,0,0,0,0,0,0
SNSX60.BSE_IDX,01/07/2025,09:08:07,34420.88,0,0,0,0,0,0
SNSX60.BSE_IDX,01/07/2025,09:08:15,34420.88,0,0,0,0,0,0
SNSX60.BSE_IDX,01/07/2025,09:08:23,34420.88,0,0,0,0,0,0
SNSX60.BSE_IDX,01/07/2025,09:08:31,34420.88,0,0,0,0,0,0
SNSX60.BSE_IDX,01/07/2025,09:08:39,34420.88,0,0,0,0,0,0
SNSX60.BSE_IDX,01/07/2025,09:08:47,34420.88,0,0,0,0,0,0
SNSX60.BSE_IDX,01/07/2025,09:08:55,34420.88,0,0,0,0,0,0
SNSX60.BSE_IDX,01/07/2025,09:09:03,34421.1,0,0,0,0,0,0
SNSX60.BSE_IDX,01/07/2025,09:09:11,34421.1,0,0,0,0,0,0
SNSX60.BSE_IDX,01/07/2025,09:09:20,34421.1,0,0,0,0,0,0
SNSX60.BSE_IDX,01/07/2025,09:09:27,34421.1,0,0,0,0,0,0
SNSX60.BSE_IDX,01/07/2025,09:09:36,34421.1,0,0,0,0,0,0
SNSX60.BSE_IDX,01/07/2025,09:09:43,34421.1,0,0,0,0,0,0
SNSX60.BSE_IDX,01/07/2025,09:09:51,34421.1,0,0,0,0,0,0
SNSX60.BSE_IDX,01/07/2025,09:09:59,34421.1,0,0,0,0,0,0
SNSX60.BSE_IDX,01/07/2025,09:10:07,34421.1,0,0,0,0,0,0
SNSX60.BSE_IDX,01/07/2025,09:10:16,34421.1,0,0,0,0,0,0
SNSX60.BSE_IDX,01/07/2025,09:10:24,34421.1,0,0,0,0,0,0
SNSX60.BSE_IDX,01/07/2025,09:10:32,34421.1,0,0,0,0,0,0
SNSX60.BSE_IDX,01/07/2025,09:10:39,34421.1,0,0,0,0,0,0
SNSX60.BSE_IDX,01/07/2025,09:10:47,34421.1,0,0,0,0,0,0
SNSX60.BSE_IDX,01/07/2025,09:10:55,34421.1,0,0,0,0,0,0
SNSX60.BSE_IDX,01/07/2025,09:11:03,34421.1,0,0,0,0,0,0
SNSX60.BSE_IDX,01/07/2025,09:11:11,34421.1,0,0,0,0,0,0
SNSX60.BSE_IDX,01/07/2025,09:11:19,34421.1,0,0,0,0,0,0
SNSX60.BSE_IDX,01/07/2025,09:11:27,34421.1,0,0,0,0,0,0
SNSX60.BSE_IDX,01/07/2025,09:11:35,34421.1,0,0,0,0,0,0
SNSX60.BSE_IDX,01/07/2025,09:11:43,34421.1,0,0,0,0,0,0
SNSX60.BSE_IDX,01/07/2025,09:11:51,34421.1,0,0,0,0,0,0
SNSX60.BSE_IDX,01/07/2025,09:11:59,34421.1,0,0,0,0,0,0
SNSX60.BSE_IDX,01/07/2025,09:12:07,34421.1,0,0,0,0,0,0
SNSX60.BSE_IDX,01/07/2025,09:12:16,34421.1,0,0,0,0,0,0
SNSX60.BSE_IDX,01/07/2025,09:12:23,34421.1,0,0,0,0,0,0
SNSX60.BSE_IDX,01/07/2025,09:12:31,34421.1,0,0,0,0,0,0
SNSX60.BSE_IDX,01/07/2025,09:12:39,34421.1,0,0,0,0,0,0
SNSX60.BSE_IDX,01/07/2025,09:12:47,34421.1,0,0,0,0,0,0
SNSX60.BSE_IDX,01/07/2025,09:12:55,34421.1,0,0,0,0,0,0
SNSX60.BSE_IDX,01/07/2025,09:13:03,34421.1,0,0,0,0,0,0
SNSX60.BSE_IDX,01/07/2025,09:13:11,34421.1,0,0,0,0,0,0
SNSX60.BSE_IDX,01/07/2025,09:13:19,34421.1,0,0,0,0,0,0
SNSX60.BSE_IDX,01/07/2025,09:13:27,34421.1,0,0,0,0,0,0
SNSX60.BSE_IDX,01/07/2025,09:13:35,34421.1,0,0,0,0,0,0
SNSX60.BSE_IDX,01/07/2025,09:13:43,34421.1,0,0,0,0,0,0
SNSX60.BSE_IDX,01/07/2025,09:13:51,34421.1,0,0,0,0,0,0
SNSX60.BSE_IDX,01/07/2025,09:13:59,34421.1,0,0,0,0,0,0
SNSX60.BSE_IDX,01/07/2025,09:14:07,34421.1,0,0,0,0,0,0
SNSX60.BSE_IDX,01/07/2025,09:14:15,34421.1,0,0,0,0,0,0
SNSX60.BSE_IDX,01/07/2025,09:14:23,34421.1,0,0,0,0,0,0
SNSX60.BSE_IDX,01/07/2025,09:14:31,34421.1,0,0,0,0,0,0
SNSX60.BSE_IDX,01/07/2025,09:14:39,34421.1,0,0,0,0,0,0
SNSX60.BSE_IDX,01/07/2025,09:14:47,34421.1,0,0,0,0,0,0
SNSX60.BSE_IDX,01/07/2025,09:14:55,34421.1,0,0,0,0,0,0
SNSX60.BSE_IDX,01/07/2025,09:15:04,34433.46,0,0,0,0,0,0
SNSX60.BSE_IDX,01/07/2025,09:15:11,34443.06,0,0,0,0,0,0
SNSX60.BSE_IDX,01/07/2025,09:15:19,34426.87,0,0,0,0,0,0
SNSX60.BSE_IDX,01/07/2025,09:15:27,34414.63,0,0,0,0,0,0
SNSX60.BSE_IDX,01/07/2025,09:15:35,34411.06,0,0,0,0,0,0
SNSX60.BSE_IDX,01/07/2025,09:15:43,34406.58,0,0,0,0,0,0
SNSX60.BSE_IDX,01/07/2025,09:15:51,34399.32,0,0,0,0,0,0
SNSX60.BSE_IDX,01/07/2025,09:15:59,34390.88,0,0,0,0,0,0
SNSX60.BSE_IDX,01/07/2025,09:16:07,34388.8,0,0,0,0,0,0
SNSX60.BSE_IDX,01/07/2025,09:16:15,34397.78,0,0,0,0,0,0
SNSX60.BSE_IDX,01/07/2025,09:16:24,34398.94,0,0,0,0,0,0
SNSX60.BSE_IDX,01/07/2025,09:16:31,34394.19,0,0,0,0,0,0
SNSX60.BSE_IDX,01/07/2025,09:16:39,34393.81,0,0,0,0,0,0
SNSX60.BSE_IDX,01/07/2025,09:16:48,34382.96,0,0,0,0,0,0
SNSX60.BSE_IDX,01/07/2025,09:16:55,34383.75,0,0,0,0,0,0
SNSX60.BSE_IDX,01/07/2025,09:17:03,34389.22,0,0,0,0,0,0
SNSX60.BSE_IDX,01/07/2025,09:17:12,34379.51,0,0,0,0,0,0
SNSX60.BSE_IDX,01/07/2025,09:17:19,34381.16,0,0,0,0,0,0
SNSX60.BSE_IDX,01/07/2025,09:17:27,34383.65,0,0,0,0,0,0
SNSX60.BSE_IDX,01/07/2025,09:17:35,34388.49,0,0,0,0,0,0
SNSX60.BSE_IDX,01/07/2025,09:17:44,34397.95,0,0,0,0,0,0
SNSX60.BSE_IDX,01/07/2025,09:17:51,34404.52,0,0,0,0,0,0
SNSX60.BSE_IDX,01/07/2025,09:17:59,34400.66,0,0,0,0,0,0
SNSX60.BSE_IDX,01/07/2025,09:18:07,34407.74,0,0,0,0,0,0
SNSX60.BSE_IDX,01/07/2025,09:18:15,34409.78,0,0,0,0,0,0
SNSX60.BSE_IDX,01/07/2025,09:18:23,34408.46,0,0,0,0,0,0
SNSX60.BSE_IDX,01/07/2025,09:18:31,34407.4,0,0,0,0,0,0
SNSX60.BSE_IDX,01/07/2025,09:18:39,34410.23,0,0,0,0,0,0
SNSX60.BSE_IDX,01/07/2025,09:18:47,34412.37,0,0,0,0,0,0
SNSX60.BSE_IDX,01/07/2025,09:18:56,34411.78,0,0,0,0,0,0
SNSX60.BSE_IDX,01/07/2025,09:19:03,34408.75,0,0,0,0,0,0
SNSX60.BSE_IDX,01/07/2025,09:19:11,34404.86,0,0,0,0,0,0
SNSX60.BSE_IDX,01/07/2025,09:19:19,34403.82,0,0,0,0,0,0
SNSX60.BSE_IDX,01/07/2025,09:19:28,34401.57,0,0,0,0,0,0
SNSX60.BSE_IDX,01/07/2025,09:19:35,34407.34,0,0,0,0,0,0
SNSX60.BSE_IDX,01/07/2025,09:19:43,34406.5,0,0,0,0,0,0
SNSX60.BSE_IDX,01/07/2025,09:19:52,34408.56,0,0,0,0,0,0
SNSX60.BSE_IDX,01/07/2025,09:19:59,34405.8,0,0,0,0,0,0
SNSX60.BSE_IDX,01/07/2025,09:20:07,34411.02,0,0,0,0,0,0
SNSX60.BSE_IDX,01/07/2025,09:20:15,34416.23,0,0,0,0,0,0
SNSX60.BSE_IDX,01/07/2025,09:20:24,34414.27,0,0,0,0,0,0
SNSX60.BSE_IDX,01/07/2025,09:20:31,34418.82,0,0,0,0,0,0
SNSX60.BSE_IDX,01/07/2025,09:20:39,34419.8,0,0,0,0,0,0
SNSX60.BSE_IDX,01/07/2025,09:20:47,34419.09,0,0,0,0,0,0
SNSX60.BSE_IDX,01/07/2025,09:20:55,34416.53,0,0,0,0,0,0
SNSX60.BSE_IDX,01/07/2025,09:21:03,34415.78,0,0,0,0,0,0
SNSX60.BSE_IDX,01/07/2025,09:21:11,34420.03,0,0,0,0,0,0
SNSX60.BSE_IDX,01/07/2025,09:21:19,34429.37,0,0,0,0,0,0
SNSX60.BSE_IDX,01/07/2025,09:21:27,34429.79,0,0,0,0,0,0
SNSX60.BSE_IDX,01/07/2025,09:21:36,34432.16,0,0,0,0,0,0
SNSX60.BSE_IDX,01/07/2025,09:21:43,34438.47,0,0,0,0,0,0
SNSX60.BSE_IDX,01/07/2025,09:21:51,34441.4,0,0,0,0,0,0
SNSX60.BSE_IDX,01/07/2025,09:22:00,34442.2,0,0,0,0,0,0
SNSX60.BSE_IDX,01/07/2025,09:22:07,34440.37,0,0,0,0,0,0
SNSX60.BSE_IDX,01/07/2025,09:22:15,34439.33,0,0,0,0,0,0
SNSX60.BSE_IDX,01/07/2025,09:22:23,34447.82,0,0,0,0,0,0
SNSX60.BSE_IDX,01/07/2025,09:22:31,34452.97,0,0,0,0,0,0
SNSX60.BSE_IDX,01/07/2025,09:22:39,34451.92,0,0,0,0,0,0
SNSX60.BSE_IDX,01/07/2025,09:22:47,34455.18,0,0,0,0,0,0
SNSX60.BSE_IDX,01/07/2025,09:22:55,34455.02,0,0,0,0,0,0
SNSX60.BSE_IDX,01/07/2025,09:23:03,34453.11,0,0,0,0,0,0
SNSX60.BSE_IDX,01/07/2025,09:23:11,34449.57,0,0,0,0,0,0
SNSX60.BSE_IDX,01/07/2025,09:23:20,34445.85,0,0,0,0,0,0
SNSX60.BSE_IDX,01/07/2025,09:23:27,34441.5,0,0,0,0,0,0
SNSX60.BSE_IDX,01/07/2025,09:23:35,34438.98,0,0,0,0,0,0
SNSX60.BSE_IDX,01/07/2025,09:23:44,34437.13,0,0,0,0,0,0
SNSX60.BSE_IDX,01/07/2025,09:23:51,34430.89,0,0,0,0,0,0
SNSX60.BSE_IDX,01/07/2025,09:23:59,34429.86,0,0,0,0,0,0
SNSX60.BSE_IDX,01/07/2025,09:24:08,34435.98,0,0,0,0,0,0
SNSX60.BSE_IDX,01/07/2025,09:24:16,34436.21,0,0,0,0,0,0
SNSX60.BSE_IDX,01/07/2025,09:24:23,34435.67,0,0,0,0,0,0
SNSX60.BSE_IDX,01/07/2025,09:24:32,34433.07,0,0,0,0,0,0
SNSX60.BSE_IDX,01/07/2025,09:24:39,34432.51,0,0,0,0,0,0
SNSX60.BSE_IDX,01/07/2025,09:24:48,34435.05,0,0,0,0,0,0
SNSX60.BSE_IDX,01/07/2025,09:24:57,34432.72,0,0,0,0,0,0
SNSX60.BSE_IDX,01/07/2025,09:25:03,34434.12,0,0,0,0,0,0
SNSX60.BSE_IDX,01/07/2025,09:25:12,34439.19,0,0,0,0,0,0
SNSX60.BSE_IDX,01/07/2025,09:25:20,34442.27,0,0,0,0,0,0
SNSX60.BSE_IDX,01/07/2025,09:25:29,34442.34,0,0,0,0,0,0
SNSX60.BSE_IDX,01/07/2025,09:25:35,34451.48,0,0,0,0,0,0
SNSX60.BSE_IDX,01/07/2025,09:25:43,34452.59,0,0,0,0,0,0
SNSX60.BSE_IDX,01/07/2025,09:25:51,34453.91,0,0,0,0,0,0
SNSX60.BSE_IDX,01/07/2025,09:25:59,34454.03,0,0,0,0,0,0
SNSX60.BSE_IDX,01/07/2025,09:26:08,34450.16,0,0,0,0,0,0
SNSX60.BSE_IDX,01/07/2025,09:26:15,34447.17,0,0,0,0,0,0
SNSX60.BSE_IDX,01/07/2025,09:26:24,34452.38,0,0,0,0,0,0
SNSX60.BSE_IDX,01/07/2025,09:26:31,34454.2,0,0,0,0,0,0
SNSX60.BSE_IDX,01/07/2025,09:26:40,34454.46,0,0,0,0,0,0
SNSX60.BSE_IDX,01/07/2025,09:26:48,34454.9,0,0,0,0,0,0
SNSX60.BSE_IDX,01/07/2025,09:26:55,34458.55,0,0,0,0,0,0
SNSX60.BSE_IDX,01/07/2025,09:27:04,34461.42,0,0,0,0,0,0
SNSX60.BSE_IDX,01/07/2025,09:27:12,34459.18,0,0,0,0,0,0
SNSX60.BSE_IDX,01/07/2025,09:27:19,34460.94,0,0,0,0,0,0
SNSX60.BSE_IDX,01/07/2025,09:27:28,34457.74,0,0,0,0,0,0
SNSX60.BSE_IDX,01/07/2025,09:27:36,34455.86,0,0,0,0,0,0
SNSX60.BSE_IDX,01/07/2025,09:27:44,34456.29,0,0,0,0,0,0
SNSX60.BSE_IDX,01/07/2025,09:27:52,34456.08,0,0,0,0,0,0
SNSX60.BSE_IDX,01/07/2025,09:28:00,34462.43,0,0,0,0,0,0
SNSX60.BSE_IDX,01/07/2025,09:28:08,34459.13,0,0,0,0,0,0
SNSX60.BSE_IDX,01/07/2025,09:28:16,34461.06,0,0,0,0,0,0
SNSX60.BSE_IDX,01/07/2025,09:28:24,34456.81,0,0,0,0,0,0
SNSX60.BSE_IDX,01/07/2025,09:28:32,34453.93,0,0,0,0,0,0
SNSX60.BSE_IDX,01/07/2025,09:28:40,34447.21,0,0,0,0,0,0
SNSX60.BSE_IDX,01/07/2025,09:28:48,34445.67,0,0,0,0,0,0
SNSX60.BSE_IDX,01/07/2025,09:28:56,34443.11,0,0,0,0,0,0
SNSX60.BSE_IDX,01/07/2025,09:29:04,34446.44,0,0,0,0,0,0
SNSX60.BSE_IDX,01/07/2025,09:29:12,34446.25,0,0,0,0,0,0
SNSX60.BSE_IDX,01/07/2025,09:29:20,34442.86,0,0,0,0,0,0
SNSX60.BSE_IDX,01/07/2025,09:29:28,34442.6,0,0,0,0,0,0
SNSX60.BSE_IDX,01/07/2025,09:29:36,34444.2,0,0,0,0,0,0
SNSX60.BSE_IDX,01/07/2025,09:29:44,34447.41,0,0,0,0,0,0
SNSX60.BSE_IDX,01/07/2025,09:29:52,34448.19,0,0,0,0,0,0
SNSX60.BSE_IDX,01/07/2025,09:30:00,34451.21,0,0,0,0,0,0
SNSX60.BSE_IDX,01/07/2025,09:30:08,34454.24,0,0,0,0,0,0
SNSX60.BSE_IDX,01/07/2025,09:30:16,34465.94,0,0,0,0,0,0
SNSX60.BSE_IDX,01/07/2025,09:30:24,34466.37,0,0,0,0,0,0
SNSX60.BSE_IDX,01/07/2025,09:30:32,34469.51,0,0,0,0,0,0
SNSX60.BSE_IDX,01/07/2025,09:30:40,34471.43,0,0,0,0,0,0
SNSX60.BSE_IDX,01/07/2025,09:30:48,34471.79,0,0,0,0,0,0
SNSX60.BSE_IDX,01/07/2025,09:30:56,34468.89,0,0,0,0,0,0
SNSX60.BSE_IDX,01/07/2025,09:31:04,34470.39,0,0,0,0,0,0
SNSX60.BSE_IDX,01/07/2025,09:31:12,34463.71,0,0,0,0,0,0
SNSX60.BSE_IDX,01/07/2025,09:31:20,34461.09,0,0,0,0,0,0
SNSX60.BSE_IDX,01/07/2025,09:31:28,34459.75,0,0,0,0,0,0
SNSX60.BSE_IDX,01/07/2025,09:31:36,34458.89,0,0,0,0,0,0
SNSX60.BSE_IDX,01/07/2025,09:31:44,34456.65,0,0,0,0,0,0
SNSX60.BSE_IDX,01/07/2025,09:31:52,34459.05,0,0,0,0,0,0
SNSX60.BSE_IDX,01/07/2025,09:32:00,34462.06,0,0,0,0,0,0
SNSX60.BSE_IDX,01/07/2025,09:32:08,34457.55,0,0,0,0,0,0
SNSX60.BSE_IDX,01/07/2025,09:32:16,34455.41,0,0,0,0,0,0
SNSX60.BSE_IDX,01/07/2025,09:32:24,34454.05,0,0,0,0,0,0
SNSX60.BSE_IDX,01/07/2025,09:32:32,34456.48,0,0,0,0,0,0
SNSX60.BSE_IDX,01/07/2025,09:32:40,34453.86,0,0,0,0,0,0
SNSX60.BSE_IDX,01/07/2025,09:32:48,34456.17,0,0,0,0,0,0
SNSX60.BSE_IDX,01/07/2025,09:32:56,34461.6,0,0,0,0,0,0
SNSX60.BSE_IDX,01/07/2025,09:33:04,34465.69,0,0,0,0,0,0
SNSX60.BSE_IDX,01/07/2025,09:33:12,34467,0,0,0,0,0,0
SNSX60.BSE_IDX,01/07/2025,09:33:20,34469.55,0,0,0,0,0,0
SNSX60.BSE_IDX,01/07/2025,09:33:28,34468.53,0,0,0,0,0,0
SNSX60.BSE_IDX,01/07/2025,09:33:36,34467.71,0,0,0,0,0,0
SNSX60.BSE_IDX,01/07/2025,09:33:44,34467.29,0,0,0,0,0,0
SNSX60.BSE_IDX,01/07/2025,09:33:52,34466.43,0,0,0,0,0,0
SNSX60.BSE_IDX,01/07/2025,09:34:00,34466.92,0,0,0,0,0,0
SNSX60.BSE_IDX,01/07/2025,09:34:08,34464.49,0,0,0,0,0,0
SNSX60.BSE_IDX,01/07/2025,09:34:16,34463.91,0,0,0,0,0,0
SNSX60.BSE_IDX,01/07/2025,09:34:24,34464.81,0,0,0,0,0,0
SNSX60.BSE_IDX,01/07/2025,09:34:32,34463.53,0,0,0,0,0,0
SNSX60.BSE_IDX,01/07/2025,09:34:40,34464.61,0,0,0,0,0,0
SNSX60.BSE_IDX,01/07/2025,09:34:48,34464.93,0,0,0,0,0,0
SNSX60.BSE_IDX,01/07/2025,09:34:56,34464.39,0,0,0,0,0,0
SNSX60.BSE_IDX,01/07/2025,09:35:05,34462.39,0,0,0,0,0,0
SNSX60.BSE_IDX,01/07/2025,09:35:12,34462.41,0,0,0,0,0,0
SNSX60.BSE_IDX,01/07/2025,09:35:20,34456.84,0,0,0,0,0,0
SNSX60.BSE_IDX,01/07/2025,09:35:28,34455.66,0,0,0,0,0,0
SNSX60.BSE_IDX,01/07/2025,09:35:36,34458,0,0,0,0,0,0
SNSX60.BSE_IDX,01/07/2025,09:35:44,34457.91,0,0,0,0,0,0
SNSX60.BSE_IDX,01/07/2025,09:35:52,34455.13,0,0,0,0,0,0
SNSX60.BSE_IDX,01/07/2025,09:36:00,34456,0,0,0,0,0,0
SNSX60.BSE_IDX,01/07/2025,09:36:08,34456.02,0,0,0,0,0,0
SNSX60.BSE_IDX,01/07/2025,09:36:16,34454.7,0,0,0,0,0,0
SNSX60.BSE_IDX,01/07/2025,09:36:24,34455.56,0,0,0,0,0,0
SNSX60.BSE_IDX,01/07/2025,09:36:33,34454.22,0,0,0,0,0,0
SNSX60.BSE_IDX,01/07/2025,09:36:40,34448.46,0,0,0,0,0,0
SNSX60.BSE_IDX,01/07/2025,09:36:48,34455.71,0,0,0,0,0,0
SNSX60.BSE_IDX,01/07/2025,09:36:56,34454.94,0,0,0,0,0,0
SNSX60.BSE_IDX,01/07/2025,09:37:04,34457.67,0,0,0,0,0,0
SNSX60.BSE_IDX,01/07/2025,09:37:12,34458.91,0,0,0,0,0,0
SNSX60.BSE_IDX,01/07/2025,09:37:20,34457.81,0,0,0,0,0,0
SNSX60.BSE_IDX,01/07/2025,09:37:28,34460.09,0,0,0,0,0,0
SNSX60.BSE_IDX,01/07/2025,09:37:36,34458.65,0,0,0,0,0,0
SNSX60.BSE_IDX,01/07/2025,09:37:44,34461.46,0,0,0,0,0,0
SNSX60.BSE_IDX,01/07/2025,09:37:52,34460.58,0,0,0,0,0,0
SNSX60.BSE_IDX,01/07/2025,09:38:00,34462.22,0,0,0,0,0,0
SNSX60.BSE_IDX,01/07/2025,09:38:08,34460.28,0,0,0,0,0,0
SNSX60.BSE_IDX,01/07/2025,09:38:16,34458.4,0,0,0,0,0,0
SNSX60.BSE_IDX,01/07/2025,09:38:24,34459.45,0,0,0,0,0,0
SNSX60.BSE_IDX,01/07/2025,09:38:32,34457.48,0,0,0,0,0,0
SNSX60.BSE_IDX,01/07/2025,09:38:40,34455.12,0,0,0,0,0,0
SNSX60.BSE_IDX,01/07/2025,09:38:48,34456.79,0,0,0,0,0,0
SNSX60.BSE_IDX,01/07/2025,09:38:56,34457.05,0,0,0,0,0,0
SNSX60.BSE_IDX,01/07/2025,09:39:04,34451.15,0,0,0,0,0,0
SNSX60.BSE_IDX,01/07/2025,09:39:12,34455.53,0,0,0,0,0,0
SNSX60.BSE_IDX,01/07/2025,09:39:20,34456.11,0,0,0,0,0,0
SNSX60.BSE_IDX,01/07/2025,09:39:28,34456.22,0,0,0,0,0,0
SNSX60.BSE_IDX,01/07/2025,09:39:36,34458.62,0,0,0,0,0,0
SNSX60.BSE_IDX,01/07/2025,09:39:44,34461.42,0,0,0,0,0,0
SNSX60.BSE_IDX,01/07/2025,09:39:52,34462.76,0,0,0,0,0,0
SNSX60.BSE_IDX,01/07/2025,09:40:00,34464.05,0,0,0,0,0,0
SNSX60.BSE_IDX,01/07/2025,09:40:08,34466.28,0,0,0,0,0,0
SNSX60.BSE_IDX,01/07/2025,09:40:16,34466.7,0,0,0,0,0,0
SNSX60.BSE_IDX,01/07/2025,09:40:24,34468.61,0,0,0,0,0,0
SNSX60.BSE_IDX,01/07/2025,09:40:32,34462.09,0,0,0,0,0,0
SNSX60.BSE_IDX,01/07/2025,09:40:40,34462.38,0,0,0,0,0,0
SNSX60.BSE_IDX,01/07/2025,09:40:48,34461.52,0,0,0,0,0,0
SNSX60.BSE_IDX,01/07/2025,09:40:56,34463.74,0,0,0,0,0,0
SNSX60.BSE_IDX,01/07/2025,09:41:04,34462.75,0,0,0,0,0,0
SNSX60.BSE_IDX,01/07/2025,09:41:12,34464.85,0,0,0,0,0,0
SNSX60.BSE_IDX,01/07/2025,09:41:20,34467.14,0,0,0,0,0,0
SNSX60.BSE_IDX,01/07/2025,09:41:28,34468.58,0,0,0,0,0,0
SNSX60.BSE_IDX,01/07/2025,09:41:36,34470,0,0,0,0,0,0
SNSX60.BSE_IDX,01/07/2025,09:41:44,34466.63,0,0,0,0,0,0
SNSX60.BSE_IDX,01/07/2025,09:41:52,34466.68,0,0,0,0,0,0
SNSX60.BSE_IDX,01/07/2025,09:42:00,34469.09,0,0,0,0,0,0
SNSX60.BSE_IDX,01/07/2025,09:42:08,34471.9,0,0,0,0,0,0
SNSX60.BSE_IDX,01/07/2025,09:42:16,34472.09,0,0,0,0,0,0
SNSX60.BSE_IDX,01/07/2025,09:42:24,34469.65,0,0,0,0,0,0
SNSX60.BSE_IDX,01/07/2025,09:42:32,34468.49,0,0,0,0,0,0
SNSX60.BSE_IDX,01/07/2025,09:42:40,34469.21,0,0,0,0,0,0
SNSX60.BSE_IDX,01/07/2025,09:42:48,34471.36,0,0,0,0,0,0
SNSX60.BSE_IDX,01/07/2025,09:42:56,34476.97,0,0,0,0,0,0
SNSX60.BSE_IDX,01/07/2025,09:43:04,34473.55,0,0,0,0,0,0
SNSX60.BSE_IDX,01/07/2025,09:43:12,34471.44,0,0,0,0,0,0
SNSX60.BSE_IDX,01/07/2025,09:43:20,34469.65,0,0,0,0,0,0
SNSX60.BSE_IDX,01/07/2025,09:43:28,34472.07,0,0,0,0,0,0
SNSX60.BSE_IDX,01/07/2025,09:43:36,34470.15,0,0,0,0,0,0
SNSX60.BSE_IDX,01/07/2025,09:43:44,34468.68,0,0,0,0,0,0
SNSX60.BSE_IDX,01/07/2025,09:43:53,34467.09,0,0,0,0,0,0
SNSX60.BSE_IDX,01/07/2025,09:44:00,34466.75,0,0,0,0,0,0
SNSX60.BSE_IDX,01/07/2025,09:44:08,34466.46,0,0,0,0,0,0
SNSX60.BSE_IDX,01/07/2025,09:44:16,34465.72,0,0,0,0,0,0
SNSX60.BSE_IDX,01/07/2025,09:44:24,34470.19,0,0,0,0,0,0
SNSX60.BSE_IDX,01/07/2025,09:44:32,34469.55,0,0,0,0,0,0
SNSX60.BSE_IDX,01/07/2025,09:44:40,34469.08,0,0,0,0,0,0
SNSX60.BSE_IDX,01/07/2025,09:44:48,34468.62,0,0,0,0,0,0
SNSX60.BSE_IDX,01/07/2025,09:44:56,34466.84,0,0,0,0,0,0
SNSX60.BSE_IDX,01/07/2025,09:45:05,34463.3,0,0,0,0,0,0
SNSX60.BSE_IDX,01/07/2025,09:45:12,34459.61,0,0,0,0,0,0
SNSX60.BSE_IDX,01/07/2025,09:45:20,34458.21,0,0,0,0,0,0
SNSX60.BSE_IDX,01/07/2025,09:45:28,34461.64,0,0,0,0,0,0
SNSX60.BSE_IDX,01/07/2025,09:45:36,34457.63,0,0,0,0,0,0
SNSX60.BSE_IDX,01/07/2025,09:45:44,34452.76,0,0,0,0,0,0
SNSX60.BSE_IDX,01/07/2025,09:45:52,34454.39,0,0,0,0,0,0
SNSX60.BSE_IDX,01/07/2025,09:46:01,34453.39,0,0,0,0,0,0
SNSX60.BSE_IDX,01/07/2025,09:46:08,34447.32,0,0,0,0,0,0
SNSX60.BSE_IDX,01/07/2025,09:46:16,34447.39,0,0,0,0,0,0
SNSX60.BSE_IDX,01/07/2025,09:46:24,34448.3,0,0,0,0,0,0
SNSX60.BSE_IDX,01/07/2025,09:46:32,34450.34,0,0,0,0,0,0
SNSX60.BSE_IDX,01/07/2025,09:46:40,34451.63,0,0,0,0,0,0
SNSX60.BSE_IDX,01/07/2025,09:46:48,34450.31,0,0,0,0,0,0
SNSX60.BSE_IDX,01/07/2025,09:46:56,34451.3,0,0,0,0,0,0
SNSX60.BSE_IDX,01/07/2025,09:47:04,34449.53,0,0,0,0,0,0
SNSX60.BSE_IDX,01/07/2025,09:47:12,34451.56,0,0,0,0,0,0
SNSX60.BSE_IDX,01/07/2025,09:47:20,34449.35,0,0,0,0,0,0
SNSX60.BSE_IDX,01/07/2025,09:47:28,34447.61,0,0,0,0,0,0
SNSX60.BSE_IDX,01/07/2025,09:47:36,34446.03,0,0,0,0,0,0
SNSX60.BSE_IDX,01/07/2025,09:47:44,34447.18,0,0,0,0,0,0
SNSX60.BSE_IDX,01/07/2025,09:47:52,34453.55,0,0,0,0,0,0
SNSX60.BSE_IDX,01/07/2025,09:48:00,34455.89,0,0,0,0,0,0
SNSX60.BSE_IDX,01/07/2025,09:48:08,34456.63,0,0,0,0,0,0
SNSX60.BSE_IDX,01/07/2025,09:48:16,34460.39,0,0,0,0,0,0
SNSX60.BSE_IDX,01/07/2025,09:48:24,34464.78,0,0,0,0,0,0
SNSX60.BSE_IDX,01/07/2025,09:48:32,34468.76,0,0,0,0,0,0
SNSX60.BSE_IDX,01/07/2025,09:48:40,34464.72,0,0,0,0,0,0
SNSX60.BSE_IDX,01/07/2025,09:48:48,34463.31,0,0,0,0,0,0
SNSX60.BSE_IDX,01/07/2025,09:48:56,34464.04,0,0,0,0,0,0
SNSX60.BSE_IDX,01/07/2025,09:49:04,34467.27,0,0,0,0,0,0
SNSX60.BSE_IDX,01/07/2025,09:49:12,34468.53,0,0,0,0,0,0
SNSX60.BSE_IDX,01/07/2025,09:49:20,34468.09,0,0,0,0,0,0
SNSX60.BSE_IDX,01/07/2025,09:49:28,34470.45,0,0,0,0,0,0
SNSX60.BSE_IDX,01/07/2025,09:49:36,34471.34,0,0,0,0,0,0
SNSX60.BSE_IDX,01/07/2025,09:49:44,34472.59,0,0,0,0,0,0
SNSX60.BSE_IDX,01/07/2025,09:49:52,34474.44,0,0,0,0,0,0
SNSX60.BSE_IDX,01/07/2025,09:50:00,34473.26,0,0,0,0,0,0
SNSX60.BSE_IDX,01/07/2025,09:50:08,34475.02,0,0,0,0,0,0
SNSX60.BSE_IDX,01/07/2025,09:50:16,34473.61,0,0,0,0,0,0
SNSX60.BSE_IDX,01/07/2025,09:50:24,34474.3,0,0,0,0,0,0
SNSX60.BSE_IDX,01/07/2025,09:50:32,34468.85,0,0,0,0,0,0
SNSX60.BSE_IDX,01/07/2025,09:50:40,34462.38,0,0,0,0,0,0
SNSX60.BSE_IDX,01/07/2025,09:50:48,34464.26,0,0,0,0,0,0
SNSX60.BSE_IDX,01/07/2025,09:50:57,34463.77,0,0,0,0,0,0
SNSX60.BSE_IDX,01/07/2025,09:51:04,34463.73,0,0,0,0,0,0
SNSX60.BSE_IDX,01/07/2025,09:51:12,34468.32,0,0,0,0,0,0
SNSX60.BSE_IDX,01/07/2025,09:51:20,34467.95,0,0,0,0,0,0
SNSX60.BSE_IDX,01/07/2025,09:51:28,34463.19,0,0,0,0,0,0
SNSX60.BSE_IDX,01/07/2025,09:51:37,34457.35,0,0,0,0,0,0
SNSX60.BSE_IDX,01/07/2025,09:51:44,34461.24,0,0,0,0,0,0
SNSX60.BSE_IDX,01/07/2025,09:51:52,34456.53,0,0,0,0,0,0
SNSX60.BSE_IDX,01/07/2025,09:52:01,34452.91,0,0,0,0,0,0
SNSX60.BSE_IDX,01/07/2025,09:52:08,34447.46,0,0,0,0,0,0
SNSX60.BSE_IDX,01/07/2025,09:52:17,34439.86,0,0,0,0,0,0
SNSX60.BSE_IDX,01/07/2025,09:52:24,34438.61,0,0,0,0,0,0
SNSX60.BSE_IDX,01/07/2025,09:52:32,34444.69,0,0,0,0,0,0
SNSX60.BSE_IDX,01/07/2025,09:52:40,34443.94,0,0,0,0,0,0
SNSX60.BSE_IDX,01/07/2025,09:52:48,34446.48,0,0,0,0,0,0
SNSX60.BSE_IDX,01/07/2025,09:52:57,34446.12,0,0,0,0,0,0
SNSX60.BSE_IDX,01/07/2025,09:53:04,34445.84,0,0,0,0,0,0
SNSX60.BSE_IDX,01/07/2025,09:53:13,34447.45,0,0,0,0,0,0
SNSX60.BSE_IDX,01/07/2025,09:53:20,34449.73,0,0,0,0,0,0
SNSX60.BSE_IDX,01/07/2025,09:53:28,34449.2,0,0,0,0,0,0
SNSX60.BSE_IDX,01/07/2025,09:53:36,34448.45,0,0,0,0,0,0
SNSX60.BSE_IDX,01/07/2025,09:53:44,34445.51,0,0,0,0,0,0
SNSX60.BSE_IDX,01/07/2025,09:53:52,34443.56,0,0,0,0,0,0
SNSX60.BSE_IDX,01/07/2025,09:54:00,34438.08,0,0,0,0,0,0
SNSX60.BSE_IDX,01/07/2025,09:54:08,34433.62,0,0,0,0,0,0
SNSX60.BSE_IDX,01/07/2025,09:54:16,34434.85,0,0,0,0,0,0
SNSX60.BSE_IDX,01/07/2025,09:54:24,34431.05,0,0,0,0,0,0
SNSX60.BSE_IDX,01/07/2025,09:54:32,34429.77,0,0,0,0,0,0
SNSX60.BSE_IDX,01/07/2025,09:54:40,34428.52,0,0,0,0,0,0
SNSX60.BSE_IDX,01/07/2025,09:54:48,34428.96,0,0,0,0,0,0
SNSX60.BSE_IDX,01/07/2025,09:54:56,34428.23,0,0,0,0,0,0
SNSX60.BSE_IDX,01/07/2025,09:55:04,34427.21,0,0,0,0,0,0
SNSX60.BSE_IDX,01/07/2025,09:55:12,34428.5,0,0,0,0,0,0
SNSX60.BSE_IDX,01/07/2025,09:55:20,34426.86,0,0,0,0,0,0
SNSX60.BSE_IDX,01/07/2025,09:55:28,34426.9,0,0,0,0,0,0
SNSX60.BSE_IDX,01/07/2025,09:55:36,34426.7,0,0,0,0,0,0
SNSX60.BSE_IDX,01/07/2025,09:55:44,34424.45,0,0,0,0,0,0
SNSX60.BSE_IDX,01/07/2025,09:55:52,34422.27,0,0,0,0,0,0
SNSX60.BSE_IDX,01/07/2025,09:56:00,34423,0,0,0,0,0,0
SNSX60.BSE_IDX,01/07/2025,09:56:08,34421.75,0,0,0,0,0,0
SNSX60.BSE_IDX,01/07/2025,09:56:16,34422.83,0,0,0,0,0,0
SNSX60.BSE_IDX,01/07/2025,09:56:25,34423.84,0,0,0,0,0,0
SNSX60.BSE_IDX,01/07/2025,09:56:33,34421.09,0,0,0,0,0,0
SNSX60.BSE_IDX,01/07/2025,09:56:41,34420.3,0,0,0,0,0,0
SNSX60.BSE_IDX,01/07/2025,09:56:48,34422.22,0,0,0,0,0,0
SNSX60.BSE_IDX,01/07/2025,09:56:57,34420.16,0,0,0,0,0,0
SNSX60.BSE_IDX,01/07/2025,09:57:04,34420.8,0,0,0,0,0,0
SNSX60.BSE_IDX,01/07/2025,09:57:12,34421.77,0,0,0,0,0,0
SNSX60.BSE_IDX,01/07/2025,09:57:20,34424.22,0,0,0,0,0,0
SNSX60.BSE_IDX,01/07/2025,09:57:28,34424.37,0,0,0,0,0,0
SNSX60.BSE_IDX,01/07/2025,09:57:36,34421.79,0,0,0,0,0,0
SNSX60.BSE_IDX,01/07/2025,09:57:44,34425.88,0,0,0,0,0,0
SNSX60.BSE_IDX,01/07/2025,09:57:52,34424.64,0,0,0,0,0,0
SNSX60.BSE_IDX,01/07/2025,09:58:00,34423.5,0,0,0,0,0,0
SNSX60.BSE_IDX,01/07/2025,09:58:08,34424.67,0,0,0,0,0,0
SNSX60.BSE_IDX,01/07/2025,09:58:16,34427.63,0,0,0,0,0,0
SNSX60.BSE_IDX,01/07/2025,09:58:24,34423.76,0,0,0,0,0,0
SNSX60.BSE_IDX,01/07/2025,09:58:32,34426.66,0,0,0,0,0,0
SNSX60.BSE_IDX,01/07/2025,09:58:40,34429.79,0,0,0,0,0,0
SNSX60.BSE_IDX,01/07/2025,09:58:48,34431.47,0,0,0,0,0,0
SNSX60.BSE_IDX,01/07/2025,09:58:56,34434.55,0,0,0,0,0,0
SNSX60.BSE_IDX,01/07/2025,09:59:05,34438.74,0,0,0,0,0,0
SNSX60.BSE_IDX,01/07/2025,09:59:12,34437.09,0,0,0,0,0,0
SNSX60.BSE_IDX,01/07/2025,09:59:20,34438.45,0,0,0,0,0,0
SNSX60.BSE_IDX,01/07/2025,09:59:28,34439.77,0,0,0,0,0,0
SNSX60.BSE_IDX,01/07/2025,09:59:36,34439.11,0,0,0,0,0,0
SNSX60.BSE_IDX,01/07/2025,09:59:45,34439.57,0,0,0,0,0,0
SNSX60.BSE_IDX,01/07/2025,09:59:52,34439.28,0,0,0,0,0,0
SNSX60.BSE_IDX,01/07/2025,10:00:01,34438.53,0,0,0,0,0,0
SNSX60.BSE_IDX,01/07/2025,10:00:08,34444.02,0,0,0,0,0,0
SNSX60.BSE_IDX,01/07/2025,10:00:16,34445.31,0,0,0,0,0,0
SNSX60.BSE_IDX,01/07/2025,10:00:25,34442.46,0,0,0,0,0,0
SNSX60.BSE_IDX,01/07/2025,10:00:32,34441.53,0,0,0,0,0,0
SNSX60.BSE_IDX,01/07/2025,10:00:40,34441.4,0,0,0,0,0,0
SNSX60.BSE_IDX,01/07/2025,10:00:49,34441.23,0,0,0,0,0,0
SNSX60.BSE_IDX,01/07/2025,10:00:57,34440.77,0,0,0,0,0,0
SNSX60.BSE_IDX,01/07/2025,10:01:04,34436.83,0,0,0,0,0,0
SNSX60.BSE_IDX,01/07/2025,10:01:12,34430.99,0,0,0,0,0,0
SNSX60.BSE_IDX,01/07/2025,10:01:21,34430.41,0,0,0,0,0,0
SNSX60.BSE_IDX,01/07/2025,10:01:29,34428.28,0,0,0,0,0,0
SNSX60.BSE_IDX,01/07/2025,10:01:37,34426.25,0,0,0,0,0,0
SNSX60.BSE_IDX,01/07/2025,10:01:44,34426.06,0,0,0,0,0,0
SNSX60.BSE_IDX,01/07/2025,10:01:52,34422.76,0,0,0,0,0,0
SNSX60.BSE_IDX,01/07/2025,10:02:00,34421.08,0,0,0,0,0,0
SNSX60.BSE_IDX,01/07/2025,10:02:09,34420.3,0,0,0,0,0,0
SNSX60.BSE_IDX,01/07/2025,10:02:17,34418.5,0,0,0,0,0,0
SNSX60.BSE_IDX,01/07/2025,10:02:24,34419.99,0,0,0,0,0,0
SNSX60.BSE_IDX,01/07/2025,10:02:32,34415.72,0,0,0,0,0,0
SNSX60.BSE_IDX,01/07/2025,10:02:41,34416.64,0,0,0,0,0,0
SNSX60.BSE_IDX,01/07/2025,10:02:49,34416.41,0,0,0,0,0,0
SNSX60.BSE_IDX,01/07/2025,10:02:57,34414.02,0,0,0,0,0,0
SNSX60.BSE_IDX,01/07/2025,10:03:04,34412.93,0,0,0,0,0,0
SNSX60.BSE_IDX,01/07/2025,10:03:13,34410.55,0,0,0,0,0,0
SNSX60.BSE_IDX,01/07/2025,10:03:20,34405.22,0,0,0,0,0,0
SNSX60.BSE_IDX,01/07/2025,10:03:29,34405.05,0,0,0,0,0,0
SNSX60.BSE_IDX,01/07/2025,10:03:37,34409.07,0,0,0,0,0,0
SNSX60.BSE_IDX,01/07/2025,10:03:45,34409.55,0,0,0,0,0,0
SNSX60.BSE_IDX,01/07/2025,10:03:53,34412.45,0,0,0,0,0,0
SNSX60.BSE_IDX,01/07/2025,10:04:01,34414.76,0,0,0,0,0,0
SNSX60.BSE_IDX,01/07/2025,10:04:09,34414.34,0,0,0,0,0,0
SNSX60.BSE_IDX,01/07/2025,10:04:17,34413.27,0,0,0,0,0,0
SNSX60.BSE_IDX,01/07/2025,10:04:25,34412.24,0,0,0,0,0,0
SNSX60.BSE_IDX,01/07/2025,10:04:33,34422.33,0,0,0,0,0,0
SNSX60.BSE_IDX,01/07/2025,10:04:41,34426.52,0,0,0,0,0,0
SNSX60.BSE_IDX,01/07/2025,10:04:50,34426.78,0,0,0,0,0,0
SNSX60.BSE_IDX,01/07/2025,10:04:57,34426.04,0,0,0,0,0,0
SNSX60.BSE_IDX,01/07/2025,10:05:05,34416.68,0,0,0,0,0,0
SNSX60.BSE_IDX,01/07/2025,10:05:14,34415.13,0,0,0,0,0,0
SNSX60.BSE_IDX,01/07/2025,10:05:21,34411.16,0,0,0,0,0,0
SNSX60.BSE_IDX,01/07/2025,10:05:29,34400.12,0,0,0,0,0,0
SNSX60.BSE_IDX,01/07/2025,10:05:37,34397.74,0,0,0,0,0,0
SNSX60.BSE_IDX,01/07/2025,10:05:45,34406.43,0,0,0,0,0,0
SNSX60.BSE_IDX,01/07/2025,10:05:53,34410.2,0,0,0,0,0,0
SNSX60.BSE_IDX,01/07/2025,10:06:01,34410.5,0,0,0,0,0,0
SNSX60.BSE_IDX,01/07/2025,10:06:09,34411.67,0,0,0,0,0,0
SNSX60.BSE_IDX,01/07/2025,10:06:17,34414.96,0,0,0,0,0,0
SNSX60.BSE_IDX,01/07/2025,10:06:25,34416.46,0,0,0,0,0,0
SNSX60.BSE_IDX,01/07/2025,10:06:33,34418,0,0,0,0,0,0
SNSX60.BSE_IDX,01/07/2025,10:06:41,34418.01,0,0,0,0,0,0
SNSX60.BSE_IDX,01/07/2025,10:06:49,34416.21,0,0,0,0,0,0
SNSX60.BSE_IDX,01/07/2025,10:06:57,34415.84,0,0,0,0,0,0
SNSX60.BSE_IDX,01/07/2025,10:07:05,34417.79,0,0,0,0,0,0
SNSX60.BSE_IDX,01/07/2025,10:07:13,34418.32,0,0,0,0,0,0
SNSX60.BSE_IDX,01/07/2025,10:07:21,34418.75,0,0,0,0,0,0
SNSX60.BSE_IDX,01/07/2025,10:07:29,34420.55,0,0,0,0,0,0
SNSX60.BSE_IDX,01/07/2025,10:07:37,34422.7,0,0,0,0,0,0
SNSX60.BSE_IDX,01/07/2025,10:07:45,34423.43,0,0,0,0,0,0
SNSX60.BSE_IDX,01/07/2025,10:07:53,34423.36,0,0,0,0,0,0
SNSX60.BSE_IDX,01/07/2025,10:08:01,34424.07,0,0,0,0,0,0
SNSX60.BSE_IDX,01/07/2025,10:08:09,34424.16,0,0,0,0,0,0
SNSX60.BSE_IDX,01/07/2025,10:08:17,34427.33,0,0,0,0,0,0
SNSX60.BSE_IDX,01/07/2025,10:08:25,34427.68,0,0,0,0,0,0
SNSX60.BSE_IDX,01/07/2025,10:08:33,34426.74,0,0,0,0,0,0
SNSX60.BSE_IDX,01/07/2025,10:08:41,34423.73,0,0,0,0,0,0
SNSX60.BSE_IDX,01/07/2025,10:08:49,34423.86,0,0,0,0,0,0
SNSX60.BSE_IDX,01/07/2025,10:08:57,34421.16,0,0,0,0,0,0
SNSX60.BSE_IDX,01/07/2025,10:09:05,34412.54,0,0,0,0,0,0
SNSX60.BSE_IDX,01/07/2025,10:09:13,34411.17,0,0,0,0,0,0
SNSX60.BSE_IDX,01/07/2025,10:09:21,34407.81,0,0,0,0,0,0
SNSX60.BSE_IDX,01/07/2025,10:09:29,34406.91,0,0,0,0,0,0
SNSX60.BSE_IDX,01/07/2025,10:09:37,34411.33,0,0,0,0,0,0
SNSX60.BSE_IDX,01/07/2025,10:09:45,34411.5,0,0,0,0,0,0
SNSX60.BSE_IDX,01/07/2025,10:09:53,34412.24,0,0,0,0,0,0
SNSX60.BSE_IDX,01/07/2025,10:10:01,34415.48,0,0,0,0,0,0
SNSX60.BSE_IDX,01/07/2025,10:10:09,34413.64,0,0,0,0,0,0
SNSX60.BSE_IDX,01/07/2025,10:10:17,34413.09,0,0,0,0,0,0
SNSX60.BSE_IDX,01/07/2025,10:10:25,34412.47,0,0,0,0,0,0
SNSX60.BSE_IDX,01/07/2025,10:10:33,34413.71,0,0,0,0,0,0
SNSX60.BSE_IDX,01/07/2025,10:10:41,34412.88,0,0,0,0,0,0
SNSX60.BSE_IDX,01/07/2025,10:10:49,34413.58,0,0,0,0,0,0
SNSX60.BSE_IDX,01/07/2025,10:10:57,34411.9,0,0,0,0,0,0
SNSX60.BSE_IDX,01/07/2025,10:11:05,34411.16,0,0,0,0,0,0
SNSX60.BSE_IDX,01/07/2025,10:11:13,34408.37,0,0,0,0,0,0
SNSX60.BSE_IDX,01/07/2025,10:11:22,34409.24,0,0,0,0,0,0
SNSX60.BSE_IDX,01/07/2025,10:11:29,34405.02,0,0,0,0,0,0
SNSX60.BSE_IDX,01/07/2025,10:11:37,34404.96,0,0,0,0,0,0
SNSX60.BSE_IDX,01/07/2025,10:11:45,34404.02,0,0,0,0,0,0
SNSX60.BSE_IDX,01/07/2025,10:11:53,34406.98,0,0,0,0,0,0
SNSX60.BSE_IDX,01/07/2025,10:12:01,34413.44,0,0,0,0,0,0
SNSX60.BSE_IDX,01/07/2025,10:12:09,34414.61,0,0,0,0,0,0
SNSX60.BSE_IDX,01/07/2025,10:12:17,34408.23,0,0,0,0,0,0
SNSX60.BSE_IDX,01/07/2025,10:12:25,34406.7,0,0,0,0,0,0
SNSX60.BSE_IDX,01/07/2025,10:12:33,34405.82,0,0,0,0,0,0
SNSX60.BSE_IDX,01/07/2025,10:12:41,34404.65,0,0,0,0,0,0
SNSX60.BSE_IDX,01/07/2025,10:12:49,34399.2,0,0,0,0,0,0
SNSX60.BSE_IDX,01/07/2025,10:12:57,34388.73,0,0,0,0,0,0
SNSX60.BSE_IDX,01/07/2025,10:13:05,34386.62,0,0,0,0,0,0
SNSX60.BSE_IDX,01/07/2025,10:13:13,34387.21,0,0,0,0,0,0
SNSX60.BSE_IDX,01/07/2025,10:13:21,34394.54,0,0,0,0,0,0
SNSX60.BSE_IDX,01/07/2025,10:13:29,34395.48,0,0,0,0,0,0
SNSX60.BSE_IDX,01/07/2025,10:13:37,34395.51,0,0,0,0,0,0
SNSX60.BSE_IDX,01/07/2025,10:13:45,34393.85,0,0,0,0,0,0
SNSX60.BSE_IDX,01/07/2025,10:13:53,34393.2,0,0,0,0,0,0
SNSX60.BSE_IDX,01/07/2025,10:14:01,34388.97,0,0,0,0,0,0
SNSX60.BSE_IDX,01/07/2025,10:14:09,34388.84,0,0,0,0,0,0
SNSX60.BSE_IDX,01/07/2025,10:14:17,34390.99,0,0,0,0,0,0
SNSX60.BSE_IDX,01/07/2025,10:14:25,34389.86,0,0,0,0,0,0
SNSX60.BSE_IDX,01/07/2025,10:14:33,34392.41,0,0,0,0,0,0
SNSX60.BSE_IDX,01/07/2025,10:14:41,34387.48,0,0,0,0,0,0
SNSX60.BSE_IDX,01/07/2025,10:14:49,34387.76,0,0,0,0,0,0
SNSX60.BSE_IDX,01/07/2025,10:14:57,34389.46,0,0,0,0,0,0
SNSX60.BSE_IDX,01/07/2025,10:15:05,34386.88,0,0,0,0,0,0
SNSX60.BSE_IDX,01/07/2025,10:15:13,34385.6,0,0,0,0,0,0
SNSX60.BSE_IDX,01/07/2025,10:15:21,34386.56,0,0,0,0,0,0
SNSX60.BSE_IDX,01/07/2025,10:15:29,34382.53,0,0,0,0,0,0
SNSX60.BSE_IDX,01/07/2025,10:15:37,34385.85,0,0,0,0,0,0
SNSX60.BSE_IDX,01/07/2025,10:15:45,34390.38,0,0,0,0,0,0
SNSX60.BSE_IDX,01/07/2025,10:15:53,34391.78,0,0,0,0,0,0
SNSX60.BSE_IDX,01/07/2025,10:16:01,34389.63,0,0,0,0,0,0
SNSX60.BSE_IDX,01/07/2025,10:16:09,34393.22,0,0,0,0,0,0
SNSX60.BSE_IDX,01/07/2025,10:16:17,34391.67,0,0,0,0,0,0
SNSX60.BSE_IDX,01/07/2025,10:16:25,34393.57,0,0,0,0,0,0
SNSX60.BSE_IDX,01/07/2025,10:16:33,34391.9,0,0,0,0,0,0
SNSX60.BSE_IDX,01/07/2025,10:16:41,34390.74,0,0,0,0,0,0
SNSX60.BSE_IDX,01/07/2025,10:16:49,34391.12,0,0,0,0,0,0
SNSX60.BSE_IDX,01/07/2025,10:16:57,34391.06,0,0,0,0,0,0
SNSX60.BSE_IDX,01/07/2025,10:17:05,34391.28,0,0,0,0,0,0
SNSX60.BSE_IDX,01/07/2025,10:17:13,34389.81,0,0,0,0,0,0
SNSX60.BSE_IDX,01/07/2025,10:17:21,34394.56,0,0,0,0,0,0
SNSX60.BSE_IDX,01/07/2025,10:17:29,34392.74,0,0,0,0,0,0
SNSX60.BSE_IDX,01/07/2025,10:17:37,34395.32,0,0,0,0,0,0
SNSX60.BSE_IDX,01/07/2025,10:17:45,34396.99,0,0,0,0,0,0
SNSX60.BSE_IDX,01/07/2025,10:17:53,34398.36,0,0,0,0,0,0
SNSX60.BSE_IDX,01/07/2025,10:18:01,34397.85,0,0,0,0,0,0
SNSX60.BSE_IDX,01/07/2025,10:18:09,34399.23,0,0,0,0,0,0
SNSX60.BSE_IDX,01/07/2025,10:18:17,34401.9,0,0,0,0,0,0
SNSX60.BSE_IDX,01/07/2025,10:18:25,34402.13,0,0,0,0,0,0
SNSX60.BSE_IDX,01/07/2025,10:18:33,34401.03,0,0,0,0,0,0
SNSX60.BSE_IDX,01/07/2025,10:18:41,34400,0,0,0,0,0,0
SNSX60.BSE_IDX,01/07/2025,10:18:49,34397.22,0,0,0,0,0,0
SNSX60.BSE_IDX,01/07/2025,10:18:57,34394.87,0,0,0,0,0,0
SNSX60.BSE_IDX,01/07/2025,10:19:05,34391.49,0,0,0,0,0,0
SNSX60.BSE_IDX,01/07/2025,10:19:13,34391.52,0,0,0,0,0,0
SNSX60.BSE_IDX,01/07/2025,10:19:21,34393.17,0,0,0,0,0,0
SNSX60.BSE_IDX,01/07/2025,10:19:29,34394.51,0,0,0,0,0,0
SNSX60.BSE_IDX,01/07/2025,10:19:37,34389.69,0,0,0,0,0,0
SNSX60.BSE_IDX,01/07/2025,10:19:45,34392.9,0,0,0,0,0,0
SNSX60.BSE_IDX,01/07/2025,10:19:53,34389.73,0,0,0,0,0,0
SNSX60.BSE_IDX,01/07/2025,10:20:01,34390.32,0,0,0,0,0,0
SNSX60.BSE_IDX,01/07/2025,10:20:09,34392.45,0,0,0,0,0,0
SNSX60.BSE_IDX,01/07/2025,10:20:17,34392.72,0,0,0,0,0,0
SNSX60.BSE_IDX,01/07/2025,10:20:25,34391.53,0,0,0,0,0,0
SNSX60.BSE_IDX,01/07/2025,10:20:33,34390.77,0,0,0,0,0,0
SNSX60.BSE_IDX,01/07/2025,10:20:41,34392.66,0,0,0,0,0,0
SNSX60.BSE_IDX,01/07/2025,10:20:49,34388.35,0,0,0,0,0,0
SNSX60.BSE_IDX,01/07/2025,10:20:57,34387.27,0,0,0,0,0,0
SNSX60.BSE_IDX,01/07/2025,10:21:05,34386.35,0,0,0,0,0,0
SNSX60.BSE_IDX,01/07/2025,10:21:13,34383.99,0,0,0,0,0,0
SNSX60.BSE_IDX,01/07/2025,10:21:21,34385.15,0,0,0,0,0,0
SNSX60.BSE_IDX,01/07/2025,10:21:29,34383.86,0,0,0,0,0,0
SNSX60.BSE_IDX,01/07/2025,10:21:37,34383.93,0,0,0,0,0,0
SNSX60.BSE_IDX,01/07/2025,10:21:45,34380,0,0,0,0,0,0
SNSX60.BSE_IDX,01/07/2025,10:21:53,34382.94,0,0,0,0,0,0
SNSX60.BSE_IDX,01/07/2025,10:22:01,34382.82,0,0,0,0,0,0
SNSX60.BSE_IDX,01/07/2025,10:22:09,34382.7,0,0,0,0,0,0
SNSX60.BSE_IDX,01/07/2025,10:22:17,34380.06,0,0,0,0,0,0
SNSX60.BSE_IDX,01/07/2025,10:22:25,34380.3,0,0,0,0,0,0
SNSX60.BSE_IDX,01/07/2025,10:22:33,34377.98,0,0,0,0,0,0
SNSX60.BSE_IDX,01/07/2025,10:22:41,34379.52,0,0,0,0,0,0
SNSX60.BSE_IDX,01/07/2025,10:22:49,34378.43,0,0,0,0,0,0
SNSX60.BSE_IDX,01/07/2025,10:22:57,34381.55,0,0,0,0,0,0
SNSX60.BSE_IDX,01/07/2025,10:23:05,34380.37,0,0,0,0,0,0
SNSX60.BSE_IDX,01/07/2025,10:23:13,34381.54,0,0,0,0,0,0
SNSX60.BSE_IDX,01/07/2025,10:23:21,34379.9,0,0,0,0,0,0
SNSX60.BSE_IDX,01/07/2025,10:23:29,34382.38,0,0,0,0,0,0
SNSX60.BSE_IDX,01/07/2025,10:23:37,34383.4,0,0,0,0,0,0
SNSX60.BSE_IDX,01/07/2025,10:23:45,34383.94,0,0,0,0,0,0
SNSX60.BSE_IDX,01/07/2025,10:23:53,34382.49,0,0,0,0,0,0
SNSX60.BSE_IDX,01/07/2025,10:24:01,34383.73,0,0,0,0,0,0
SNSX60.BSE_IDX,01/07/2025,10:24:09,34382.21,0,0,0,0,0,0
SNSX60.BSE_IDX,01/07/2025,10:24:17,34379.58,0,0,0,0,0,0
SNSX60.BSE_IDX,01/07/2025,10:24:25,34380,0,0,0,0,0,0
SNSX60.BSE_IDX,01/07/2025,10:24:33,34377.89,0,0,0,0,0,0
SNSX60.BSE_IDX,01/07/2025,10:24:41,34378.25,0,0,0,0,0,0
SNSX60.BSE_IDX,01/07/2025,10:24:49,34379.7,0,0,0,0,0,0
SNSX60.BSE_IDX,01/07/2025,10:24:57,34380.29,0,0,0,0,0,0
SNSX60.BSE_IDX,01/07/2025,10:25:05,34379.18,0,0,0,0,0,0
SNSX60.BSE_IDX,01/07/2025,10:25:13,34379.98,0,0,0,0,0,0
SNSX60.BSE_IDX,01/07/2025,10:25:21,34378.91,0,0,0,0,0,0
SNSX60.BSE_IDX,01/07/2025,10:25:29,34377.37,0,0,0,0,0,0
SNSX60.BSE_IDX,01/07/2025,10:25:37,34378.94,0,0,0,0,0,0
SNSX60.BSE_IDX,01/07/2025,10:25:45,34379.64,0,0,0,0,0,0
SNSX60.BSE_IDX,01/07/2025,10:25:53,34381.71,0,0,0,0,0,0
SNSX60.BSE_IDX,01/07/2025,10:26:01,34384.45,0,0,0,0,0,0
SNSX60.BSE_IDX,01/07/2025,10:26:09,34384.87,0,0,0,0,0,0
SNSX60.BSE_IDX,01/07/2025,10:26:17,34384.91,0,0,0,0,0,0
SNSX60.BSE_IDX,01/07/2025,10:26:25,34385.59,0,0,0,0,0,0
SNSX60.BSE_IDX,01/07/2025,10:26:33,34384.31,0,0,0,0,0,0
SNSX60.BSE_IDX,01/07/2025,10:26:41,34386.81,0,0,0,0,0,0
SNSX60.BSE_IDX,01/07/2025,10:26:49,34385.34,0,0,0,0,0,0
SNSX60.BSE_IDX,01/07/2025,10:26:57,34385.15,0,0,0,0,0,0
SNSX60.BSE_IDX,01/07/2025,10:27:05,34387.03,0,0,0,0,0,0
SNSX60.BSE_IDX,01/07/2025,10:27:13,34387.8,0,0,0,0,0,0
SNSX60.BSE_IDX,01/07/2025,10:27:21,34385.61,0,0,0,0,0,0
SNSX60.BSE_IDX,01/07/2025,10:27:29,34389.21,0,0,0,0,0,0
SNSX60.BSE_IDX,01/07/2025,10:27:37,34388.92,0,0,0,0,0,0
SNSX60.BSE_IDX,01/07/2025,10:27:45,34389.7,0,0,0,0,0,0
SNSX60.BSE_IDX,01/07/2025,10:27:53,34391.51,0,0,0,0,0,0
SNSX60.BSE_IDX,01/07/2025,10:28:01,34395.11,0,0,0,0,0,0
SNSX60.BSE_IDX,01/07/2025,10:28:09,34396.96,0,0,0,0,0,0
SNSX60.BSE_IDX,01/07/2025,10:28:17,34394.23,0,0,0,0,0,0
SNSX60.BSE_IDX,01/07/2025,10:28:25,34393.43,0,0,0,0,0,0
SNSX60.BSE_IDX,01/07/2025,10:28:33,34396.21,0,0,0,0,0,0
SNSX60.BSE_IDX,01/07/2025,10:28:41,34395.97,0,0,0,0,0,0
SNSX60.BSE_IDX,01/07/2025,10:28:49,34399.98,0,0,0,0,0,0
SNSX60.BSE_IDX,01/07/2025,10:28:57,34399.86,0,0,0,0,0,0
SNSX60.BSE_IDX,01/07/2025,10:29:05,34401.82,0,0,0,0,0,0
SNSX60.BSE_IDX,01/07/2025,10:29:13,34402.03,0,0,0,0,0,0
SNSX60.BSE_IDX,01/07/2025,10:29:21,34403.82,0,0,0,0,0,0
SNSX60.BSE_IDX,01/07/2025,10:29:29,34401.68,0,0,0,0,0,0
SNSX60.BSE_IDX,01/07/2025,10:29:37,34400.34,0,0,0,0,0,0
SNSX60.BSE_IDX,01/07/2025,10:29:46,34400.78,0,0,0,0,0,0
SNSX60.BSE_IDX,01/07/2025,10:29:54,34402.49,0,0,0,0,0,0
SNSX60.BSE_IDX,01/07/2025,10:30:01,34402.67,0,0,0,0,0,0
SNSX60.BSE_IDX,01/07/2025,10:30:09,34402.38,0,0,0,0,0,0
SNSX60.BSE_IDX,01/07/2025,10:30:17,34405.89,0,0,0,0,0,0
SNSX60.BSE_IDX,01/07/2025,10:30:25,34410.12,0,0,0,0,0,0
SNSX60.BSE_IDX,01/07/2025,10:30:33,34408.76,0,0,0,0,0,0
SNSX60.BSE_IDX,01/07/2025,10:30:41,34408.71,0,0,0,0,0,0
SNSX60.BSE_IDX,01/07/2025,10:30:49,34406.84,0,0,0,0,0,0
SNSX60.BSE_IDX,01/07/2025,10:30:57,34402.22,0,0,0,0,0,0
SNSX60.BSE_IDX,01/07/2025,10:31:05,34404.87,0,0,0,0,0,0
SNSX60.BSE_IDX,01/07/2025,10:31:13,34403.82,0,0,0,0,0,0
SNSX60.BSE_IDX,01/07/2025,10:31:22,34402.62,0,0,0,0,0,0
SNSX60.BSE_IDX,01/07/2025,10:31:29,34402.74,0,0,0,0,0,0
SNSX60.BSE_IDX,01/07/2025,10:31:37,34400.35,0,0,0,0,0,0
SNSX60.BSE_IDX,01/07/2025,10:31:46,34397.95,0,0,0,0,0,0
SNSX60.BSE_IDX,01/07/2025,10:31:53,34400.56,0,0,0,0,0,0
SNSX60.BSE_IDX,01/07/2025,10:32:01,34402.95,0,0,0,0,0,0
SNSX60.BSE_IDX,01/07/2025,10:32:10,34398.51,0,0,0,0,0,0
SNSX60.BSE_IDX,01/07/2025,10:32:17,34399.58,0,0,0,0,0,0
SNSX60.BSE_IDX,01/07/2025,10:32:25,34401.52,0,0,0,0,0,0
SNSX60.BSE_IDX,01/07/2025,10:32:33,34402.36,0,0,0,0,0,0
SNSX60.BSE_IDX,01/07/2025,10:32:41,34402.71,0,0,0,0,0,0
SNSX60.BSE_IDX,01/07/2025,10:32:49,34404.79,0,0,0,0,0,0
SNSX60.BSE_IDX,01/07/2025,10:32:57,34408.38,0,0,0,0,0,0
SNSX60.BSE_IDX,01/07/2025,10:33:06,34409.98,0,0,0,0,0,0
SNSX60.BSE_IDX,01/07/2025,10:33:13,34411.24,0,0,0,0,0,0
SNSX60.BSE_IDX,01/07/2025,10:33:22,34410.99,0,0,0,0,0,0
SNSX60.BSE_IDX,01/07/2025,10:33:29,34410.85,0,0,0,0,0,0
SNSX60.BSE_IDX,01/07/2025,10:33:37,34411.23,0,0,0,0,0,0
SNSX60.BSE_IDX,01/07/2025,10:33:45,34411.94,0,0,0,0,0,0
SNSX60.BSE_IDX,01/07/2025,10:33:53,34410.85,0,0,0,0,0,0
SNSX60.BSE_IDX,01/07/2025,10:34:01,34407.6,0,0,0,0,0,0
SNSX60.BSE_IDX,01/07/2025,10:34:09,34406.97,0,0,0,0,0,0
SNSX60.BSE_IDX,01/07/2025,10:34:17,34405.17,0,0,0,0,0,0
SNSX60.BSE_IDX,01/07/2025,10:34:25,34405.98,0,0,0,0,0,0
SNSX60.BSE_IDX,01/07/2025,10:34:33,34407.58,0,0,0,0,0,0
SNSX60.BSE_IDX,01/07/2025,10:34:41,34405.74,0,0,0,0,0,0
SNSX60.BSE_IDX,01/07/2025,10:34:49,34406.24,0,0,0,0,0,0
SNSX60.BSE_IDX,01/07/2025,10:34:58,34405.41,0,0,0,0,0,0
SNSX60.BSE_IDX,01/07/2025,10:35:06,34407.28,0,0,0,0,0,0
SNSX60.BSE_IDX,01/07/2025,10:35:14,34407.03,0,0,0,0,0,0
SNSX60.BSE_IDX,01/07/2025,10:35:21,34406.76,0,0,0,0,0,0
SNSX60.BSE_IDX,01/07/2025,10:35:29,34403.73,0,0,0,0,0,0
SNSX60.BSE_IDX,01/07/2025,10:35:37,34401.45,0,0,0,0,0,0
SNSX60.BSE_IDX,01/07/2025,10:35:45,34401.14,0,0,0,0,0,0
SNSX60.BSE_IDX,01/07/2025,10:35:54,34402.21,0,0,0,0,0,0
SNSX60.BSE_IDX,01/07/2025,10:36:02,34403.37,0,0,0,0,0,0
SNSX60.BSE_IDX,01/07/2025,10:36:10,34401.17,0,0,0,0,0,0
SNSX60.BSE_IDX,01/07/2025,10:36:18,34401.48,0,0,0,0,0,0
SNSX60.BSE_IDX,01/07/2025,10:36:25,34400.35,0,0,0,0,0,0
SNSX60.BSE_IDX,01/07/2025,10:36:34,34404.44,0,0,0,0,0,0
SNSX60.BSE_IDX,01/07/2025,10:36:42,34404.54,0,0,0,0,0,0
SNSX60.BSE_IDX,01/07/2025,10:36:49,34404.76,0,0,0,0,0,0
SNSX60.BSE_IDX,01/07/2025,10:36:58,34403.72,0,0,0,0,0,0
SNSX60.BSE_IDX,01/07/2025,10:37:06,34403.87,0,0,0,0,0,0
SNSX60.BSE_IDX,01/07/2025,10:37:14,34401.79,0,0,0,0,0,0
SNSX60.BSE_IDX,01/07/2025,10:37:22,34401.24,0,0,0,0,0,0
SNSX60.BSE_IDX,01/07/2025,10:37:30,34400.94,0,0,0,0,0,0
SNSX60.BSE_IDX,01/07/2025,10:37:38,34399.32,0,0,0,0,0,0
SNSX60.BSE_IDX,01/07/2025,10:37:46,34398.45,0,0,0,0,0,0
SNSX60.BSE_IDX,01/07/2025,10:37:54,34395.28,0,0,0,0,0,0
SNSX60.BSE_IDX,01/07/2025,10:38:02,34394.79,0,0,0,0,0,0
SNSX60.BSE_IDX,01/07/2025,10:38:10,34395.43,0,0,0,0,0,0
SNSX60.BSE_IDX,01/07/2025,10:38:18,34396.48,0,0,0,0,0,0
SNSX60.BSE_IDX,01/07/2025,10:38:26,34397.68,0,0,0,0,0,0
SNSX60.BSE_IDX,01/07/2025,10:38:34,34395.37,0,0,0,0,0,0
SNSX60.BSE_IDX,01/07/2025,10:38:42,34397.88,0,0,0,0,0,0
SNSX60.BSE_IDX,01/07/2025,10:38:50,34399.79,0,0,0,0,0,0
SNSX60.BSE_IDX,01/07/2025,10:38:58,34400.78,0,0,0,0,0,0
SNSX60.BSE_IDX,01/07/2025,10:39:06,34406.21,0,0,0,0,0,0
SNSX60.BSE_IDX,01/07/2025,10:39:14,34407.98,0,0,0,0,0,0
SNSX60.BSE_IDX,01/07/2025,10:39:22,34409.64,0,0,0,0,0,0
SNSX60.BSE_IDX,01/07/2025,10:39:30,34410.33,0,0,0,0,0,0
SNSX60.BSE_IDX,01/07/2025,10:39:38,34410.27,0,0,0,0,0,0
SNSX60.BSE_IDX,01/07/2025,10:39:46,34410.26,0,0,0,0,0,0
SNSX60.BSE_IDX,01/07/2025,10:39:54,34412.36,0,0,0,0,0,0
SNSX60.BSE_IDX,01/07/2025,10:40:02,34414.06,0,0,0,0,0,0
SNSX60.BSE_IDX,01/07/2025,10:40:10,34410.67,0,0,0,0,0,0
SNSX60.BSE_IDX,01/07/2025,10:40:18,34411.65,0,0,0,0,0,0
SNSX60.BSE_IDX,01/07/2025,10:40:26,34409.83,0,0,0,0,0,0
SNSX60.BSE_IDX,01/07/2025,10:40:34,34411.18,0,0,0,0,0,0
SNSX60.BSE_IDX,01/07/2025,10:40:42,34409.25,0,0,0,0,0,0
SNSX60.BSE_IDX,01/07/2025,10:40:50,34410.85,0,0,0,0,0,0
SNSX60.BSE_IDX,01/07/2025,10:40:58,34411.48,0,0,0,0,0,0
SNSX60.BSE_IDX,01/07/2025,10:41:06,34411.21,0,0,0,0,0,0
SNSX60.BSE_IDX,01/07/2025,10:41:14,34408.13,0,0,0,0,0,0
SNSX60.BSE_IDX,01/07/2025,10:41:22,34410.77,0,0,0,0,0,0
SNSX60.BSE_IDX,01/07/2025,10:41:30,34409.68,0,0,0,0,0,0
SNSX60.BSE_IDX,01/07/2025,10:41:38,34415.27,0,0,0,0,0,0
SNSX60.BSE_IDX,01/07/2025,10:41:46,34412.21,0,0,0,0,0,0
SNSX60.BSE_IDX,01/07/2025,10:41:54,34412.17,0,0,0,0,0,0
SNSX60.BSE_IDX,01/07/2025,10:42:02,34412.51,0,0,0,0,0,0
SNSX60.BSE_IDX,01/07/2025,10:42:10,34413.24,0,0,0,0,0,0
SNSX60.BSE_IDX,01/07/2025,10:42:18,34414.66,0,0,0,0,0,0
SNSX60.BSE_IDX,01/07/2025,10:42:26,34414.86,0,0,0,0,0,0
SNSX60.BSE_IDX,01/07/2025,10:42:34,34412.87,0,0,0,0,0,0
SNSX60.BSE_IDX,01/07/2025,10:42:42,34411.29,0,0,0,0,0,0
SNSX60.BSE_IDX,01/07/2025,10:42:50,34411.02,0,0,0,0,0,0
SNSX60.BSE_IDX,01/07/2025,10:42:58,34408.22,0,0,0,0,0,0
SNSX60.BSE_IDX,01/07/2025,10:43:06,34410.04,0,0,0,0,0,0
SNSX60.BSE_IDX,01/07/2025,10:43:14,34411.19,0,0,0,0,0,0
SNSX60.BSE_IDX,01/07/2025,10:43:22,34409.84,0,0,0,0,0,0
SNSX60.BSE_IDX,01/07/2025,10:43:30,34410.09,0,0,0,0,0,0
SNSX60.BSE_IDX,01/07/2025,10:43:38,34407.09,0,0,0,0,0,0
SNSX60.BSE_IDX,01/07/2025,10:43:46,34409.45,0,0,0,0,0,0
SNSX60.BSE_IDX,01/07/2025,10:43:54,34406.81,0,0,0,0,0,0
SNSX60.BSE_IDX,01/07/2025,10:44:02,34404.6,0,0,0,0,0,0
SNSX60.BSE_IDX,01/07/2025,10:44:10,34401.06,0,0,0,0,0,0
SNSX60.BSE_IDX,01/07/2025,10:44:18,34400.07,0,0,0,0,0,0
SNSX60.BSE_IDX,01/07/2025,10:44:26,34400.75,0,0,0,0,0,0
SNSX60.BSE_IDX,01/07/2025,10:44:34,34400.14,0,0,0,0,0,0
SNSX60.BSE_IDX,01/07/2025,10:44:42,34400.54,0,0,0,0,0,0
SNSX60.BSE_IDX,01/07/2025,10:44:50,34401.72,0,0,0,0,0,0
SNSX60.BSE_IDX,01/07/2025,10:44:58,34397.83,0,0,0,0,0,0
SNSX60.BSE_IDX,01/07/2025,10:45:07,34397.16,0,0,0,0,0,0
SNSX60.BSE_IDX,01/07/2025,10:45:14,34398.88,0,0,0,0,0,0
SNSX60.BSE_IDX,01/07/2025,10:45:22,34397,0,0,0,0,0,0
SNSX60.BSE_IDX,01/07/2025,10:45:30,34398.58,0,0,0,0,0,0
SNSX60.BSE_IDX,01/07/2025,10:45:38,34397.02,0,0,0,0,0,0
SNSX60.BSE_IDX,01/07/2025,10:45:46,34400.08,0,0,0,0,0,0
SNSX60.BSE_IDX,01/07/2025,10:45:54,34396.47,0,0,0,0,0,0
SNSX60.BSE_IDX,01/07/2025,10:46:02,34395.5,0,0,0,0,0,0
SNSX60.BSE_IDX,01/07/2025,10:46:10,34394.73,0,0,0,0,0,0
SNSX60.BSE_IDX,01/07/2025,10:46:18,34396.92,0,0,0,0,0,0
SNSX60.BSE_IDX,01/07/2025,10:46:26,34398.01,0,0,0,0,0,0
SNSX60.BSE_IDX,01/07/2025,10:46:34,34395.97,0,0,0,0,0,0
SNSX60.BSE_IDX,01/07/2025,10:46:42,34395.92,0,0,0,0,0,0
SNSX60.BSE_IDX,01/07/2025,10:46:50,34397.89,0,0,0,0,0,0
SNSX60.BSE_IDX,01/07/2025,10:46:58,34396.2,0,0,0,0,0,0
SNSX60.BSE_IDX,01/07/2025,10:47:06,34397.23,0,0,0,0,0,0
SNSX60.BSE_IDX,01/07/2025,10:47:14,34395.3,0,0,0,0,0,0
SNSX60.BSE_IDX,01/07/2025,10:47:22,34394.57,0,0,0,0,0,0
SNSX60.BSE_IDX,01/07/2025,10:47:30,34394.46,0,0,0,0,0,0
SNSX60.BSE_IDX,01/07/2025,10:47:38,34396.1,0,0,0,0,0,0
SNSX60.BSE_IDX,01/07/2025,10:47:46,34396.89,0,0,0,0,0,0
SNSX60.BSE_IDX,01/07/2025,10:47:54,34399.5,0,0,0,0,0,0
SNSX60.BSE_IDX,01/07/2025,10:48:02,34399.73,0,0,0,0,0,0
SNSX60.BSE_IDX,01/07/2025,10:48:10,34398.51,0,0,0,0,0,0
SNSX60.BSE_IDX,01/07/2025,10:48:18,34399.13,0,0,0,0,0,0
SNSX60.BSE_IDX,01/07/2025,10:48:26,34401.06,0,0,0,0,0,0
SNSX60.BSE_IDX,01/07/2025,10:48:34,34400.43,0,0,0,0,0,0
SNSX60.BSE_IDX,01/07/2025,10:48:42,34400.59,0,0,0,0,0,0
SNSX60.BSE_IDX,01/07/2025,10:48:50,34405.13,0,0,0,0,0,0
SNSX60.BSE_IDX,01/07/2025,10:48:58,34403.4,0,0,0,0,0,0
SNSX60.BSE_IDX,01/07/2025,10:49:06,34403.76,0,0,0,0,0,0
SNSX60.BSE_IDX,01/07/2025,10:49:14,34400.57,0,0,0,0,0,0
SNSX60.BSE_IDX,01/07/2025,10:49:22,34397.83,0,0,0,0,0,0
SNSX60.BSE_IDX,01/07/2025,10:49:30,34397.63,0,0,0,0,0,0
SNSX60.BSE_IDX,01/07/2025,10:49:38,34396.5,0,0,0,0,0,0
SNSX60.BSE_IDX,01/07/2025,10:49:46,34397,0,0,0,0,0,0
SNSX60.BSE_IDX,01/07/2025,10:49:54,34394.84,0,0,0,0,0,0
SNSX60.BSE_IDX,01/07/2025,10:50:02,34394.54,0,0,0,0,0,0
SNSX60.BSE_IDX,01/07/2025,10:50:10,34393.28,0,0,0,0,0,0
SNSX60.BSE_IDX,01/07/2025,10:50:18,34393.58,0,0,0,0,0,0
SNSX60.BSE_IDX,01/07/2025,10:50:26,34392.67,0,0,0,0,0,0
SNSX60.BSE_IDX,01/07/2025,10:50:34,34395.69,0,0,0,0,0,0
SNSX60.BSE_IDX,01/07/2025,10:50:42,34395.39,0,0,0,0,0,0
SNSX60.BSE_IDX,01/07/2025,10:50:50,34394.08,0,0,0,0,0,0
SNSX60.BSE_IDX,01/07/2025,10:50:58,34394,0,0,0,0,0,0
SNSX60.BSE_IDX,01/07/2025,10:51:06,34393.02,0,0,0,0,0,0
SNSX60.BSE_IDX,01/07/2025,10:51:14,34392.81,0,0,0,0,0,0
SNSX60.BSE_IDX,01/07/2025,10:51:22,34391.03,0,0,0,0,0,0
SNSX60.BSE_IDX,01/07/2025,10:51:30,34390.28,0,0,0,0,0,0
SNSX60.BSE_IDX,01/07/2025,10:51:38,34391.25,0,0,0,0,0,0
SNSX60.BSE_IDX,01/07/2025,10:51:46,34390.26,0,0,0,0,0,0
SNSX60.BSE_IDX,01/07/2025,10:51:54,34387.15,0,0,0,0,0,0
SNSX60.BSE_IDX,01/07/2025,10:52:02,34386.64,0,0,0,0,0,0
SNSX60.BSE_IDX,01/07/2025,10:52:10,34387.46,0,0,0,0,0,0
SNSX60.BSE_IDX,01/07/2025,10:52:18,34384,0,0,0,0,0,0
SNSX60.BSE_IDX,01/07/2025,10:52:26,34382.45,0,0,0,0,0,0
SNSX60.BSE_IDX,01/07/2025,10:52:34,34382.01,0,0,0,0,0,0
SNSX60.BSE_IDX,01/07/2025,10:52:43,34378.35,0,0,0,0,0,0
SNSX60.BSE_IDX,01/07/2025,10:52:50,34377.84,0,0,0,0,0,0
SNSX60.BSE_IDX,01/07/2025,10:52:58,34376.15,0,0,0,0,0,0
SNSX60.BSE_IDX,01/07/2025,10:53:06,34375.54,0,0,0,0,0,0
SNSX60.BSE_IDX,01/07/2025,10:53:14,34375.34,0,0,0,0,0,0
SNSX60.BSE_IDX,01/07/2025,10:53:22,34375.04,0,0,0,0,0,0
SNSX60.BSE_IDX,01/07/2025,10:53:30,34377.59,0,0,0,0,0,0
SNSX60.BSE_IDX,01/07/2025,10:53:38,34379.06,0,0,0,0,0,0
SNSX60.BSE_IDX,01/07/2025,10:53:46,34380.4,0,0,0,0,0,0
SNSX60.BSE_IDX,01/07/2025,10:53:54,34380.25,0,0,0,0,0,0
SNSX60.BSE_IDX,01/07/2025,10:54:02,34381.15,0,0,0,0,0,0
SNSX60.BSE_IDX,01/07/2025,10:54:10,34380.8,0,0,0,0,0,0
SNSX60.BSE_IDX,01/07/2025,10:54:18,34381.46,0,0,0,0,0,0
SNSX60.BSE_IDX,01/07/2025,10:54:26,34380.44,0,0,0,0,0,0
SNSX60.BSE_IDX,01/07/2025,10:54:34,34383.46,0,0,0,0,0,0
SNSX60.BSE_IDX,01/07/2025,10:54:42,34386.24,0,0,0,0,0,0
SNSX60.BSE_IDX,01/07/2025,10:54:51,34387.45,0,0,0,0,0,0
SNSX60.BSE_IDX,01/07/2025,10:54:58,34386.64,0,0,0,0,0,0
SNSX60.BSE_IDX,01/07/2025,10:55:06,34387.03,0,0,0,0,0,0
SNSX60.BSE_IDX,01/07/2025,10:55:14,34385.52,0,0,0,0,0,0
SNSX60.BSE_IDX,01/07/2025,10:55:22,34385.45,0,0,0,0,0,0
SNSX60.BSE_IDX,01/07/2025,10:55:30,34385.14,0,0,0,0,0,0
SNSX60.BSE_IDX,01/07/2025,10:55:38,34384.55,0,0,0,0,0,0
SNSX60.BSE_IDX,01/07/2025,10:55:46,34383.41,0,0,0,0,0,0
SNSX60.BSE_IDX,01/07/2025,10:55:54,34383.88,0,0,0,0,0,0
SNSX60.BSE_IDX,01/07/2025,10:56:02,34381.32,0,0,0,0,0,0
SNSX60.BSE_IDX,01/07/2025,10:56:10,34381.21,0,0,0,0,0,0
SNSX60.BSE_IDX,01/07/2025,10:56:18,34379.26,0,0,0,0,0,0
SNSX60.BSE_IDX,01/07/2025,10:56:26,34377.11,0,0,0,0,0,0
SNSX60.BSE_IDX,01/07/2025,10:56:34,34378.35,0,0,0,0,0,0
SNSX60.BSE_IDX,01/07/2025,10:56:42,34377.6,0,0,0,0,0,0
SNSX60.BSE_IDX,01/07/2025,10:56:50,34377.81,0,0,0,0,0,0
SNSX60.BSE_IDX,01/07/2025,10:56:58,34374.34,0,0,0,0,0,0
SNSX60.BSE_IDX,01/07/2025,10:57:06,34374.14,0,0,0,0,0,0
SNSX60.BSE_IDX,01/07/2025,10:57:14,34373.26,0,0,0,0,0,0
SNSX60.BSE_IDX,01/07/2025,10:57:22,34373.78,0,0,0,0,0,0
SNSX60.BSE_IDX,01/07/2025,10:57:30,34372.17,0,0,0,0,0,0
SNSX60.BSE_IDX,01/07/2025,10:57:39,34374.76,0,0,0,0,0,0
SNSX60.BSE_IDX,01/07/2025,10:57:46,34374.76,0,0,0,0,0,0
SNSX60.BSE_IDX,01/07/2025,10:57:54,34373.84,0,0,0,0,0,0
SNSX60.BSE_IDX,01/07/2025,10:58:02,34374.06,0,0,0,0,0,0
SNSX60.BSE_IDX,01/07/2025,10:58:10,34374.53,0,0,0,0,0,0
SNSX60.BSE_IDX,01/07/2025,10:58:18,34371.6,0,0,0,0,0,0
SNSX60.BSE_IDX,01/07/2025,10:58:26,34370.99,0,0,0,0,0,0
SNSX60.BSE_IDX,01/07/2025,10:58:34,34373.22,0,0,0,0,0,0
SNSX60.BSE_IDX,01/07/2025,10:58:42,34372.62,0,0,0,0,0,0
SNSX60.BSE_IDX,01/07/2025,10:58:50,34376.4,0,0,0,0,0,0
SNSX60.BSE_IDX,01/07/2025,10:58:58,34372.49,0,0,0,0,0,0
SNSX60.BSE_IDX,01/07/2025,10:59:06,34371.95,0,0,0,0,0,0
SNSX60.BSE_IDX,01/07/2025,10:59:14,34371.86,0,0,0,0,0,0
SNSX60.BSE_IDX,01/07/2025,10:59:22,34371.74,0,0,0,0,0,0
SNSX60.BSE_IDX,01/07/2025,10:59:30,34371.25,0,0,0,0,0,0
SNSX60.BSE_IDX,01/07/2025,10:59:38,34369.07,0,0,0,0,0,0
SNSX60.BSE_IDX,01/07/2025,10:59:47,34370.43,0,0,0,0,0,0
SNSX60.BSE_IDX,01/07/2025,10:59:55,34370.82,0,0,0,0,0,0
SNSX60.BSE_IDX,01/07/2025,11:00:03,34370.25,0,0,0,0,0,0
SNSX60.BSE_IDX,01/07/2025,11:00:11,34368.68,0,0,0,0,0,0
SNSX60.BSE_IDX,01/07/2025,11:00:18,34370.97,0,0,0,0,0,0
SNSX60.BSE_IDX,01/07/2025,11:00:26,34372.08,0,0,0,0,0,0
SNSX60.BSE_IDX,01/07/2025,11:00:34,34373,0,0,0,0,0,0
SNSX60.BSE_IDX,01/07/2025,11:00:42,34371.56,0,0,0,0,0,0
SNSX60.BSE_IDX,01/07/2025,11:00:50,34374.05,0,0,0,0,0,0
SNSX60.BSE_IDX,01/07/2025,11:00:58,34374.6,0,0,0,0,0,0
SNSX60.BSE_IDX,01/07/2025,11:01:06,34374.49,0,0,0,0,0,0
SNSX60.BSE_IDX,01/07/2025,11:01:15,34375.86,0,0,0,0,0,0
SNSX60.BSE_IDX,01/07/2025,11:01:22,34370.63,0,0,0,0,0,0
SNSX60.BSE_IDX,01/07/2025,11:01:30,34370.34,0,0,0,0,0,0
SNSX60.BSE_IDX,01/07/2025,11:01:38,34368.53,0,0,0,0,0,0
SNSX60.BSE_IDX,01/07/2025,11:01:46,34364.51,0,0,0,0,0,0
SNSX60.BSE_IDX,01/07/2025,11:01:54,34363.15,0,0,0,0,0,0
SNSX60.BSE_IDX,01/07/2025,11:02:02,34366.04,0,0,0,0,0,0
SNSX60.BSE_IDX,01/07/2025,11:02:10,34362.03,0,0,0,0,0,0
SNSX60.BSE_IDX,01/07/2025,11:02:18,34363.45,0,0,0,0,0,0
SNSX60.BSE_IDX,01/07/2025,11:02:27,34365.05,0,0,0,0,0,0
SNSX60.BSE_IDX,01/07/2025,11:02:34,34366.07,0,0,0,0,0,0
SNSX60.BSE_IDX,01/07/2025,11:02:42,34362.49,0,0,0,0,0,0
SNSX60.BSE_IDX,01/07/2025,11:02:51,34363.57,0,0,0,0,0,0
SNSX60.BSE_IDX,01/07/2025,11:02:58,34361.88,0,0,0,0,0,0
SNSX60.BSE_IDX,01/07/2025,11:03:06,34361.15,0,0,0,0,0,0
SNSX60.BSE_IDX,01/07/2025,11:03:14,34361.54,0,0,0,0,0,0
SNSX60.BSE_IDX,01/07/2025,11:03:22,34361.47,0,0,0,0,0,0
SNSX60.BSE_IDX,01/07/2025,11:03:31,34360.56,0,0,0,0,0,0
SNSX60.BSE_IDX,01/07/2025,11:03:38,34361.65,0,0,0,0,0,0
SNSX60.BSE_IDX,01/07/2025,11:03:46,34362.07,0,0,0,0,0,0
SNSX60.BSE_IDX,01/07/2025,11:03:54,34360.52,0,0,0,0,0,0
SNSX60.BSE_IDX,01/07/2025,11:04:02,34362.18,0,0,0,0,0,0
SNSX60.BSE_IDX,01/07/2025,11:04:10,34360.64,0,0,0,0,0,0
SNSX60.BSE_IDX,01/07/2025,11:04:18,34361.48,0,0,0,0,0,0
SNSX60.BSE_IDX,01/07/2025,11:04:27,34361.8,0,0,0,0,0,0
SNSX60.BSE_IDX,01/07/2025,11:04:34,34363.04,0,0,0,0,0,0
SNSX60.BSE_IDX,01/07/2025,11:04:42,34361.36,0,0,0,0,0,0
SNSX60.BSE_IDX,01/07/2025,11:04:51,34364.64,0,0,0,0,0,0
SNSX60.BSE_IDX,01/07/2025,11:04:58,34364.91,0,0,0,0,0,0
SNSX60.BSE_IDX,01/07/2025,11:05:06,34366.73,0,0,0,0,0,0
SNSX60.BSE_IDX,01/07/2025,11:05:14,34367.19,0,0,0,0,0,0
SNSX60.BSE_IDX,01/07/2025,11:05:22,34365.8,0,0,0,0,0,0
SNSX60.BSE_IDX,01/07/2025,11:05:31,34367.4,0,0,0,0,0,0
SNSX60.BSE_IDX,01/07/2025,11:05:39,34366.48,0,0,0,0,0,0
SNSX60.BSE_IDX,01/07/2025,11:05:46,34367.05,0,0,0,0,0,0
SNSX60.BSE_IDX,01/07/2025,11:05:54,34367.15,0,0,0,0,0,0
SNSX60.BSE_IDX,01/07/2025,11:06:03,34366.72,0,0,0,0,0,0
SNSX60.BSE_IDX,01/07/2025,11:06:11,34369.66,0,0,0,0,0,0
SNSX60.BSE_IDX,01/07/2025,11:06:19,34373.32,0,0,0,0,0,0
SNSX60.BSE_IDX,01/07/2025,11:06:27,34372.22,0,0,0,0,0,0
SNSX60.BSE_IDX,01/07/2025,11:06:34,34369.05,0,0,0,0,0,0
SNSX60.BSE_IDX,01/07/2025,11:06:43,34369.75,0,0,0,0,0,0
SNSX60.BSE_IDX,01/07/2025,11:06:51,34371.76,0,0,0,0,0,0
SNSX60.BSE_IDX,01/07/2025,11:06:58,34371.97,0,0,0,0,0,0
SNSX60.BSE_IDX,01/07/2025,11:07:06,34370.71,0,0,0,0,0,0
SNSX60.BSE_IDX,01/07/2025,11:07:15,34370.68,0,0,0,0,0,0
SNSX60.BSE_IDX,01/07/2025,11:07:22,34370.62,0,0,0,0,0,0
SNSX60.BSE_IDX,01/07/2025,11:07:31,34370.75,0,0,0,0,0,0
SNSX60.BSE_IDX,01/07/2025,11:07:39,34370.81,0,0,0,0,0,0
SNSX60.BSE_IDX,01/07/2025,11:07:46,34373.06,0,0,0,0,0,0
SNSX60.BSE_IDX,01/07/2025,11:07:55,34374.95,0,0,0,0,0,0
SNSX60.BSE_IDX,01/07/2025,11:08:02,34375.41,0,0,0,0,0,0
SNSX60.BSE_IDX,01/07/2025,11:08:11,34374.26,0,0,0,0,0,0
SNSX60.BSE_IDX,01/07/2025,11:08:18,34374.33,0,0,0,0,0,0
SNSX60.BSE_IDX,01/07/2025,11:08:27,34375.08,0,0,0,0,0,0
SNSX60.BSE_IDX,01/07/2025,11:08:35,34370.06,0,0,0,0,0,0
SNSX60.BSE_IDX,01/07/2025,11:08:43,34370.71,0,0,0,0,0,0
SNSX60.BSE_IDX,01/07/2025,11:08:51,34373.04,0,0,0,0,0,0
SNSX60.BSE_IDX,01/07/2025,11:08:58,34374.61,0,0,0,0,0,0
SNSX60.BSE_IDX,01/07/2025,11:09:07,34374.26,0,0,0,0,0,0
SNSX60.BSE_IDX,01/07/2025,11:09:15,34368.87,0,0,0,0,0,0
SNSX60.BSE_IDX,01/07/2025,11:09:23,34366.36,0,0,0,0,0,0
SNSX60.BSE_IDX,01/07/2025,11:09:31,34368.35,0,0,0,0,0,0
SNSX60.BSE_IDX,01/07/2025,11:09:39,34367.34,0,0,0,0,0,0
SNSX60.BSE_IDX,01/07/2025,11:09:47,34369.59,0,0,0,0,0,0
SNSX60.BSE_IDX,01/07/2025,11:09:55,34368.04,0,0,0,0,0,0
SNSX60.BSE_IDX,01/07/2025,11:10:03,34369.78,0,0,0,0,0,0
SNSX60.BSE_IDX,01/07/2025,11:10:11,34370.31,0,0,0,0,0,0
SNSX60.BSE_IDX,01/07/2025,11:10:19,34368.76,0,0,0,0,0,0
SNSX60.BSE_IDX,01/07/2025,11:10:27,34369.79,0,0,0,0,0,0
SNSX60.BSE_IDX,01/07/2025,11:10:35,34371.64,0,0,0,0,0,0
SNSX60.BSE_IDX,01/07/2025,11:10:43,34371.78,0,0,0,0,0,0
SNSX60.BSE_IDX,01/07/2025,11:10:51,34371.08,0,0,0,0,0,0
SNSX60.BSE_IDX,01/07/2025,11:10:59,34370.71,0,0,0,0,0,0
SNSX60.BSE_IDX,01/07/2025,11:11:07,34373.42,0,0,0,0,0,0
SNSX60.BSE_IDX,01/07/2025,11:11:15,34371.93,0,0,0,0,0,0
SNSX60.BSE_IDX,01/07/2025,11:11:23,34372.23,0,0,0,0,0,0
SNSX60.BSE_IDX,01/07/2025,11:11:31,34371.55,0,0,0,0,0,0
SNSX60.BSE_IDX,01/07/2025,11:11:39,34370.71,0,0,0,0,0,0
SNSX60.BSE_IDX,01/07/2025,11:11:47,34369.8,0,0,0,0,0,0
SNSX60.BSE_IDX,01/07/2025,11:11:55,34370.24,0,0,0,0,0,0
SNSX60.BSE_IDX,01/07/2025,11:12:03,34370.66,0,0,0,0,0,0
SNSX60.BSE_IDX,01/07/2025,11:12:11,34371.68,0,0,0,0,0,0
SNSX60.BSE_IDX,01/07/2025,11:12:19,34370.65,0,0,0,0,0,0
SNSX60.BSE_IDX,01/07/2025,11:12:27,34370.19,0,0,0,0,0,0
SNSX60.BSE_IDX,01/07/2025,11:12:35,34371.78,0,0,0,0,0,0
SNSX60.BSE_IDX,01/07/2025,11:12:43,34368.77,0,0,0,0,0,0
SNSX60.BSE_IDX,01/07/2025,11:12:51,34369.97,0,0,0,0,0,0
SNSX60.BSE_IDX,01/07/2025,11:12:59,34370.61,0,0,0,0,0,0
SNSX60.BSE_IDX,01/07/2025,11:13:07,34371.26,0,0,0,0,0,0
SNSX60.BSE_IDX,01/07/2025,11:13:16,34370.41,0,0,0,0,0,0
SNSX60.BSE_IDX,01/07/2025,11:13:23,34368.57,0,0,0,0,0,0
SNSX60.BSE_IDX,01/07/2025,11:13:31,34367.84,0,0,0,0,0,0
SNSX60.BSE_IDX,01/07/2025,11:13:39,34367.97,0,0,0,0,0,0
SNSX60.BSE_IDX,01/07/2025,11:13:47,34369.95,0,0,0,0,0,0
SNSX60.BSE_IDX,01/07/2025,11:13:55,34370.27,0,0,0,0,0,0
SNSX60.BSE_IDX,01/07/2025,11:14:03,34372.21,0,0,0,0,0,0
SNSX60.BSE_IDX,01/07/2025,11:14:11,34369.28,0,0,0,0,0,0
SNSX60.BSE_IDX,01/07/2025,11:14:19,34371.14,0,0,0,0,0,0
SNSX60.BSE_IDX,01/07/2025,11:14:27,34373.88,0,0,0,0,0,0
SNSX60.BSE_IDX,01/07/2025,11:14:35,34374.11,0,0,0,0,0,0
SNSX60.BSE_IDX,01/07/2025,11:14:43,34374.84,0,0,0,0,0,0
SNSX60.BSE_IDX,01/07/2025,11:14:51,34375.41,0,0,0,0,0,0
SNSX60.BSE_IDX,01/07/2025,11:14:59,34375.87,0,0,0,0,0,0
SNSX60.BSE_IDX,01/07/2025,11:15:07,34376.77,0,0,0,0,0,0
SNSX60.BSE_IDX,01/07/2025,11:15:15,34376.86,0,0,0,0,0,0
SNSX60.BSE_IDX,01/07/2025,11:15:23,34379.1,0,0,0,0,0,0
SNSX60.BSE_IDX,01/07/2025,11:15:31,34375.92,0,0,0,0,0,0
SNSX60.BSE_IDX,01/07/2025,11:15:39,34378.26,0,0,0,0,0,0
SNSX60.BSE_IDX,01/07/2025,11:15:47,34378.63,0,0,0,0,0,0
SNSX60.BSE_IDX,01/07/2025,11:15:56,34381.11,0,0,0,0,0,0
SNSX60.BSE_IDX,01/07/2025,11:16:03,34377.92,0,0,0,0,0,0
SNSX60.BSE_IDX,01/07/2025,11:16:11,34376.89,0,0,0,0,0,0
SNSX60.BSE_IDX,01/07/2025,11:16:19,34377.56,0,0,0,0,0,0
SNSX60.BSE_IDX,01/07/2025,11:16:27,34373.32,0,0,0,0,0,0
SNSX60.BSE_IDX,01/07/2025,11:16:35,34373.31,0,0,0,0,0,0
SNSX60.BSE_IDX,01/07/2025,11:16:43,34371.16,0,0,0,0,0,0
SNSX60.BSE_IDX,01/07/2025,11:16:51,34371.63,0,0,0,0,0,0
SNSX60.BSE_IDX,01/07/2025,11:16:59,34371.73,0,0,0,0,0,0
SNSX60.BSE_IDX,01/07/2025,11:17:07,34371.75,0,0,0,0,0,0
SNSX60.BSE_IDX,01/07/2025,11:17:15,34373.91,0,0,0,0,0,0
SNSX60.BSE_IDX,01/07/2025,11:17:23,34377.51,0,0,0,0,0,0
SNSX60.BSE_IDX,01/07/2025,11:17:31,34382.02,0,0,0,0,0,0
SNSX60.BSE_IDX,01/07/2025,11:17:39,34384.16,0,0,0,0,0,0
SNSX60.BSE_IDX,01/07/2025,11:17:47,34388.36,0,0,0,0,0,0
SNSX60.BSE_IDX,01/07/2025,11:17:57,34388.38,0,0,0,0,0,0
SNSX60.BSE_IDX,01/07/2025,11:18:03,34387.59,0,0,0,0,0,0
SNSX60.BSE_IDX,01/07/2025,11:18:11,34386.71,0,0,0,0,0,0
SNSX60.BSE_IDX,01/07/2025,11:18:19,34386.68,0,0,0,0,0,0
SNSX60.BSE_IDX,01/07/2025,11:18:27,34387.81,0,0,0,0,0,0
SNSX60.BSE_IDX,01/07/2025,11:18:35,34390.57,0,0,0,0,0,0
SNSX60.BSE_IDX,01/07/2025,11:18:44,34389.57,0,0,0,0,0,0
SNSX60.BSE_IDX,01/07/2025,11:18:51,34392.18,0,0,0,0,0,0
SNSX60.BSE_IDX,01/07/2025,11:18:59,34388.98,0,0,0,0,0,0
SNSX60.BSE_IDX,01/07/2025,11:19:08,34388.52,0,0,0,0,0,0
SNSX60.BSE_IDX,01/07/2025,11:19:15,34390.18,0,0,0,0,0,0
SNSX60.BSE_IDX,01/07/2025,11:19:23,34389.02,0,0,0,0,0,0
SNSX60.BSE_IDX,01/07/2025,11:19:31,34387.91,0,0,0,0,0,0
SNSX60.BSE_IDX,01/07/2025,11:19:39,34386.59,0,0,0,0,0,0
SNSX60.BSE_IDX,01/07/2025,11:19:47,34385.97,0,0,0,0,0,0
SNSX60.BSE_IDX,01/07/2025,11:19:55,34380.28,0,0,0,0,0,0
SNSX60.BSE_IDX,01/07/2025,11:20:03,34379.81,0,0,0,0,0,0
SNSX60.BSE_IDX,01/07/2025,11:20:11,34383.52,0,0,0,0,0,0
SNSX60.BSE_IDX,01/07/2025,11:20:19,34384,0,0,0,0,0,0
SNSX60.BSE_IDX,01/07/2025,11:20:27,34384.65,0,0,0,0,0,0
SNSX60.BSE_IDX,01/07/2025,11:20:35,34385.35,0,0,0,0,0,0
SNSX60.BSE_IDX,01/07/2025,11:20:43,34385.39,0,0,0,0,0,0
SNSX60.BSE_IDX,01/07/2025,11:20:51,34385.44,0,0,0,0,0,0
SNSX60.BSE_IDX,01/07/2025,11:20:59,34386.17,0,0,0,0,0,0
SNSX60.BSE_IDX,01/07/2025,11:21:07,34384.83,0,0,0,0,0,0
SNSX60.BSE_IDX,01/07/2025,11:21:15,34385.81,0,0,0,0,0,0
SNSX60.BSE_IDX,01/07/2025,11:21:24,34386.28,0,0,0,0,0,0
SNSX60.BSE_IDX,01/07/2025,11:21:31,34387.05,0,0,0,0,0,0
SNSX60.BSE_IDX,01/07/2025,11:21:39,34384.18,0,0,0,0,0,0
SNSX60.BSE_IDX,01/07/2025,11:21:47,34382.81,0,0,0,0,0,0
SNSX60.BSE_IDX,01/07/2025,11:21:56,34384.36,0,0,0,0,0,0
SNSX60.BSE_IDX,01/07/2025,11:22:03,34384.97,0,0,0,0,0,0
SNSX60.BSE_IDX,01/07/2025,11:22:11,34383.6,0,0,0,0,0,0
SNSX60.BSE_IDX,01/07/2025,11:22:19,34383.97,0,0,0,0,0,0
SNSX60.BSE_IDX,01/07/2025,11:22:28,34383.6,0,0,0,0,0,0
SNSX60.BSE_IDX,01/07/2025,11:22:35,34384.61,0,0,0,0,0,0
SNSX60.BSE_IDX,01/07/2025,11:22:43,34383.64,0,0,0,0,0,0
SNSX60.BSE_IDX,01/07/2025,11:22:51,34383.44,0,0,0,0,0,0
SNSX60.BSE_IDX,01/07/2025,11:22:59,34383.68,0,0,0,0,0,0
SNSX60.BSE_IDX,01/07/2025,11:23:07,34383.23,0,0,0,0,0,0
SNSX60.BSE_IDX,01/07/2025,11:23:15,34386.03,0,0,0,0,0,0
SNSX60.BSE_IDX,01/07/2025,11:23:23,34385.39,0,0,0,0,0,0
SNSX60.BSE_IDX,01/07/2025,11:23:31,34384.81,0,0,0,0,0,0
SNSX60.BSE_IDX,01/07/2025,11:23:39,34384.59,0,0,0,0,0,0
SNSX60.BSE_IDX,01/07/2025,11:23:47,34385.52,0,0,0,0,0,0
SNSX60.BSE_IDX,01/07/2025,11:23:55,34384.64,0,0,0,0,0,0
SNSX60.BSE_IDX,01/07/2025,11:24:04,34382.25,0,0,0,0,0,0
SNSX60.BSE_IDX,01/07/2025,11:24:11,34383.72,0,0,0,0,0,0
SNSX60.BSE_IDX,01/07/2025,11:24:19,34382.4,0,0,0,0,0,0
SNSX60.BSE_IDX,01/07/2025,11:24:27,34381.74,0,0,0,0,0,0
SNSX60.BSE_IDX,01/07/2025,11:24:35,34379.17,0,0,0,0,0,0
SNSX60.BSE_IDX,01/07/2025,11:24:43,34379.59,0,0,0,0,0,0
SNSX60.BSE_IDX,01/07/2025,11:24:52,34378.22,0,0,0,0,0,0
SNSX60.BSE_IDX,01/07/2025,11:25:00,34379.57,0,0,0,0,0,0
SNSX60.BSE_IDX,01/07/2025,11:25:07,34381.2,0,0,0,0,0,0
SNSX60.BSE_IDX,01/07/2025,11:25:15,34380.19,0,0,0,0,0,0
SNSX60.BSE_IDX,01/07/2025,11:25:23,34379.06,0,0,0,0,0,0
SNSX60.BSE_IDX,01/07/2025,11:25:31,34379.8,0,0,0,0,0,0
SNSX60.BSE_IDX,01/07/2025,11:25:41,34377.96,0,0,0,0,0,0
SNSX60.BSE_IDX,01/07/2025,11:25:47,34375.61,0,0,0,0,0,0
SNSX60.BSE_IDX,01/07/2025,11:25:55,34375.38,0,0,0,0,0,0
SNSX60.BSE_IDX,01/07/2025,11:26:03,34377.19,0,0,0,0,0,0
SNSX60.BSE_IDX,01/07/2025,11:26:11,34374.92,0,0,0,0,0,0
SNSX60.BSE_IDX,01/07/2025,11:26:19,34376.47,0,0,0,0,0,0
SNSX60.BSE_IDX,01/07/2025,11:26:27,34376.34,0,0,0,0,0,0
SNSX60.BSE_IDX,01/07/2025,11:26:35,34377.14,0,0,0,0,0,0
SNSX60.BSE_IDX,01/07/2025,11:26:43,34377.3,0,0,0,0,0,0
SNSX60.BSE_IDX,01/07/2025,11:26:51,34375.98,0,0,0,0,0,0
SNSX60.BSE_IDX,01/07/2025,11:26:59,34377.12,0,0,0,0,0,0
SNSX60.BSE_IDX,01/07/2025,11:27:07,34376.47,0,0,0,0,0,0
SNSX60.BSE_IDX,01/07/2025,11:27:15,34377.67,0,0,0,0,0,0
SNSX60.BSE_IDX,01/07/2025,11:27:23,34375.58,0,0,0,0,0,0
SNSX60.BSE_IDX,01/07/2025,11:27:31,34377.34,0,0,0,0,0,0
SNSX60.BSE_IDX,01/07/2025,11:27:39,34378.11,0,0,0,0,0,0
SNSX60.BSE_IDX,01/07/2025,11:27:47,34377.92,0,0,0,0,0,0
SNSX60.BSE_IDX,01/07/2025,11:27:55,34378.71,0,0,0,0,0,0
SNSX60.BSE_IDX,01/07/2025,11:28:03,34378.65,0,0,0,0,0,0
SNSX60.BSE_IDX,01/07/2025,11:28:11,34376.58,0,0,0,0,0,0
SNSX60.BSE_IDX,01/07/2025,11:28:19,34374.01,0,0,0,0,0,0
SNSX60.BSE_IDX,01/07/2025,11:28:27,34375.2,0,0,0,0,0,0
SNSX60.BSE_IDX,01/07/2025,11:28:36,34378.9,0,0,0,0,0,0
SNSX60.BSE_IDX,01/07/2025,11:28:43,34378.52,0,0,0,0,0,0
SNSX60.BSE_IDX,01/07/2025,11:28:51,34379.28,0,0,0,0,0,0
SNSX60.BSE_IDX,01/07/2025,11:28:59,34379.05,0,0,0,0,0,0
SNSX60.BSE_IDX,01/07/2025,11:29:07,34378.78,0,0,0,0,0,0
SNSX60.BSE_IDX,01/07/2025,11:29:16,34378.81,0,0,0,0,0,0
SNSX60.BSE_IDX,01/07/2025,11:29:24,34377.38,0,0,0,0,0,0
SNSX60.BSE_IDX,01/07/2025,11:29:31,34378.3,0,0,0,0,0,0
SNSX60.BSE_IDX,01/07/2025,11:29:39,34379.55,0,0,0,0,0,0
SNSX60.BSE_IDX,01/07/2025,11:29:47,34381.72,0,0,0,0,0,0
SNSX60.BSE_IDX,01/07/2025,11:29:55,34382.14,0,0,0,0,0,0
SNSX60.BSE_IDX,01/07/2025,11:30:03,34384.37,0,0,0,0,0,0
SNSX60.BSE_IDX,01/07/2025,11:30:11,34382.78,0,0,0,0,0,0
SNSX60.BSE_IDX,01/07/2025,11:30:19,34383.8,0,0,0,0,0,0
SNSX60.BSE_IDX,01/07/2025,11:30:27,34383.87,0,0,0,0,0,0
SNSX60.BSE_IDX,01/07/2025,11:30:35,34383.26,0,0,0,0,0,0
SNSX60.BSE_IDX,01/07/2025,11:30:43,34385.58,0,0,0,0,0,0
SNSX60.BSE_IDX,01/07/2025,11:30:52,34386.04,0,0,0,0,0,0
SNSX60.BSE_IDX,01/07/2025,11:30:59,34385.24,0,0,0,0,0,0
SNSX60.BSE_IDX,01/07/2025,11:31:07,34381.58,0,0,0,0,0,0
SNSX60.BSE_IDX,01/07/2025,11:31:16,34379.4,0,0,0,0,0,0
SNSX60.BSE_IDX,01/07/2025,11:31:23,34378.28,0,0,0,0,0,0
SNSX60.BSE_IDX,01/07/2025,11:31:31,34377.44,0,0,0,0,0,0
SNSX60.BSE_IDX,01/07/2025,11:31:39,34377.36,0,0,0,0,0,0
SNSX60.BSE_IDX,01/07/2025,11:31:47,34378.48,0,0,0,0,0,0
SNSX60.BSE_IDX,01/07/2025,11:31:55,34379.12,0,0,0,0,0,0
SNSX60.BSE_IDX,01/07/2025,11:32:04,34377.96,0,0,0,0,0,0
SNSX60.BSE_IDX,01/07/2025,11:32:11,34376.96,0,0,0,0,0,0
SNSX60.BSE_IDX,01/07/2025,11:32:19,34379.41,0,0,0,0,0,0
SNSX60.BSE_IDX,01/07/2025,11:32:27,34378.33,0,0,0,0,0,0
SNSX60.BSE_IDX,01/07/2025,11:32:35,34379.52,0,0,0,0,0,0
SNSX60.BSE_IDX,01/07/2025,11:32:43,34378.96,0,0,0,0,0,0
SNSX60.BSE_IDX,01/07/2025,11:32:51,34376.22,0,0,0,0,0,0
SNSX60.BSE_IDX,01/07/2025,11:32:59,34376.21,0,0,0,0,0,0
SNSX60.BSE_IDX,01/07/2025,11:33:07,34374.29,0,0,0,0,0,0
SNSX60.BSE_IDX,01/07/2025,11:33:15,34370.63,0,0,0,0,0,0
SNSX60.BSE_IDX,01/07/2025,11:33:23,34372.81,0,0,0,0,0,0
SNSX60.BSE_IDX,01/07/2025,11:33:31,34371.09,0,0,0,0,0,0
SNSX60.BSE_IDX,01/07/2025,11:33:39,34373.07,0,0,0,0,0,0
SNSX60.BSE_IDX,01/07/2025,11:33:47,34370.82,0,0,0,0,0,0
SNSX60.BSE_IDX,01/07/2025,11:33:55,34371.2,0,0,0,0,0,0
SNSX60.BSE_IDX,01/07/2025,11:34:03,34371.35,0,0,0,0,0,0
SNSX60.BSE_IDX,01/07/2025,11:34:12,34368.79,0,0,0,0,0,0
SNSX60.BSE_IDX,01/07/2025,11:34:19,34369.36,0,0,0,0,0,0
SNSX60.BSE_IDX,01/07/2025,11:34:27,34367.45,0,0,0,0,0,0
SNSX60.BSE_IDX,01/07/2025,11:34:35,34367.26,0,0,0,0,0,0
SNSX60.BSE_IDX,01/07/2025,11:34:43,34368.71,0,0,0,0,0,0
SNSX60.BSE_IDX,01/07/2025,11:34:52,34370.27,0,0,0,0,0,0
SNSX60.BSE_IDX,01/07/2025,11:35:00,34369.42,0,0,0,0,0,0
SNSX60.BSE_IDX,01/07/2025,11:35:07,34370.21,0,0,0,0,0,0
SNSX60.BSE_IDX,01/07/2025,11:35:16,34370.56,0,0,0,0,0,0
SNSX60.BSE_IDX,01/07/2025,11:35:23,34374.24,0,0,0,0,0,0
SNSX60.BSE_IDX,01/07/2025,11:35:32,34373,0,0,0,0,0,0
SNSX60.BSE_IDX,01/07/2025,11:35:40,34373.18,0,0,0,0,0,0
SNSX60.BSE_IDX,01/07/2025,11:35:47,34374.01,0,0,0,0,0,0
SNSX60.BSE_IDX,01/07/2025,11:35:55,34372.81,0,0,0,0,0,0
SNSX60.BSE_IDX,01/07/2025,11:36:04,34372.36,0,0,0,0,0,0
SNSX60.BSE_IDX,01/07/2025,11:36:11,34374.07,0,0,0,0,0,0
SNSX60.BSE_IDX,01/07/2025,11:36:20,34372.12,0,0,0,0,0,0
SNSX60.BSE_IDX,01/07/2025,11:36:28,34373.95,0,0,0,0,0,0
SNSX60.BSE_IDX,01/07/2025,11:36:35,34371.52,0,0,0,0,0,0
SNSX60.BSE_IDX,01/07/2025,11:36:44,34371.87,0,0,0,0,0,0
SNSX60.BSE_IDX,01/07/2025,11:36:54,34373.77,0,0,0,0,0,0
SNSX60.BSE_IDX,01/07/2025,11:36:59,34374.53,0,0,0,0,0,0
SNSX60.BSE_IDX,01/07/2025,11:37:08,34374.71,0,0,0,0,0,0
SNSX60.BSE_IDX,01/07/2025,11:37:15,34375.21,0,0,0,0,0,0
SNSX60.BSE_IDX,01/07/2025,11:37:23,34374.37,0,0,0,0,0,0
SNSX60.BSE_IDX,01/07/2025,11:37:32,34375.52,0,0,0,0,0,0
SNSX60.BSE_IDX,01/07/2025,11:37:41,34373.48,0,0,0,0,0,0
SNSX60.BSE_IDX,01/07/2025,11:37:47,34374.53,0,0,0,0,0,0
SNSX60.BSE_IDX,01/07/2025,11:37:55,34377.35,0,0,0,0,0,0
SNSX60.BSE_IDX,01/07/2025,11:38:03,34377.29,0,0,0,0,0,0
SNSX60.BSE_IDX,01/07/2025,11:38:11,34375.84,0,0,0,0,0,0
SNSX60.BSE_IDX,01/07/2025,11:38:20,34374.04,0,0,0,0,0,0
SNSX60.BSE_IDX,01/07/2025,11:38:27,34375.24,0,0,0,0,0,0
SNSX60.BSE_IDX,01/07/2025,11:38:35,34376.7,0,0,0,0,0,0
SNSX60.BSE_IDX,01/07/2025,11:38:43,34375.45,0,0,0,0,0,0
SNSX60.BSE_IDX,01/07/2025,11:38:51,34375.83,0,0,0,0,0,0
SNSX60.BSE_IDX,01/07/2025,11:38:59,34374.42,0,0,0,0,0,0
SNSX60.BSE_IDX,01/07/2025,11:39:07,34375.09,0,0,0,0,0,0
SNSX60.BSE_IDX,01/07/2025,11:39:16,34375.46,0,0,0,0,0,0
SNSX60.BSE_IDX,01/07/2025,11:39:24,34376.88,0,0,0,0,0,0
SNSX60.BSE_IDX,01/07/2025,11:39:31,34377.46,0,0,0,0,0,0
SNSX60.BSE_IDX,01/07/2025,11:39:39,34375.07,0,0,0,0,0,0
SNSX60.BSE_IDX,01/07/2025,11:39:48,34375.68,0,0,0,0,0,0
SNSX60.BSE_IDX,01/07/2025,11:39:55,34375.36,0,0,0,0,0,0
SNSX60.BSE_IDX,01/07/2025,11:40:03,34377.9,0,0,0,0,0,0
SNSX60.BSE_IDX,01/07/2025,11:40:12,34379,0,0,0,0,0,0
SNSX60.BSE_IDX,01/07/2025,11:40:20,34377.6,0,0,0,0,0,0
SNSX60.BSE_IDX,01/07/2025,11:40:28,34377.78,0,0,0,0,0,0
SNSX60.BSE_IDX,01/07/2025,11:40:36,34376.77,0,0,0,0,0,0
SNSX60.BSE_IDX,01/07/2025,11:40:44,34377.46,0,0,0,0,0,0
SNSX60.BSE_IDX,01/07/2025,11:40:52,34376.53,0,0,0,0,0,0
SNSX60.BSE_IDX,01/07/2025,11:41:00,34379.73,0,0,0,0,0,0
SNSX60.BSE_IDX,01/07/2025,11:41:07,34378.53,0,0,0,0,0,0
SNSX60.BSE_IDX,01/07/2025,11:41:16,34377.86,0,0,0,0,0,0
SNSX60.BSE_IDX,01/07/2025,11:41:24,34379.13,0,0,0,0,0,0
SNSX60.BSE_IDX,01/07/2025,11:41:32,34379.67,0,0,0,0,0,0
SNSX60.BSE_IDX,01/07/2025,11:41:40,34381.4,0,0,0,0,0,0
SNSX60.BSE_IDX,01/07/2025,11:41:48,34378.86,0,0,0,0,0,0
SNSX60.BSE_IDX,01/07/2025,11:41:56,34376.96,0,0,0,0,0,0
SNSX60.BSE_IDX,01/07/2025,11:42:04,34380.26,0,0,0,0,0,0
SNSX60.BSE_IDX,01/07/2025,11:42:12,34379.88,0,0,0,0,0,0
SNSX60.BSE_IDX,01/07/2025,11:42:20,34379.16,0,0,0,0,0,0
SNSX60.BSE_IDX,01/07/2025,11:42:28,34379.06,0,0,0,0,0,0
SNSX60.BSE_IDX,01/07/2025,11:42:36,34381.47,0,0,0,0,0,0
SNSX60.BSE_IDX,01/07/2025,11:42:44,34382.49,0,0,0,0,0,0
SNSX60.BSE_IDX,01/07/2025,11:42:52,34384.34,0,0,0,0,0,0
SNSX60.BSE_IDX,01/07/2025,11:43:00,34382.66,0,0,0,0,0,0
SNSX60.BSE_IDX,01/07/2025,11:43:08,34380.89,0,0,0,0,0,0
SNSX60.BSE_IDX,01/07/2025,11:43:16,34383.2,0,0,0,0,0,0
SNSX60.BSE_IDX,01/07/2025,11:43:24,34384.48,0,0,0,0,0,0
SNSX60.BSE_IDX,01/07/2025,11:43:32,34382.94,0,0,0,0,0,0
SNSX60.BSE_IDX,01/07/2025,11:43:40,34381.2,0,0,0,0,0,0
SNSX60.BSE_IDX,01/07/2025,11:43:48,34381.84,0,0,0,0,0,0
SNSX60.BSE_IDX,01/07/2025,11:43:56,34379.89,0,0,0,0,0,0
SNSX60.BSE_IDX,01/07/2025,11:44:04,34381.49,0,0,0,0,0,0
SNSX60.BSE_IDX,01/07/2025,11:44:12,34382.27,0,0,0,0,0,0
SNSX60.BSE_IDX,01/07/2025,11:44:20,34381.37,0,0,0,0,0,0
SNSX60.BSE_IDX,01/07/2025,11:44:28,34377.82,0,0,0,0,0,0
SNSX60.BSE_IDX,01/07/2025,11:44:36,34369.42,0,0,0,0,0,0
SNSX60.BSE_IDX,01/07/2025,11:44:44,34367.95,0,0,0,0,0,0
SNSX60.BSE_IDX,01/07/2025,11:44:52,34365.73,0,0,0,0,0,0
SNSX60.BSE_IDX,01/07/2025,11:45:00,34363.14,0,0,0,0,0,0
SNSX60.BSE_IDX,01/07/2025,11:45:08,34369.85,0,0,0,0,0,0
SNSX60.BSE_IDX,01/07/2025,11:45:16,34370.86,0,0,0,0,0,0
SNSX60.BSE_IDX,01/07/2025,11:45:24,34373.77,0,0,0,0,0,0
SNSX60.BSE_IDX,01/07/2025,11:45:32,34374.03,0,0,0,0,0,0
SNSX60.BSE_IDX,01/07/2025,11:45:40,34378.7,0,0,0,0,0,0
SNSX60.BSE_IDX,01/07/2025,11:45:48,34379.12,0,0,0,0,0,0
SNSX60.BSE_IDX,01/07/2025,11:45:56,34382.52,0,0,0,0,0,0
SNSX60.BSE_IDX,01/07/2025,11:46:04,34390.36,0,0,0,0,0,0
SNSX60.BSE_IDX,01/07/2025,11:46:12,34394.64,0,0,0,0,0,0
SNSX60.BSE_IDX,01/07/2025,11:46:20,34390.79,0,0,0,0,0,0
SNSX60.BSE_IDX,01/07/2025,11:46:28,34389,0,0,0,0,0,0
SNSX60.BSE_IDX,01/07/2025,11:46:36,34388.44,0,0,0,0,0,0
SNSX60.BSE_IDX,01/07/2025,11:46:44,34386.62,0,0,0,0,0,0
SNSX60.BSE_IDX,01/07/2025,11:46:52,34387.69,0,0,0,0,0,0
SNSX60.BSE_IDX,01/07/2025,11:47:00,34385.96,0,0,0,0,0,0
SNSX60.BSE_IDX,01/07/2025,11:47:08,34386.02,0,0,0,0,0,0
SNSX60.BSE_IDX,01/07/2025,11:47:16,34381.54,0,0,0,0,0,0
SNSX60.BSE_IDX,01/07/2025,11:47:24,34380.07,0,0,0,0,0,0
SNSX60.BSE_IDX,01/07/2025,11:47:32,34380.41,0,0,0,0,0,0
SNSX60.BSE_IDX,01/07/2025,11:47:40,34380.82,0,0,0,0,0,0
SNSX60.BSE_IDX,01/07/2025,11:47:48,34380.66,0,0,0,0,0,0
SNSX60.BSE_IDX,01/07/2025,11:47:56,34376.72,0,0,0,0,0,0
SNSX60.BSE_IDX,01/07/2025,11:48:04,34376.64,0,0,0,0,0,0
SNSX60.BSE_IDX,01/07/2025,11:48:12,34377.3,0,0,0,0,0,0
SNSX60.BSE_IDX,01/07/2025,11:48:20,34379.78,0,0,0,0,0,0
SNSX60.BSE_IDX,01/07/2025,11:48:28,34380.33,0,0,0,0,0,0
SNSX60.BSE_IDX,01/07/2025,11:48:36,34379.17,0,0,0,0,0,0
SNSX60.BSE_IDX,01/07/2025,11:48:44,34380.91,0,0,0,0,0,0
SNSX60.BSE_IDX,01/07/2025,11:48:52,34380.48,0,0,0,0,0,0
SNSX60.BSE_IDX,01/07/2025,11:49:01,34379.43,0,0,0,0,0,0
SNSX60.BSE_IDX,01/07/2025,11:49:09,34379.28,0,0,0,0,0,0
SNSX60.BSE_IDX,01/07/2025,11:49:16,34380.04,0,0,0,0,0,0
SNSX60.BSE_IDX,01/07/2025,11:49:24,34379.55,0,0,0,0,0,0
SNSX60.BSE_IDX,01/07/2025,11:49:32,34379.6,0,0,0,0,0,0
SNSX60.BSE_IDX,01/07/2025,11:49:40,34379.91,0,0,0,0,0,0
SNSX60.BSE_IDX,01/07/2025,11:49:49,34377.21,0,0,0,0,0,0
SNSX60.BSE_IDX,01/07/2025,11:49:56,34377.26,0,0,0,0,0,0
SNSX60.BSE_IDX,01/07/2025,11:50:04,34378.6,0,0,0,0,0,0
SNSX60.BSE_IDX,01/07/2025,11:50:12,34377.07,0,0,0,0,0,0
SNSX60.BSE_IDX,01/07/2025,11:50:20,34376.17,0,0,0,0,0,0
SNSX60.BSE_IDX,01/07/2025,11:50:28,34377.49,0,0,0,0,0,0
SNSX60.BSE_IDX,01/07/2025,11:50:36,34377.5,0,0,0,0,0,0
SNSX60.BSE_IDX,01/07/2025,11:50:44,34377.19,0,0,0,0,0,0
SNSX60.BSE_IDX,01/07/2025,11:50:52,34377.09,0,0,0,0,0,0
SNSX60.BSE_IDX,01/07/2025,11:51:00,34377,0,0,0,0,0,0
SNSX60.BSE_IDX,01/07/2025,11:51:08,34379.54,0,0,0,0,0,0
SNSX60.BSE_IDX,01/07/2025,11:51:16,34379.92,0,0,0,0,0,0
SNSX60.BSE_IDX,01/07/2025,11:51:24,34376.36,0,0,0,0,0,0
SNSX60.BSE_IDX,01/07/2025,11:51:32,34377.11,0,0,0,0,0,0
SNSX60.BSE_IDX,01/07/2025,11:51:40,34377.84,0,0,0,0,0,0
SNSX60.BSE_IDX,01/07/2025,11:51:48,34379.28,0,0,0,0,0,0
SNSX60.BSE_IDX,01/07/2025,11:51:56,34378.75,0,0,0,0,0,0
SNSX60.BSE_IDX,01/07/2025,11:52:04,34378.06,0,0,0,0,0,0
SNSX60.BSE_IDX,01/07/2025,11:52:12,34375.38,0,0,0,0,0,0
SNSX60.BSE_IDX,01/07/2025,11:52:20,34375.5,0,0,0,0,0,0
SNSX60.BSE_IDX,01/07/2025,11:52:28,34377,0,0,0,0,0,0
SNSX60.BSE_IDX,01/07/2025,11:52:36,34375.18,0,0,0,0,0,0
SNSX60.BSE_IDX,01/07/2025,11:52:44,34374.9,0,0,0,0,0,0
SNSX60.BSE_IDX,01/07/2025,11:52:52,34374.45,0,0,0,0,0,0
SNSX60.BSE_IDX,01/07/2025,11:53:00,34372.14,0,0,0,0,0,0
SNSX60.BSE_IDX,01/07/2025,11:53:08,34371.31,0,0,0,0,0,0
SNSX60.BSE_IDX,01/07/2025,11:53:16,34369.23,0,0,0,0,0,0
SNSX60.BSE_IDX,01/07/2025,11:53:24,34367.73,0,0,0,0,0,0
SNSX60.BSE_IDX,01/07/2025,11:53:32,34367.53,0,0,0,0,0,0
SNSX60.BSE_IDX,01/07/2025,11:53:40,34369.49,0,0,0,0,0,0
SNSX60.BSE_IDX,01/07/2025,11:53:48,34368.17,0,0,0,0,0,0
SNSX60.BSE_IDX,01/07/2025,11:53:56,34366.65,0,0,0,0,0,0
SNSX60.BSE_IDX,01/07/2025,11:54:04,34364.47,0,0,0,0,0,0
SNSX60.BSE_IDX,01/07/2025,11:54:12,34359.88,0,0,0,0,0,0
SNSX60.BSE_IDX,01/07/2025,11:54:20,34359.95,0,0,0,0,0,0
SNSX60.BSE_IDX,01/07/2025,11:54:28,34361.61,0,0,0,0,0,0
SNSX60.BSE_IDX,01/07/2025,11:54:36,34360.94,0,0,0,0,0,0
SNSX60.BSE_IDX,01/07/2025,11:54:44,34360.87,0,0,0,0,0,0
SNSX60.BSE_IDX,01/07/2025,11:54:52,34360.65,0,0,0,0,0,0
SNSX60.BSE_IDX,01/07/2025,11:55:00,34359.9,0,0,0,0,0,0
SNSX60.BSE_IDX,01/07/2025,11:55:08,34361.09,0,0,0,0,0,0
SNSX60.BSE_IDX,01/07/2025,11:55:17,34360.36,0,0,0,0,0,0
SNSX60.BSE_IDX,01/07/2025,11:55:24,34359.95,0,0,0,0,0,0
SNSX60.BSE_IDX,01/07/2025,11:55:32,34359.67,0,0,0,0,0,0
SNSX60.BSE_IDX,01/07/2025,11:55:40,34359.64,0,0,0,0,0,0
SNSX60.BSE_IDX,01/07/2025,11:55:48,34357.63,0,0,0,0,0,0
SNSX60.BSE_IDX,01/07/2025,11:55:56,34358.99,0,0,0,0,0,0
SNSX60.BSE_IDX,01/07/2025,11:56:05,34359.25,0,0,0,0,0,0
SNSX60.BSE_IDX,01/07/2025,11:56:12,34358.13,0,0,0,0,0,0
SNSX60.BSE_IDX,01/07/2025,11:56:20,34350.41,0,0,0,0,0,0
SNSX60.BSE_IDX,01/07/2025,11:56:28,34347.77,0,0,0,0,0,0
SNSX60.BSE_IDX,01/07/2025,11:56:36,34348.57,0,0,0,0,0,0
SNSX60.BSE_IDX,01/07/2025,11:56:44,34354.9,0,0,0,0,0,0
SNSX60.BSE_IDX,01/07/2025,11:56:52,34350.41,0,0,0,0,0,0
SNSX60.BSE_IDX,01/07/2025,11:57:00,34350.17,0,0,0,0,0,0
SNSX60.BSE_IDX,01/07/2025,11:57:08,34348.87,0,0,0,0,0,0
SNSX60.BSE_IDX,01/07/2025,11:57:16,34350.4,0,0,0,0,0,0
SNSX60.BSE_IDX,01/07/2025,11:57:24,34351.11,0,0,0,0,0,0
SNSX60.BSE_IDX,01/07/2025,11:57:32,34351.06,0,0,0,0,0,0
SNSX60.BSE_IDX,01/07/2025,11:57:40,34350.51,0,0,0,0,0,0
SNSX60.BSE_IDX,01/07/2025,11:57:48,34351.56,0,0,0,0,0,0
SNSX60.BSE_IDX,01/07/2025,11:57:56,34351.94,0,0,0,0,0,0
SNSX60.BSE_IDX,01/07/2025,11:58:04,34351.58,0,0,0,0,0,0
SNSX60.BSE_IDX,01/07/2025,11:58:12,34351.93,0,0,0,0,0,0
SNSX60.BSE_IDX,01/07/2025,11:58:20,34351.05,0,0,0,0,0,0
SNSX60.BSE_IDX,01/07/2025,11:58:28,34350.2,0,0,0,0,0,0
SNSX60.BSE_IDX,01/07/2025,11:58:36,34352.8,0,0,0,0,0,0
SNSX60.BSE_IDX,01/07/2025,11:58:44,34355.46,0,0,0,0,0,0
SNSX60.BSE_IDX,01/07/2025,11:58:52,34356.28,0,0,0,0,0,0
SNSX60.BSE_IDX,01/07/2025,11:59:00,34354.53,0,0,0,0,0,0
SNSX60.BSE_IDX,01/07/2025,11:59:08,34356.64,0,0,0,0,0,0
SNSX60.BSE_IDX,01/07/2025,11:59:16,34356.71,0,0,0,0,0,0
SNSX60.BSE_IDX,01/07/2025,11:59:24,34359.24,0,0,0,0,0,0
SNSX60.BSE_IDX,01/07/2025,11:59:32,34362,0,0,0,0,0,0
SNSX60.BSE_IDX,01/07/2025,11:59:40,34362.51,0,0,0,0,0,0
SNSX60.BSE_IDX,01/07/2025,11:59:48,34363.87,0,0,0,0,0,0
SNSX60.BSE_IDX,01/07/2025,11:59:56,34364.43,0,0,0,0,0,0
SNSX60.BSE_IDX,01/07/2025,12:00:05,34365.71,0,0,0,0,0,0
SNSX60.BSE_IDX,01/07/2025,12:00:12,34364.63,0,0,0,0,0,0
SNSX60.BSE_IDX,01/07/2025,12:00:20,34361.95,0,0,0,0,0,0
SNSX60.BSE_IDX,01/07/2025,12:00:28,34360.56,0,0,0,0,0,0
SNSX60.BSE_IDX,01/07/2025,12:00:37,34360.49,0,0,0,0,0,0
SNSX60.BSE_IDX,01/07/2025,12:00:44,34359.2,0,0,0,0,0,0
SNSX60.BSE_IDX,01/07/2025,12:00:52,34359.59,0,0,0,0,0,0
SNSX60.BSE_IDX,01/07/2025,12:01:00,34360.44,0,0,0,0,0,0
SNSX60.BSE_IDX,01/07/2025,12:01:08,34360.85,0,0,0,0,0,0
SNSX60.BSE_IDX,01/07/2025,12:01:16,34361.99,0,0,0,0,0,0
SNSX60.BSE_IDX,01/07/2025,12:01:24,34362.78,0,0,0,0,0,0
SNSX60.BSE_IDX,01/07/2025,12:01:32,34363.08,0,0,0,0,0,0
SNSX60.BSE_IDX,01/07/2025,12:01:40,34363.5,0,0,0,0,0,0
SNSX60.BSE_IDX,01/07/2025,12:01:48,34362.84,0,0,0,0,0,0
SNSX60.BSE_IDX,01/07/2025,12:01:57,34362.2,0,0,0,0,0,0
SNSX60.BSE_IDX,01/07/2025,12:02:04,34363.28,0,0,0,0,0,0
SNSX60.BSE_IDX,01/07/2025,12:02:12,34364.39,0,0,0,0,0,0
SNSX60.BSE_IDX,01/07/2025,12:02:20,34363.59,0,0,0,0,0,0
SNSX60.BSE_IDX,01/07/2025,12:02:28,34361.08,0,0,0,0,0,0
SNSX60.BSE_IDX,01/07/2025,12:02:36,34362.67,0,0,0,0,0,0
SNSX60.BSE_IDX,01/07/2025,12:02:44,34363.01,0,0,0,0,0,0
SNSX60.BSE_IDX,01/07/2025,12:02:52,34365.53,0,0,0,0,0,0
SNSX60.BSE_IDX,01/07/2025,12:03:00,34365.01,0,0,0,0,0,0
SNSX60.BSE_IDX,01/07/2025,12:03:08,34364,0,0,0,0,0,0
SNSX60.BSE_IDX,01/07/2025,12:03:17,34364.81,0,0,0,0,0,0
SNSX60.BSE_IDX,01/07/2025,12:03:24,34364.86,0,0,0,0,0,0
SNSX60.BSE_IDX,01/07/2025,12:03:32,34366.65,0,0,0,0,0,0
SNSX60.BSE_IDX,01/07/2025,12:03:40,34367.05,0,0,0,0,0,0
SNSX60.BSE_IDX,01/07/2025,12:03:48,34365.31,0,0,0,0,0,0
SNSX60.BSE_IDX,01/07/2025,12:03:56,34364.16,0,0,0,0,0,0
SNSX60.BSE_IDX,01/07/2025,12:04:04,34365.07,0,0,0,0,0,0
SNSX60.BSE_IDX,01/07/2025,12:04:12,34365.36,0,0,0,0,0,0
SNSX60.BSE_IDX,01/07/2025,12:04:20,34364.52,0,0,0,0,0,0
SNSX60.BSE_IDX,01/07/2025,12:04:28,34367.01,0,0,0,0,0,0
SNSX60.BSE_IDX,01/07/2025,12:04:36,34368.29,0,0,0,0,0,0
SNSX60.BSE_IDX,01/07/2025,12:04:44,34367.77,0,0,0,0,0,0
SNSX60.BSE_IDX,01/07/2025,12:04:52,34366.91,0,0,0,0,0,0
SNSX60.BSE_IDX,01/07/2025,12:05:01,34366.09,0,0,0,0,0,0
SNSX60.BSE_IDX,01/07/2025,12:05:08,34366.5,0,0,0,0,0,0
SNSX60.BSE_IDX,01/07/2025,12:05:16,34367.82,0,0,0,0,0,0
SNSX60.BSE_IDX,01/07/2025,12:05:24,34366,0,0,0,0,0,0
SNSX60.BSE_IDX,01/07/2025,12:05:32,34363.74,0,0,0,0,0,0
SNSX60.BSE_IDX,01/07/2025,12:05:40,34365.51,0,0,0,0,0,0
SNSX60.BSE_IDX,01/07/2025,12:05:48,34362.38,0,0,0,0,0,0
SNSX60.BSE_IDX,01/07/2025,12:05:56,34364.95,0,0,0,0,0,0
SNSX60.BSE_IDX,01/07/2025,12:06:04,34365.86,0,0,0,0,0,0
SNSX60.BSE_IDX,01/07/2025,12:06:12,34366.46,0,0,0,0,0,0
SNSX60.BSE_IDX,01/07/2025,12:06:20,34366.34,0,0,0,0,0,0
SNSX60.BSE_IDX,01/07/2025,12:06:28,34365.55,0,0,0,0,0,0
SNSX60.BSE_IDX,01/07/2025,12:06:36,34363.97,0,0,0,0,0,0
SNSX60.BSE_IDX,01/07/2025,12:06:44,34365.83,0,0,0,0,0,0
SNSX60.BSE_IDX,01/07/2025,12:06:53,34365.37,0,0,0,0,0,0
SNSX60.BSE_IDX,01/07/2025,12:07:00,34363.59,0,0,0,0,0,0
SNSX60.BSE_IDX,01/07/2025,12:07:08,34363.67,0,0,0,0,0,0
SNSX60.BSE_IDX,01/07/2025,12:07:17,34364.31,0,0,0,0,0,0
SNSX60.BSE_IDX,01/07/2025,12:07:24,34362.98,0,0,0,0,0,0
SNSX60.BSE_IDX,01/07/2025,12:07:33,34361.48,0,0,0,0,0,0
SNSX60.BSE_IDX,01/07/2025,12:07:40,34361.42,0,0,0,0,0,0
SNSX60.BSE_IDX,01/07/2025,12:07:49,34363.1,0,0,0,0,0,0
SNSX60.BSE_IDX,01/07/2025,12:07:57,34361.22,0,0,0,0,0,0
SNSX60.BSE_IDX,01/07/2025,12:08:05,34362.24,0,0,0,0,0,0
SNSX60.BSE_IDX,01/07/2025,12:08:13,34363.12,0,0,0,0,0,0
SNSX60.BSE_IDX,01/07/2025,12:08:21,34361.05,0,0,0,0,0,0
SNSX60.BSE_IDX,01/07/2025,12:08:28,34360.21,0,0,0,0,0,0
SNSX60.BSE_IDX,01/07/2025,12:08:36,34359.6,0,0,0,0,0,0
SNSX60.BSE_IDX,01/07/2025,12:08:45,34361.06,0,0,0,0,0,0
SNSX60.BSE_IDX,01/07/2025,12:08:52,34363.66,0,0,0,0,0,0
SNSX60.BSE_IDX,01/07/2025,12:09:00,34363.63,0,0,0,0,0,0
SNSX60.BSE_IDX,01/07/2025,12:09:08,34362.29,0,0,0,0,0,0
SNSX60.BSE_IDX,01/07/2025,12:09:16,34364.3,0,0,0,0,0,0
SNSX60.BSE_IDX,01/07/2025,12:09:25,34363.25,0,0,0,0,0,0
SNSX60.BSE_IDX,01/07/2025,12:09:32,34364.05,0,0,0,0,0,0
SNSX60.BSE_IDX,01/07/2025,12:09:40,34366.94,0,0,0,0,0,0
SNSX60.BSE_IDX,01/07/2025,12:09:48,34366.05,0,0,0,0,0,0
SNSX60.BSE_IDX,01/07/2025,12:09:57,34366.98,0,0,0,0,0,0
SNSX60.BSE_IDX,01/07/2025,12:10:05,34365.04,0,0,0,0,0,0
SNSX60.BSE_IDX,01/07/2025,12:10:13,34363.61,0,0,0,0,0,0
SNSX60.BSE_IDX,01/07/2025,12:10:22,34366.77,0,0,0,0,0,0
SNSX60.BSE_IDX,01/07/2025,12:10:28,34366.69,0,0,0,0,0,0
SNSX60.BSE_IDX,01/07/2025,12:10:36,34364.57,0,0,0,0,0,0
SNSX60.BSE_IDX,01/07/2025,12:10:45,34364.2,0,0,0,0,0,0
SNSX60.BSE_IDX,01/07/2025,12:10:52,34365.51,0,0,0,0,0,0
SNSX60.BSE_IDX,01/07/2025,12:11:00,34365.84,0,0,0,0,0,0
SNSX60.BSE_IDX,01/07/2025,12:11:08,34367.13,0,0,0,0,0,0
SNSX60.BSE_IDX,01/07/2025,12:11:17,34367.48,0,0,0,0,0,0
SNSX60.BSE_IDX,01/07/2025,12:11:24,34368.61,0,0,0,0,0,0
SNSX60.BSE_IDX,01/07/2025,12:11:32,34367.47,0,0,0,0,0,0
SNSX60.BSE_IDX,01/07/2025,12:11:41,34368.62,0,0,0,0,0,0
SNSX60.BSE_IDX,01/07/2025,12:11:49,34372.34,0,0,0,0,0,0
SNSX60.BSE_IDX,01/07/2025,12:11:57,34373.87,0,0,0,0,0,0
SNSX60.BSE_IDX,01/07/2025,12:12:05,34374.9,0,0,0,0,0,0
SNSX60.BSE_IDX,01/07/2025,12:12:13,34376.33,0,0,0,0,0,0
SNSX60.BSE_IDX,01/07/2025,12:12:21,34377.26,0,0,0,0,0,0
SNSX60.BSE_IDX,01/07/2025,12:12:29,34375.93,0,0,0,0,0,0
SNSX60.BSE_IDX,01/07/2025,12:12:37,34377.04,0,0,0,0,0,0
SNSX60.BSE_IDX,01/07/2025,12:12:45,34376.77,0,0,0,0,0,0
SNSX60.BSE_IDX,01/07/2025,12:12:53,34373.34,0,0,0,0,0,0
SNSX60.BSE_IDX,01/07/2025,12:13:01,34374.67,0,0,0,0,0,0
SNSX60.BSE_IDX,01/07/2025,12:13:09,34375.32,0,0,0,0,0,0
SNSX60.BSE_IDX,01/07/2025,12:13:17,34375.81,0,0,0,0,0,0
SNSX60.BSE_IDX,01/07/2025,12:13:25,34376.18,0,0,0,0,0,0
SNSX60.BSE_IDX,01/07/2025,12:13:33,34377,0,0,0,0,0,0
SNSX60.BSE_IDX,01/07/2025,12:13:41,34378.71,0,0,0,0,0,0
SNSX60.BSE_IDX,01/07/2025,12:13:49,34376.65,0,0,0,0,0,0
SNSX60.BSE_IDX,01/07/2025,12:13:57,34375.91,0,0,0,0,0,0
SNSX60.BSE_IDX,01/07/2025,12:14:05,34376.48,0,0,0,0,0,0
SNSX60.BSE_IDX,01/07/2025,12:14:13,34376.9,0,0,0,0,0,0
SNSX60.BSE_IDX,01/07/2025,12:14:21,34378.78,0,0,0,0,0,0
SNSX60.BSE_IDX,01/07/2025,12:14:29,34378.4,0,0,0,0,0,0
SNSX60.BSE_IDX,01/07/2025,12:14:37,34378.44,0,0,0,0,0,0
SNSX60.BSE_IDX,01/07/2025,12:14:46,34378.78,0,0,0,0,0,0
SNSX60.BSE_IDX,01/07/2025,12:14:54,34377.04,0,0,0,0,0,0
SNSX60.BSE_IDX,01/07/2025,12:15:01,34376.91,0,0,0,0,0,0
SNSX60.BSE_IDX,01/07/2025,12:15:09,34377.2,0,0,0,0,0,0
SNSX60.BSE_IDX,01/07/2025,12:15:17,34379.14,0,0,0,0,0,0
SNSX60.BSE_IDX,01/07/2025,12:15:25,34379.44,0,0,0,0,0,0
SNSX60.BSE_IDX,01/07/2025,12:15:33,34379.08,0,0,0,0,0,0
SNSX60.BSE_IDX,01/07/2025,12:15:41,34377.96,0,0,0,0,0,0
SNSX60.BSE_IDX,01/07/2025,12:15:49,34375.9,0,0,0,0,0,0
SNSX60.BSE_IDX,01/07/2025,12:15:57,34376.94,0,0,0,0,0,0
SNSX60.BSE_IDX,01/07/2025,12:16:05,34376.32,0,0,0,0,0,0
SNSX60.BSE_IDX,01/07/2025,12:16:13,34377.2,0,0,0,0,0,0
SNSX60.BSE_IDX,01/07/2025,12:16:21,34379.5,0,0,0,0,0,0
SNSX60.BSE_IDX,01/07/2025,12:16:29,34381.82,0,0,0,0,0,0
SNSX60.BSE_IDX,01/07/2025,12:16:37,34383.64,0,0,0,0,0,0
SNSX60.BSE_IDX,01/07/2025,12:16:45,34382.29,0,0,0,0,0,0
SNSX60.BSE_IDX,01/07/2025,12:16:53,34378.45,0,0,0,0,0,0
SNSX60.BSE_IDX,01/07/2025,12:17:01,34377.89,0,0,0,0,0,0
SNSX60.BSE_IDX,01/07/2025,12:17:09,34379.59,0,0,0,0,0,0
SNSX60.BSE_IDX,01/07/2025,12:17:17,34381.95,0,0,0,0,0,0
SNSX60.BSE_IDX,01/07/2025,12:17:25,34378.56,0,0,0,0,0,0
SNSX60.BSE_IDX,01/07/2025,12:17:33,34381.06,0,0,0,0,0,0
SNSX60.BSE_IDX,01/07/2025,12:17:41,34380.36,0,0,0,0,0,0
SNSX60.BSE_IDX,01/07/2025,12:17:49,34381.69,0,0,0,0,0,0
SNSX60.BSE_IDX,01/07/2025,12:17:57,34382.14,0,0,0,0,0,0
SNSX60.BSE_IDX,01/07/2025,12:18:05,34383.42,0,0,0,0,0,0
SNSX60.BSE_IDX,01/07/2025,12:18:13,34383.7,0,0,0,0,0,0
SNSX60.BSE_IDX,01/07/2025,12:18:21,34382.45,0,0,0,0,0,0
SNSX60.BSE_IDX,01/07/2025,12:18:29,34383.97,0,0,0,0,0,0
SNSX60.BSE_IDX,01/07/2025,12:18:37,34384.19,0,0,0,0,0,0
SNSX60.BSE_IDX,01/07/2025,12:18:45,34384.84,0,0,0,0,0,0
SNSX60.BSE_IDX,01/07/2025,12:18:53,34385.03,0,0,0,0,0,0
SNSX60.BSE_IDX,01/07/2025,12:19:01,34386.85,0,0,0,0,0,0
SNSX60.BSE_IDX,01/07/2025,12:19:09,34388.9,0,0,0,0,0,0
SNSX60.BSE_IDX,01/07/2025,12:19:17,34388.11,0,0,0,0,0,0
SNSX60.BSE_IDX,01/07/2025,12:19:25,34389.24,0,0,0,0,0,0
SNSX60.BSE_IDX,01/07/2025,12:19:33,34390.23,0,0,0,0,0,0
SNSX60.BSE_IDX,01/07/2025,12:19:41,34391.78,0,0,0,0,0,0
SNSX60.BSE_IDX,01/07/2025,12:19:49,34392.62,0,0,0,0,0,0
SNSX60.BSE_IDX,01/07/2025,12:19:57,34393.21,0,0,0,0,0,0
SNSX60.BSE_IDX,01/07/2025,12:20:05,34395.35,0,0,0,0,0,0
SNSX60.BSE_IDX,01/07/2025,12:20:13,34392.54,0,0,0,0,0,0
SNSX60.BSE_IDX,01/07/2025,12:20:21,34397.73,0,0,0,0,0,0
SNSX60.BSE_IDX,01/07/2025,12:20:29,34403.51,0,0,0,0,0,0
SNSX60.BSE_IDX,01/07/2025,12:20:37,34405.55,0,0,0,0,0,0
SNSX60.BSE_IDX,01/07/2025,12:20:45,34401.85,0,0,0,0,0,0
SNSX60.BSE_IDX,01/07/2025,12:20:53,34404.24,0,0,0,0,0,0
SNSX60.BSE_IDX,01/07/2025,12:21:01,34404.31,0,0,0,0,0,0
SNSX60.BSE_IDX,01/07/2025,12:21:09,34404.01,0,0,0,0,0,0
SNSX60.BSE_IDX,01/07/2025,12:21:17,34400.41,0,0,0,0,0,0
SNSX60.BSE_IDX,01/07/2025,12:21:25,34401.3,0,0,0,0,0,0
SNSX60.BSE_IDX,01/07/2025,12:21:33,34401.54,0,0,0,0,0,0
SNSX60.BSE_IDX,01/07/2025,12:21:41,34404.31,0,0,0,0,0,0
SNSX60.BSE_IDX,01/07/2025,12:21:49,34405.26,0,0,0,0,0,0
SNSX60.BSE_IDX,01/07/2025,12:21:57,34405.69,0,0,0,0,0,0
SNSX60.BSE_IDX,01/07/2025,12:22:05,34408.16,0,0,0,0,0,0
SNSX60.BSE_IDX,01/07/2025,12:22:13,34406.65,0,0,0,0,0,0
SNSX60.BSE_IDX,01/07/2025,12:22:21,34405.8,0,0,0,0,0,0
SNSX60.BSE_IDX,01/07/2025,12:22:29,34404.09,0,0,0,0,0,0
SNSX60.BSE_IDX,01/07/2025,12:22:37,34401.24,0,0,0,0,0,0
SNSX60.BSE_IDX,01/07/2025,12:22:45,34399.1,0,0,0,0,0,0
SNSX60.BSE_IDX,01/07/2025,12:22:53,34398.58,0,0,0,0,0,0
SNSX60.BSE_IDX,01/07/2025,12:23:02,34399.96,0,0,0,0,0,0
SNSX60.BSE_IDX,01/07/2025,12:23:09,34400.26,0,0,0,0,0,0
SNSX60.BSE_IDX,01/07/2025,12:23:17,34399.93,0,0,0,0,0,0
SNSX60.BSE_IDX,01/07/2025,12:23:25,34399.34,0,0,0,0,0,0
SNSX60.BSE_IDX,01/07/2025,12:23:33,34397.31,0,0,0,0,0,0
SNSX60.BSE_IDX,01/07/2025,12:23:41,34398.87,0,0,0,0,0,0
SNSX60.BSE_IDX,01/07/2025,12:23:49,34400.4,0,0,0,0,0,0
SNSX60.BSE_IDX,01/07/2025,12:23:57,34401.58,0,0,0,0,0,0
SNSX60.BSE_IDX,01/07/2025,12:24:05,34401.77,0,0,0,0,0,0
SNSX60.BSE_IDX,01/07/2025,12:24:13,34403.89,0,0,0,0,0,0
SNSX60.BSE_IDX,01/07/2025,12:24:21,34405.93,0,0,0,0,0,0
SNSX60.BSE_IDX,01/07/2025,12:24:29,34404.76,0,0,0,0,0,0
SNSX60.BSE_IDX,01/07/2025,12:24:37,34404.83,0,0,0,0,0,0
SNSX60.BSE_IDX,01/07/2025,12:24:45,34405.92,0,0,0,0,0,0
SNSX60.BSE_IDX,01/07/2025,12:24:53,34404.32,0,0,0,0,0,0
SNSX60.BSE_IDX,01/07/2025,12:25:01,34404.87,0,0,0,0,0,0
SNSX60.BSE_IDX,01/07/2025,12:25:09,34405.25,0,0,0,0,0,0
SNSX60.BSE_IDX,01/07/2025,12:25:17,34404.35,0,0,0,0,0,0
SNSX60.BSE_IDX,01/07/2025,12:25:25,34405.59,0,0,0,0,0,0
SNSX60.BSE_IDX,01/07/2025,12:25:33,34407.68,0,0,0,0,0,0
SNSX60.BSE_IDX,01/07/2025,12:25:41,34408.2,0,0,0,0,0,0
SNSX60.BSE_IDX,01/07/2025,12:25:49,34407.46,0,0,0,0,0,0
SNSX60.BSE_IDX,01/07/2025,12:25:57,34409.34,0,0,0,0,0,0
SNSX60.BSE_IDX,01/07/2025,12:26:05,34408.85,0,0,0,0,0,0
SNSX60.BSE_IDX,01/07/2025,12:26:13,34408.45,0,0,0,0,0,0
SNSX60.BSE_IDX,01/07/2025,12:26:21,34407.27,0,0,0,0,0,0
SNSX60.BSE_IDX,01/07/2025,12:26:31,34407.8,0,0,0,0,0,0
SNSX60.BSE_IDX,01/07/2025,12:26:37,34410.99,0,0,0,0,0,0
SNSX60.BSE_IDX,01/07/2025,12:26:45,34411.63,0,0,0,0,0,0
SNSX60.BSE_IDX,01/07/2025,12:26:53,34410.95,0,0,0,0,0,0
SNSX60.BSE_IDX,01/07/2025,12:27:01,34408.15,0,0,0,0,0,0
SNSX60.BSE_IDX,01/07/2025,12:27:09,34407.43,0,0,0,0,0,0
SNSX60.BSE_IDX,01/07/2025,12:27:17,34408.81,0,0,0,0,0,0
SNSX60.BSE_IDX,01/07/2025,12:27:25,34409.42,0,0,0,0,0,0
SNSX60.BSE_IDX,01/07/2025,12:27:33,34407.69,0,0,0,0,0,0
SNSX60.BSE_IDX,01/07/2025,12:27:41,34409.6,0,0,0,0,0,0
SNSX60.BSE_IDX,01/07/2025,12:27:49,34407.88,0,0,0,0,0,0
SNSX60.BSE_IDX,01/07/2025,12:27:57,34407.55,0,0,0,0,0,0
SNSX60.BSE_IDX,01/07/2025,12:28:05,34406.81,0,0,0,0,0,0
SNSX60.BSE_IDX,01/07/2025,12:28:13,34408.22,0,0,0,0,0,0
SNSX60.BSE_IDX,01/07/2025,12:28:21,34406.67,0,0,0,0,0,0
SNSX60.BSE_IDX,01/07/2025,12:28:29,34404.77,0,0,0,0,0,0
SNSX60.BSE_IDX,01/07/2025,12:28:37,34406.6,0,0,0,0,0,0
SNSX60.BSE_IDX,01/07/2025,12:28:45,34402.56,0,0,0,0,0,0
SNSX60.BSE_IDX,01/07/2025,12:28:53,34398.99,0,0,0,0,0,0
SNSX60.BSE_IDX,01/07/2025,12:29:01,34398,0,0,0,0,0,0
SNSX60.BSE_IDX,01/07/2025,12:29:10,34396.13,0,0,0,0,0,0
SNSX60.BSE_IDX,01/07/2025,12:29:18,34396.94,0,0,0,0,0,0
SNSX60.BSE_IDX,01/07/2025,12:29:25,34399.53,0,0,0,0,0,0
SNSX60.BSE_IDX,01/07/2025,12:29:33,34397.46,0,0,0,0,0,0
SNSX60.BSE_IDX,01/07/2025,12:29:41,34395.76,0,0,0,0,0,0
SNSX60.BSE_IDX,01/07/2025,12:29:49,34395.73,0,0,0,0,0,0
SNSX60.BSE_IDX,01/07/2025,12:29:57,34397.75,0,0,0,0,0,0
SNSX60.BSE_IDX,01/07/2025,12:30:05,34404.71,0,0,0,0,0,0
SNSX60.BSE_IDX,01/07/2025,12:30:13,34405.73,0,0,0,0,0,0
SNSX60.BSE_IDX,01/07/2025,12:30:22,34404.42,0,0,0,0,0,0
SNSX60.BSE_IDX,01/07/2025,12:30:29,34400.76,0,0,0,0,0,0
SNSX60.BSE_IDX,01/07/2025,12:30:37,34399.05,0,0,0,0,0,0
SNSX60.BSE_IDX,01/07/2025,12:30:45,34400.43,0,0,0,0,0,0
SNSX60.BSE_IDX,01/07/2025,12:30:53,34402.54,0,0,0,0,0,0
SNSX60.BSE_IDX,01/07/2025,12:31:01,34404.19,0,0,0,0,0,0
SNSX60.BSE_IDX,01/07/2025,12:31:09,34398.38,0,0,0,0,0,0
SNSX60.BSE_IDX,01/07/2025,12:31:17,34393.55,0,0,0,0,0,0
SNSX60.BSE_IDX,01/07/2025,12:31:25,34392.25,0,0,0,0,0,0
SNSX60.BSE_IDX,01/07/2025,12:31:34,34391.77,0,0,0,0,0,0
SNSX60.BSE_IDX,01/07/2025,12:31:41,34388.98,0,0,0,0,0,0
SNSX60.BSE_IDX,01/07/2025,12:31:49,34388.26,0,0,0,0,0,0
SNSX60.BSE_IDX,01/07/2025,12:31:57,34388.2,0,0,0,0,0,0
SNSX60.BSE_IDX,01/07/2025,12:32:05,34388.9,0,0,0,0,0,0
SNSX60.BSE_IDX,01/07/2025,12:32:13,34390.43,0,0,0,0,0,0
SNSX60.BSE_IDX,01/07/2025,12:32:21,34390.58,0,0,0,0,0,0
SNSX60.BSE_IDX,01/07/2025,12:32:29,34391.47,0,0,0,0,0,0
SNSX60.BSE_IDX,01/07/2025,12:32:37,34390.91,0,0,0,0,0,0
SNSX60.BSE_IDX,01/07/2025,12:32:45,34390.33,0,0,0,0,0,0
SNSX60.BSE_IDX,01/07/2025,12:32:53,34389.04,0,0,0,0,0,0
SNSX60.BSE_IDX,01/07/2025,12:33:01,34389.79,0,0,0,0,0,0
SNSX60.BSE_IDX,01/07/2025,12:33:09,34388.98,0,0,0,0,0,0
SNSX60.BSE_IDX,01/07/2025,12:33:17,34387.28,0,0,0,0,0,0
SNSX60.BSE_IDX,01/07/2025,12:33:26,34387.86,0,0,0,0,0,0
SNSX60.BSE_IDX,01/07/2025,12:33:33,34388.21,0,0,0,0,0,0
SNSX60.BSE_IDX,01/07/2025,12:33:41,34389.81,0,0,0,0,0,0
SNSX60.BSE_IDX,01/07/2025,12:33:49,34389.2,0,0,0,0,0,0
SNSX60.BSE_IDX,01/07/2025,12:33:57,34388.94,0,0,0,0,0,0
SNSX60.BSE_IDX,01/07/2025,12:34:05,34390.99,0,0,0,0,0,0
SNSX60.BSE_IDX,01/07/2025,12:34:13,34392.75,0,0,0,0,0,0
SNSX60.BSE_IDX,01/07/2025,12:34:21,34393.21,0,0,0,0,0,0
SNSX60.BSE_IDX,01/07/2025,12:34:29,34396.08,0,0,0,0,0,0
SNSX60.BSE_IDX,01/07/2025,12:34:37,34396.32,0,0,0,0,0,0
SNSX60.BSE_IDX,01/07/2025,12:34:45,34396.82,0,0,0,0,0,0
SNSX60.BSE_IDX,01/07/2025,12:34:53,34398.85,0,0,0,0,0,0
SNSX60.BSE_IDX,01/07/2025,12:35:01,34400.28,0,0,0,0,0,0
SNSX60.BSE_IDX,01/07/2025,12:35:09,34400.4,0,0,0,0,0,0
SNSX60.BSE_IDX,01/07/2025,12:35:17,34401.98,0,0,0,0,0,0
SNSX60.BSE_IDX,01/07/2025,12:35:25,34403.52,0,0,0,0,0,0
SNSX60.BSE_IDX,01/07/2025,12:35:33,34403.6,0,0,0,0,0,0
SNSX60.BSE_IDX,01/07/2025,12:35:41,34402.2,0,0,0,0,0,0
SNSX60.BSE_IDX,01/07/2025,12:35:49,34405.53,0,0,0,0,0,0
SNSX60.BSE_IDX,01/07/2025,12:35:57,34402.72,0,0,0,0,0,0
SNSX60.BSE_IDX,01/07/2025,12:36:05,34406.59,0,0,0,0,0,0
SNSX60.BSE_IDX,01/07/2025,12:36:13,34407.25,0,0,0,0,0,0
SNSX60.BSE_IDX,01/07/2025,12:36:21,34403.94,0,0,0,0,0,0
SNSX60.BSE_IDX,01/07/2025,12:36:29,34404.7,0,0,0,0,0,0
SNSX60.BSE_IDX,01/07/2025,12:36:37,34404.9,0,0,0,0,0,0
SNSX60.BSE_IDX,01/07/2025,12:36:45,34406.94,0,0,0,0,0,0
SNSX60.BSE_IDX,01/07/2025,12:36:53,34407.28,0,0,0,0,0,0
SNSX60.BSE_IDX,01/07/2025,12:37:01,34408.68,0,0,0,0,0,0
SNSX60.BSE_IDX,01/07/2025,12:37:09,34409.27,0,0,0,0,0,0
SNSX60.BSE_IDX,01/07/2025,12:37:17,34407.8,0,0,0,0,0,0
SNSX60.BSE_IDX,01/07/2025,12:37:25,34405.24,0,0,0,0,0,0
SNSX60.BSE_IDX,01/07/2025,12:37:33,34405.23,0,0,0,0,0,0
SNSX60.BSE_IDX,01/07/2025,12:37:41,34402.63,0,0,0,0,0,0
SNSX60.BSE_IDX,01/07/2025,12:37:49,34402.21,0,0,0,0,0,0
SNSX60.BSE_IDX,01/07/2025,12:37:57,34400.49,0,0,0,0,0,0
SNSX60.BSE_IDX,01/07/2025,12:38:05,34401.3,0,0,0,0,0,0
SNSX60.BSE_IDX,01/07/2025,12:38:13,34402.09,0,0,0,0,0,0
SNSX60.BSE_IDX,01/07/2025,12:38:22,34404.32,0,0,0,0,0,0
SNSX60.BSE_IDX,01/07/2025,12:38:29,34403.61,0,0,0,0,0,0
SNSX60.BSE_IDX,01/07/2025,12:38:39,34404.14,0,0,0,0,0,0
SNSX60.BSE_IDX,01/07/2025,12:38:45,34404.13,0,0,0,0,0,0
SNSX60.BSE_IDX,01/07/2025,12:38:53,34405.67,0,0,0,0,0,0
SNSX60.BSE_IDX,01/07/2025,12:39:01,34405.67,0,0,0,0,0,0
SNSX60.BSE_IDX,01/07/2025,12:39:10,34403.05,0,0,0,0,0,0
SNSX60.BSE_IDX,01/07/2025,12:39:18,34404.88,0,0,0,0,0,0
SNSX60.BSE_IDX,01/07/2025,12:39:25,34404.01,0,0,0,0,0,0
SNSX60.BSE_IDX,01/07/2025,12:39:34,34403.66,0,0,0,0,0,0
SNSX60.BSE_IDX,01/07/2025,12:39:42,34405.24,0,0,0,0,0,0
SNSX60.BSE_IDX,01/07/2025,12:39:49,34404.63,0,0,0,0,0,0
SNSX60.BSE_IDX,01/07/2025,12:39:57,34404.74,0,0,0,0,0,0
SNSX60.BSE_IDX,01/07/2025,12:40:05,34406.59,0,0,0,0,0,0
SNSX60.BSE_IDX,01/07/2025,12:40:14,34404.84,0,0,0,0,0,0
SNSX60.BSE_IDX,01/07/2025,12:40:21,34404.68,0,0,0,0,0,0
SNSX60.BSE_IDX,01/07/2025,12:40:29,34404.18,0,0,0,0,0,0
SNSX60.BSE_IDX,01/07/2025,12:40:37,34404.97,0,0,0,0,0,0
SNSX60.BSE_IDX,01/07/2025,12:40:45,34404.04,0,0,0,0,0,0
SNSX60.BSE_IDX,01/07/2025,12:40:54,34404.69,0,0,0,0,0,0
SNSX60.BSE_IDX,01/07/2025,12:41:01,34404.1,0,0,0,0,0,0
SNSX60.BSE_IDX,01/07/2025,12:41:09,34403.14,0,0,0,0,0,0
SNSX60.BSE_IDX,01/07/2025,12:41:17,34403.7,0,0,0,0,0,0
SNSX60.BSE_IDX,01/07/2025,12:41:25,34402.92,0,0,0,0,0,0
SNSX60.BSE_IDX,01/07/2025,12:41:33,34402.86,0,0,0,0,0,0
SNSX60.BSE_IDX,01/07/2025,12:41:42,34403.37,0,0,0,0,0,0
SNSX60.BSE_IDX,01/07/2025,12:41:50,34405.83,0,0,0,0,0,0
SNSX60.BSE_IDX,01/07/2025,12:41:58,34405.29,0,0,0,0,0,0
SNSX60.BSE_IDX,01/07/2025,12:42:05,34403.84,0,0,0,0,0,0
SNSX60.BSE_IDX,01/07/2025,12:42:13,34404.81,0,0,0,0,0,0
SNSX60.BSE_IDX,01/07/2025,12:42:21,34404.24,0,0,0,0,0,0
SNSX60.BSE_IDX,01/07/2025,12:42:29,34406.68,0,0,0,0,0,0
SNSX60.BSE_IDX,01/07/2025,12:42:37,34405.33,0,0,0,0,0,0
SNSX60.BSE_IDX,01/07/2025,12:42:46,34405.49,0,0,0,0,0,0
SNSX60.BSE_IDX,01/07/2025,12:42:53,34404.94,0,0,0,0,0,0
SNSX60.BSE_IDX,01/07/2025,12:43:01,34406.2,0,0,0,0,0,0
SNSX60.BSE_IDX,01/07/2025,12:43:10,34406.11,0,0,0,0,0,0
SNSX60.BSE_IDX,01/07/2025,12:43:17,34406.22,0,0,0,0,0,0
SNSX60.BSE_IDX,01/07/2025,12:43:26,34406.87,0,0,0,0,0,0
SNSX60.BSE_IDX,01/07/2025,12:43:34,34406.1,0,0,0,0,0,0
SNSX60.BSE_IDX,01/07/2025,12:43:42,34402.02,0,0,0,0,0,0
SNSX60.BSE_IDX,01/07/2025,12:43:49,34401.69,0,0,0,0,0,0
SNSX60.BSE_IDX,01/07/2025,12:43:58,34401.48,0,0,0,0,0,0
SNSX60.BSE_IDX,01/07/2025,12:44:05,34402.99,0,0,0,0,0,0
SNSX60.BSE_IDX,01/07/2025,12:44:14,34402.47,0,0,0,0,0,0
SNSX60.BSE_IDX,01/07/2025,12:44:22,34399.51,0,0,0,0,0,0
SNSX60.BSE_IDX,01/07/2025,12:44:29,34399.07,0,0,0,0,0,0
SNSX60.BSE_IDX,01/07/2025,12:44:38,34397.99,0,0,0,0,0,0
SNSX60.BSE_IDX,01/07/2025,12:44:46,34399.07,0,0,0,0,0,0
SNSX60.BSE_IDX,01/07/2025,12:44:53,34397.14,0,0,0,0,0,0
SNSX60.BSE_IDX,01/07/2025,12:45:01,34397.92,0,0,0,0,0,0
SNSX60.BSE_IDX,01/07/2025,12:45:11,34398,0,0,0,0,0,0
SNSX60.BSE_IDX,01/07/2025,12:45:18,34396.46,0,0,0,0,0,0
SNSX60.BSE_IDX,01/07/2025,12:45:26,34395.9,0,0,0,0,0,0
SNSX60.BSE_IDX,01/07/2025,12:45:34,34396.59,0,0,0,0,0,0
SNSX60.BSE_IDX,01/07/2025,12:45:42,34394.71,0,0,0,0,0,0
SNSX60.BSE_IDX,01/07/2025,12:45:50,34396.74,0,0,0,0,0,0
SNSX60.BSE_IDX,01/07/2025,12:45:58,34395.9,0,0,0,0,0,0
SNSX60.BSE_IDX,01/07/2025,12:46:06,34396.92,0,0,0,0,0,0
SNSX60.BSE_IDX,01/07/2025,12:46:14,34395.56,0,0,0,0,0,0
SNSX60.BSE_IDX,01/07/2025,12:46:22,34396.76,0,0,0,0,0,0
SNSX60.BSE_IDX,01/07/2025,12:46:30,34394.96,0,0,0,0,0,0
SNSX60.BSE_IDX,01/07/2025,12:46:38,34394.78,0,0,0,0,0,0
SNSX60.BSE_IDX,01/07/2025,12:46:46,34396.24,0,0,0,0,0,0
SNSX60.BSE_IDX,01/07/2025,12:46:54,34393.56,0,0,0,0,0,0
SNSX60.BSE_IDX,01/07/2025,12:47:02,34393.76,0,0,0,0,0,0
SNSX60.BSE_IDX,01/07/2025,12:47:10,34393.53,0,0,0,0,0,0
SNSX60.BSE_IDX,01/07/2025,12:47:18,34393.65,0,0,0,0,0,0
SNSX60.BSE_IDX,01/07/2025,12:47:26,34394.03,0,0,0,0,0,0
SNSX60.BSE_IDX,01/07/2025,12:47:34,34395.3,0,0,0,0,0,0
SNSX60.BSE_IDX,01/07/2025,12:47:42,34392.87,0,0,0,0,0,0
SNSX60.BSE_IDX,01/07/2025,12:47:50,34395.26,0,0,0,0,0,0
SNSX60.BSE_IDX,01/07/2025,12:47:58,34395.92,0,0,0,0,0,0
SNSX60.BSE_IDX,01/07/2025,12:48:06,34397.02,0,0,0,0,0,0
SNSX60.BSE_IDX,01/07/2025,12:48:14,34398.03,0,0,0,0,0,0
SNSX60.BSE_IDX,01/07/2025,12:48:22,34397.94,0,0,0,0,0,0
SNSX60.BSE_IDX,01/07/2025,12:48:30,34400.44,0,0,0,0,0,0
SNSX60.BSE_IDX,01/07/2025,12:48:38,34400.01,0,0,0,0,0,0
SNSX60.BSE_IDX,01/07/2025,12:48:46,34398.93,0,0,0,0,0,0
SNSX60.BSE_IDX,01/07/2025,12:48:54,34399.76,0,0,0,0,0,0
SNSX60.BSE_IDX,01/07/2025,12:49:02,34399.36,0,0,0,0,0,0
SNSX60.BSE_IDX,01/07/2025,12:49:10,34400.03,0,0,0,0,0,0
SNSX60.BSE_IDX,01/07/2025,12:49:18,34399.51,0,0,0,0,0,0
SNSX60.BSE_IDX,01/07/2025,12:49:26,34399.78,0,0,0,0,0,0
SNSX60.BSE_IDX,01/07/2025,12:49:34,34399.15,0,0,0,0,0,0
SNSX60.BSE_IDX,01/07/2025,12:49:42,34400.27,0,0,0,0,0,0
SNSX60.BSE_IDX,01/07/2025,12:49:50,34401.64,0,0,0,0,0,0
SNSX60.BSE_IDX,01/07/2025,12:49:58,34402.67,0,0,0,0,0,0
SNSX60.BSE_IDX,01/07/2025,12:50:06,34403.07,0,0,0,0,0,0
SNSX60.BSE_IDX,01/07/2025,12:50:14,34402.67,0,0,0,0,0,0
SNSX60.BSE_IDX,01/07/2025,12:50:22,34404.44,0,0,0,0,0,0
SNSX60.BSE_IDX,01/07/2025,12:50:30,34404.95,0,0,0,0,0,0
SNSX60.BSE_IDX,01/07/2025,12:50:38,34404.12,0,0,0,0,0,0
SNSX60.BSE_IDX,01/07/2025,12:50:47,34405.51,0,0,0,0,0,0
SNSX60.BSE_IDX,01/07/2025,12:50:54,34405.24,0,0,0,0,0,0
SNSX60.BSE_IDX,01/07/2025,12:51:02,34405.4,0,0,0,0,0,0
SNSX60.BSE_IDX,01/07/2025,12:51:10,34406.96,0,0,0,0,0,0
SNSX60.BSE_IDX,01/07/2025,12:51:19,34408.31,0,0,0,0,0,0
SNSX60.BSE_IDX,01/07/2025,12:51:26,34406.64,0,0,0,0,0,0
SNSX60.BSE_IDX,01/07/2025,12:51:34,34407.24,0,0,0,0,0,0
SNSX60.BSE_IDX,01/07/2025,12:51:42,34406.75,0,0,0,0,0,0
SNSX60.BSE_IDX,01/07/2025,12:51:50,34405.53,0,0,0,0,0,0
SNSX60.BSE_IDX,01/07/2025,12:51:58,34406.07,0,0,0,0,0,0
SNSX60.BSE_IDX,01/07/2025,12:52:06,34404.85,0,0,0,0,0,0
SNSX60.BSE_IDX,01/07/2025,12:52:14,34404.15,0,0,0,0,0,0
SNSX60.BSE_IDX,01/07/2025,12:52:22,34405.57,0,0,0,0,0,0
SNSX60.BSE_IDX,01/07/2025,12:52:30,34406.19,0,0,0,0,0,0
SNSX60.BSE_IDX,01/07/2025,12:52:38,34405.14,0,0,0,0,0,0
SNSX60.BSE_IDX,01/07/2025,12:52:46,34404.62,0,0,0,0,0,0
SNSX60.BSE_IDX,01/07/2025,12:52:54,34404.75,0,0,0,0,0,0
SNSX60.BSE_IDX,01/07/2025,12:53:02,34404.71,0,0,0,0,0,0
SNSX60.BSE_IDX,01/07/2025,12:53:10,34404.52,0,0,0,0,0,0
SNSX60.BSE_IDX,01/07/2025,12:53:18,34403.92,0,0,0,0,0,0
SNSX60.BSE_IDX,01/07/2025,12:53:26,34402.37,0,0,0,0,0,0
SNSX60.BSE_IDX,01/07/2025,12:53:34,34401.39,0,0,0,0,0,0
SNSX60.BSE_IDX,01/07/2025,12:53:42,34398.82,0,0,0,0,0,0
SNSX60.BSE_IDX,01/07/2025,12:53:50,34398.47,0,0,0,0,0,0
SNSX60.BSE_IDX,01/07/2025,12:53:58,34399,0,0,0,0,0,0
SNSX60.BSE_IDX,01/07/2025,12:54:06,34399.47,0,0,0,0,0,0
SNSX60.BSE_IDX,01/07/2025,12:54:14,34397.59,0,0,0,0,0,0
