Ticker,Date,Time,LTP,BuyPrice,BuyQty,SellPrice,SellQty,LTQ,OpenInterest
SNXN30.BSE_IDX,01/07/2025,09:00:00,39366.97,0,0,0,0,0,0
SNXN30.BSE_IDX,01/07/2025,09:00:07,39476.34,0,0,0,0,0,0
SNXN30.BSE_IDX,01/07/2025,09:00:15,39446.89,0,0,0,0,0,0
SNXN30.BSE_IDX,01/07/2025,09:00:23,39573.46,0,0,0,0,0,0
SNXN30.BSE_IDX,01/07/2025,09:00:31,39625.66,0,0,0,0,0,0
SNXN30.BSE_IDX,01/07/2025,09:00:39,39474.09,0,0,0,0,0,0
SNXN30.BSE_IDX,01/07/2025,09:00:47,39464.5,0,0,0,0,0,0
SNXN30.BSE_IDX,01/07/2025,09:00:55,39461.86,0,0,0,0,0,0
SNXN30.BSE_IDX,01/07/2025,09:01:03,39427.64,0,0,0,0,0,0
SNXN30.BSE_IDX,01/07/2025,09:01:11,39440.27,0,0,0,0,0,0
SNXN30.BSE_IDX,01/07/2025,09:01:19,39523.84,0,0,0,0,0,0
SNXN30.BSE_IDX,01/07/2025,09:01:27,39530.76,0,0,0,0,0,0
SNXN30.BSE_IDX,01/07/2025,09:01:35,39530.19,0,0,0,0,0,0
SNXN30.BSE_IDX,01/07/2025,09:01:43,39530.19,0,0,0,0,0,0
SNXN30.BSE_IDX,01/07/2025,09:01:51,39452.59,0,0,0,0,0,0
SNXN30.BSE_IDX,01/07/2025,09:01:59,39406.23,0,0,0,0,0,0
SNXN30.BSE_IDX,01/07/2025,09:02:07,39409.26,0,0,0,0,0,0
SNXN30.BSE_IDX,01/07/2025,09:02:15,39396.52,0,0,0,0,0,0
SNXN30.BSE_IDX,01/07/2025,09:02:23,39396.52,0,0,0,0,0,0
SNXN30.BSE_IDX,01/07/2025,09:02:31,39397.84,0,0,0,0,0,0
SNXN30.BSE_IDX,01/07/2025,09:02:39,39397.05,0,0,0,0,0,0
SNXN30.BSE_IDX,01/07/2025,09:02:47,39347.37,0,0,0,0,0,0
SNXN30.BSE_IDX,01/07/2025,09:02:55,39363.93,0,0,0,0,0,0
SNXN30.BSE_IDX,01/07/2025,09:03:03,39466.85,0,0,0,0,0,0
SNXN30.BSE_IDX,01/07/2025,09:03:11,39461.63,0,0,0,0,0,0
SNXN30.BSE_IDX,01/07/2025,09:03:19,39449.79,0,0,0,0,0,0
SNXN30.BSE_IDX,01/07/2025,09:03:27,39458.7,0,0,0,0,0,0
SNXN30.BSE_IDX,01/07/2025,09:03:35,39459.87,0,0,0,0,0,0
SNXN30.BSE_IDX,01/07/2025,09:03:43,39469.96,0,0,0,0,0,0
SNXN30.BSE_IDX,01/07/2025,09:03:51,39468.87,0,0,0,0,0,0
SNXN30.BSE_IDX,01/07/2025,09:03:59,39488.46,0,0,0,0,0,0
SNXN30.BSE_IDX,01/07/2025,09:04:07,39488.46,0,0,0,0,0,0
SNXN30.BSE_IDX,01/07/2025,09:04:15,39488.46,0,0,0,0,0,0
SNXN30.BSE_IDX,01/07/2025,09:04:23,39488.46,0,0,0,0,0,0
SNXN30.BSE_IDX,01/07/2025,09:04:31,39504.07,0,0,0,0,0,0
SNXN30.BSE_IDX,01/07/2025,09:04:39,39481.71,0,0,0,0,0,0
SNXN30.BSE_IDX,01/07/2025,09:04:47,39497.05,0,0,0,0,0,0
SNXN30.BSE_IDX,01/07/2025,09:04:55,39486.81,0,0,0,0,0,0
SNXN30.BSE_IDX,01/07/2025,09:05:03,39486.34,0,0,0,0,0,0
SNXN30.BSE_IDX,01/07/2025,09:05:11,39492.09,0,0,0,0,0,0
SNXN30.BSE_IDX,01/07/2025,09:05:19,39482.16,0,0,0,0,0,0
SNXN30.BSE_IDX,01/07/2025,09:05:27,39497.82,0,0,0,0,0,0
SNXN30.BSE_IDX,01/07/2025,09:05:35,39508.98,0,0,0,0,0,0
SNXN30.BSE_IDX,01/07/2025,09:05:43,39490.53,0,0,0,0,0,0
SNXN30.BSE_IDX,01/07/2025,09:05:51,39483.14,0,0,0,0,0,0
SNXN30.BSE_IDX,01/07/2025,09:05:59,39478.95,0,0,0,0,0,0
SNXN30.BSE_IDX,01/07/2025,09:06:07,39478.97,0,0,0,0,0,0
SNXN30.BSE_IDX,01/07/2025,09:06:15,39474.84,0,0,0,0,0,0
SNXN30.BSE_IDX,01/07/2025,09:06:23,39479.44,0,0,0,0,0,0
SNXN30.BSE_IDX,01/07/2025,09:06:31,39495.58,0,0,0,0,0,0
SNXN30.BSE_IDX,01/07/2025,09:06:39,39505.51,0,0,0,0,0,0
SNXN30.BSE_IDX,01/07/2025,09:06:47,39502.48,0,0,0,0,0,0
SNXN30.BSE_IDX,01/07/2025,09:06:55,39483.95,0,0,0,0,0,0
SNXN30.BSE_IDX,01/07/2025,09:07:04,39494.14,0,0,0,0,0,0
SNXN30.BSE_IDX,01/07/2025,09:07:11,39494.14,0,0,0,0,0,0
SNXN30.BSE_IDX,01/07/2025,09:07:19,39494.14,0,0,0,0,0,0
SNXN30.BSE_IDX,01/07/2025,09:07:27,39494.14,0,0,0,0,0,0
SNXN30.BSE_IDX,01/07/2025,09:07:35,39494.14,0,0,0,0,0,0
SNXN30.BSE_IDX,01/07/2025,09:07:43,39494.14,0,0,0,0,0,0
SNXN30.BSE_IDX,01/07/2025,09:07:51,39494.14,0,0,0,0,0,0
SNXN30.BSE_IDX,01/07/2025,09:07:59,39494.14,0,0,0,0,0,0
SNXN30.BSE_IDX,01/07/2025,09:08:07,39494.14,0,0,0,0,0,0
SNXN30.BSE_IDX,01/07/2025,09:08:15,39494.14,0,0,0,0,0,0
SNXN30.BSE_IDX,01/07/2025,09:08:23,39494.14,0,0,0,0,0,0
SNXN30.BSE_IDX,01/07/2025,09:08:31,39494.14,0,0,0,0,0,0
SNXN30.BSE_IDX,01/07/2025,09:08:39,39494.14,0,0,0,0,0,0
SNXN30.BSE_IDX,01/07/2025,09:08:47,39494.14,0,0,0,0,0,0
SNXN30.BSE_IDX,01/07/2025,09:08:55,39494.14,0,0,0,0,0,0
SNXN30.BSE_IDX,01/07/2025,09:09:03,39496.1,0,0,0,0,0,0
SNXN30.BSE_IDX,01/07/2025,09:09:11,39496.1,0,0,0,0,0,0
SNXN30.BSE_IDX,01/07/2025,09:09:20,39496.1,0,0,0,0,0,0
SNXN30.BSE_IDX,01/07/2025,09:09:27,39496.1,0,0,0,0,0,0
SNXN30.BSE_IDX,01/07/2025,09:09:36,39496.1,0,0,0,0,0,0
SNXN30.BSE_IDX,01/07/2025,09:09:43,39496.1,0,0,0,0,0,0
SNXN30.BSE_IDX,01/07/2025,09:09:51,39496.1,0,0,0,0,0,0
SNXN30.BSE_IDX,01/07/2025,09:09:59,39496.1,0,0,0,0,0,0
SNXN30.BSE_IDX,01/07/2025,09:10:07,39496.1,0,0,0,0,0,0
SNXN30.BSE_IDX,01/07/2025,09:10:16,39496.1,0,0,0,0,0,0
SNXN30.BSE_IDX,01/07/2025,09:10:24,39496.1,0,0,0,0,0,0
SNXN30.BSE_IDX,01/07/2025,09:10:32,39496.1,0,0,0,0,0,0
SNXN30.BSE_IDX,01/07/2025,09:10:39,39496.1,0,0,0,0,0,0
SNXN30.BSE_IDX,01/07/2025,09:10:47,39496.1,0,0,0,0,0,0
SNXN30.BSE_IDX,01/07/2025,09:10:55,39496.1,0,0,0,0,0,0
SNXN30.BSE_IDX,01/07/2025,09:11:03,39496.1,0,0,0,0,0,0
SNXN30.BSE_IDX,01/07/2025,09:11:11,39496.1,0,0,0,0,0,0
SNXN30.BSE_IDX,01/07/2025,09:11:19,39496.1,0,0,0,0,0,0
SNXN30.BSE_IDX,01/07/2025,09:11:27,39496.1,0,0,0,0,0,0
SNXN30.BSE_IDX,01/07/2025,09:11:35,39496.1,0,0,0,0,0,0
SNXN30.BSE_IDX,01/07/2025,09:11:43,39496.1,0,0,0,0,0,0
SNXN30.BSE_IDX,01/07/2025,09:11:51,39496.1,0,0,0,0,0,0
SNXN30.BSE_IDX,01/07/2025,09:11:59,39496.1,0,0,0,0,0,0
SNXN30.BSE_IDX,01/07/2025,09:12:07,39496.1,0,0,0,0,0,0
SNXN30.BSE_IDX,01/07/2025,09:12:16,39496.1,0,0,0,0,0,0
SNXN30.BSE_IDX,01/07/2025,09:12:23,39496.1,0,0,0,0,0,0
SNXN30.BSE_IDX,01/07/2025,09:12:31,39496.1,0,0,0,0,0,0
SNXN30.BSE_IDX,01/07/2025,09:12:39,39496.1,0,0,0,0,0,0
SNXN30.BSE_IDX,01/07/2025,09:12:47,39496.1,0,0,0,0,0,0
SNXN30.BSE_IDX,01/07/2025,09:12:55,39496.1,0,0,0,0,0,0
SNXN30.BSE_IDX,01/07/2025,09:13:03,39496.1,0,0,0,0,0,0
SNXN30.BSE_IDX,01/07/2025,09:13:11,39496.1,0,0,0,0,0,0
SNXN30.BSE_IDX,01/07/2025,09:13:19,39496.1,0,0,0,0,0,0
SNXN30.BSE_IDX,01/07/2025,09:13:27,39496.1,0,0,0,0,0,0
SNXN30.BSE_IDX,01/07/2025,09:13:35,39496.1,0,0,0,0,0,0
SNXN30.BSE_IDX,01/07/2025,09:13:43,39496.1,0,0,0,0,0,0
SNXN30.BSE_IDX,01/07/2025,09:13:51,39496.1,0,0,0,0,0,0
SNXN30.BSE_IDX,01/07/2025,09:13:59,39496.1,0,0,0,0,0,0
SNXN30.BSE_IDX,01/07/2025,09:14:07,39496.1,0,0,0,0,0,0
SNXN30.BSE_IDX,01/07/2025,09:14:15,39496.1,0,0,0,0,0,0
SNXN30.BSE_IDX,01/07/2025,09:14:23,39496.1,0,0,0,0,0,0
SNXN30.BSE_IDX,01/07/2025,09:14:31,39496.1,0,0,0,0,0,0
SNXN30.BSE_IDX,01/07/2025,09:14:39,39496.1,0,0,0,0,0,0
SNXN30.BSE_IDX,01/07/2025,09:14:47,39496.1,0,0,0,0,0,0
SNXN30.BSE_IDX,01/07/2025,09:14:55,39496.1,0,0,0,0,0,0
SNXN30.BSE_IDX,01/07/2025,09:15:04,39470.84,0,0,0,0,0,0
SNXN30.BSE_IDX,01/07/2025,09:15:11,39471.58,0,0,0,0,0,0
SNXN30.BSE_IDX,01/07/2025,09:15:19,39455.59,0,0,0,0,0,0
SNXN30.BSE_IDX,01/07/2025,09:15:27,39432.7,0,0,0,0,0,0
SNXN30.BSE_IDX,01/07/2025,09:15:35,39433.38,0,0,0,0,0,0
SNXN30.BSE_IDX,01/07/2025,09:15:43,39437.23,0,0,0,0,0,0
SNXN30.BSE_IDX,01/07/2025,09:15:51,39436.02,0,0,0,0,0,0
SNXN30.BSE_IDX,01/07/2025,09:15:59,39427.31,0,0,0,0,0,0
SNXN30.BSE_IDX,01/07/2025,09:16:07,39423.45,0,0,0,0,0,0
SNXN30.BSE_IDX,01/07/2025,09:16:15,39423.29,0,0,0,0,0,0
SNXN30.BSE_IDX,01/07/2025,09:16:24,39419.13,0,0,0,0,0,0
SNXN30.BSE_IDX,01/07/2025,09:16:31,39419.79,0,0,0,0,0,0
SNXN30.BSE_IDX,01/07/2025,09:16:39,39416.72,0,0,0,0,0,0
SNXN30.BSE_IDX,01/07/2025,09:16:48,39418.04,0,0,0,0,0,0
SNXN30.BSE_IDX,01/07/2025,09:16:55,39412.87,0,0,0,0,0,0
SNXN30.BSE_IDX,01/07/2025,09:17:03,39419.08,0,0,0,0,0,0
SNXN30.BSE_IDX,01/07/2025,09:17:12,39413.69,0,0,0,0,0,0
SNXN30.BSE_IDX,01/07/2025,09:17:19,39414.61,0,0,0,0,0,0
SNXN30.BSE_IDX,01/07/2025,09:17:27,39410.69,0,0,0,0,0,0
SNXN30.BSE_IDX,01/07/2025,09:17:35,39412.22,0,0,0,0,0,0
SNXN30.BSE_IDX,01/07/2025,09:17:44,39412.97,0,0,0,0,0,0
SNXN30.BSE_IDX,01/07/2025,09:17:51,39420.8,0,0,0,0,0,0
SNXN30.BSE_IDX,01/07/2025,09:17:59,39421.47,0,0,0,0,0,0
SNXN30.BSE_IDX,01/07/2025,09:18:07,39432.53,0,0,0,0,0,0
SNXN30.BSE_IDX,01/07/2025,09:18:15,39422.87,0,0,0,0,0,0
SNXN30.BSE_IDX,01/07/2025,09:18:23,39424.08,0,0,0,0,0,0
SNXN30.BSE_IDX,01/07/2025,09:18:31,39417.69,0,0,0,0,0,0
SNXN30.BSE_IDX,01/07/2025,09:18:39,39422.65,0,0,0,0,0,0
SNXN30.BSE_IDX,01/07/2025,09:18:47,39424.73,0,0,0,0,0,0
SNXN30.BSE_IDX,01/07/2025,09:18:56,39425.93,0,0,0,0,0,0
SNXN30.BSE_IDX,01/07/2025,09:19:03,39416.35,0,0,0,0,0,0
SNXN30.BSE_IDX,01/07/2025,09:19:11,39405.13,0,0,0,0,0,0
SNXN30.BSE_IDX,01/07/2025,09:19:19,39403.73,0,0,0,0,0,0
SNXN30.BSE_IDX,01/07/2025,09:19:28,39401.86,0,0,0,0,0,0
SNXN30.BSE_IDX,01/07/2025,09:19:35,39403.08,0,0,0,0,0,0
SNXN30.BSE_IDX,01/07/2025,09:19:43,39402.29,0,0,0,0,0,0
SNXN30.BSE_IDX,01/07/2025,09:19:52,39410.15,0,0,0,0,0,0
SNXN30.BSE_IDX,01/07/2025,09:19:59,39413.43,0,0,0,0,0,0
SNXN30.BSE_IDX,01/07/2025,09:20:07,39421.61,0,0,0,0,0,0
SNXN30.BSE_IDX,01/07/2025,09:20:15,39426.73,0,0,0,0,0,0
SNXN30.BSE_IDX,01/07/2025,09:20:24,39421.25,0,0,0,0,0,0
SNXN30.BSE_IDX,01/07/2025,09:20:31,39419.6,0,0,0,0,0,0
SNXN30.BSE_IDX,01/07/2025,09:20:39,39421.41,0,0,0,0,0,0
SNXN30.BSE_IDX,01/07/2025,09:20:47,39421.71,0,0,0,0,0,0
SNXN30.BSE_IDX,01/07/2025,09:20:55,39418.54,0,0,0,0,0,0
SNXN30.BSE_IDX,01/07/2025,09:21:03,39417.98,0,0,0,0,0,0
SNXN30.BSE_IDX,01/07/2025,09:21:11,39421.24,0,0,0,0,0,0
SNXN30.BSE_IDX,01/07/2025,09:21:19,39432.36,0,0,0,0,0,0
SNXN30.BSE_IDX,01/07/2025,09:21:27,39436.4,0,0,0,0,0,0
SNXN30.BSE_IDX,01/07/2025,09:21:36,39432.56,0,0,0,0,0,0
SNXN30.BSE_IDX,01/07/2025,09:21:43,39442.83,0,0,0,0,0,0
SNXN30.BSE_IDX,01/07/2025,09:21:51,39443.08,0,0,0,0,0,0
SNXN30.BSE_IDX,01/07/2025,09:22:00,39445.31,0,0,0,0,0,0
SNXN30.BSE_IDX,01/07/2025,09:22:07,39445.21,0,0,0,0,0,0
SNXN30.BSE_IDX,01/07/2025,09:22:15,39445.29,0,0,0,0,0,0
SNXN30.BSE_IDX,01/07/2025,09:22:23,39449.14,0,0,0,0,0,0
SNXN30.BSE_IDX,01/07/2025,09:22:31,39452.81,0,0,0,0,0,0
SNXN30.BSE_IDX,01/07/2025,09:22:39,39457.21,0,0,0,0,0,0
SNXN30.BSE_IDX,01/07/2025,09:22:47,39460.94,0,0,0,0,0,0
SNXN30.BSE_IDX,01/07/2025,09:22:55,39461.04,0,0,0,0,0,0
SNXN30.BSE_IDX,01/07/2025,09:23:03,39468.52,0,0,0,0,0,0
SNXN30.BSE_IDX,01/07/2025,09:23:11,39467.28,0,0,0,0,0,0
SNXN30.BSE_IDX,01/07/2025,09:23:20,39470.21,0,0,0,0,0,0
SNXN30.BSE_IDX,01/07/2025,09:23:27,39468.12,0,0,0,0,0,0
SNXN30.BSE_IDX,01/07/2025,09:23:35,39468.25,0,0,0,0,0,0
SNXN30.BSE_IDX,01/07/2025,09:23:44,39465.78,0,0,0,0,0,0
SNXN30.BSE_IDX,01/07/2025,09:23:51,39458.75,0,0,0,0,0,0
SNXN30.BSE_IDX,01/07/2025,09:23:59,39461.58,0,0,0,0,0,0
SNXN30.BSE_IDX,01/07/2025,09:24:08,39465.92,0,0,0,0,0,0
SNXN30.BSE_IDX,01/07/2025,09:24:16,39468.67,0,0,0,0,0,0
SNXN30.BSE_IDX,01/07/2025,09:24:23,39464.14,0,0,0,0,0,0
SNXN30.BSE_IDX,01/07/2025,09:24:32,39463.3,0,0,0,0,0,0
SNXN30.BSE_IDX,01/07/2025,09:24:39,39462.19,0,0,0,0,0,0
SNXN30.BSE_IDX,01/07/2025,09:24:48,39463.32,0,0,0,0,0,0
SNXN30.BSE_IDX,01/07/2025,09:24:57,39468.83,0,0,0,0,0,0
SNXN30.BSE_IDX,01/07/2025,09:25:03,39476.79,0,0,0,0,0,0
SNXN30.BSE_IDX,01/07/2025,09:25:12,39477.46,0,0,0,0,0,0
SNXN30.BSE_IDX,01/07/2025,09:25:20,39482.74,0,0,0,0,0,0
SNXN30.BSE_IDX,01/07/2025,09:25:29,39486.44,0,0,0,0,0,0
SNXN30.BSE_IDX,01/07/2025,09:25:35,39489.24,0,0,0,0,0,0
SNXN30.BSE_IDX,01/07/2025,09:25:43,39491.63,0,0,0,0,0,0
SNXN30.BSE_IDX,01/07/2025,09:25:51,39487.19,0,0,0,0,0,0
SNXN30.BSE_IDX,01/07/2025,09:25:59,39483.23,0,0,0,0,0,0
SNXN30.BSE_IDX,01/07/2025,09:26:08,39484.15,0,0,0,0,0,0
SNXN30.BSE_IDX,01/07/2025,09:26:15,39481.09,0,0,0,0,0,0
SNXN30.BSE_IDX,01/07/2025,09:26:24,39483.9,0,0,0,0,0,0
SNXN30.BSE_IDX,01/07/2025,09:26:31,39489.88,0,0,0,0,0,0
SNXN30.BSE_IDX,01/07/2025,09:26:40,39494.38,0,0,0,0,0,0
SNXN30.BSE_IDX,01/07/2025,09:26:48,39498.64,0,0,0,0,0,0
SNXN30.BSE_IDX,01/07/2025,09:26:55,39504.62,0,0,0,0,0,0
SNXN30.BSE_IDX,01/07/2025,09:27:04,39516.96,0,0,0,0,0,0
SNXN30.BSE_IDX,01/07/2025,09:27:12,39516.63,0,0,0,0,0,0
SNXN30.BSE_IDX,01/07/2025,09:27:19,39512.84,0,0,0,0,0,0
SNXN30.BSE_IDX,01/07/2025,09:27:28,39514.2,0,0,0,0,0,0
SNXN30.BSE_IDX,01/07/2025,09:27:36,39511.39,0,0,0,0,0,0
SNXN30.BSE_IDX,01/07/2025,09:27:44,39508.87,0,0,0,0,0,0
SNXN30.BSE_IDX,01/07/2025,09:27:52,39506.72,0,0,0,0,0,0
SNXN30.BSE_IDX,01/07/2025,09:28:00,39509.29,0,0,0,0,0,0
SNXN30.BSE_IDX,01/07/2025,09:28:08,39501.25,0,0,0,0,0,0
SNXN30.BSE_IDX,01/07/2025,09:28:16,39495.11,0,0,0,0,0,0
SNXN30.BSE_IDX,01/07/2025,09:28:24,39494.39,0,0,0,0,0,0
SNXN30.BSE_IDX,01/07/2025,09:28:32,39489.19,0,0,0,0,0,0
SNXN30.BSE_IDX,01/07/2025,09:28:40,39483.25,0,0,0,0,0,0
SNXN30.BSE_IDX,01/07/2025,09:28:48,39484.46,0,0,0,0,0,0
SNXN30.BSE_IDX,01/07/2025,09:28:56,39486.51,0,0,0,0,0,0
SNXN30.BSE_IDX,01/07/2025,09:29:04,39481.84,0,0,0,0,0,0
SNXN30.BSE_IDX,01/07/2025,09:29:12,39479.17,0,0,0,0,0,0
SNXN30.BSE_IDX,01/07/2025,09:29:20,39480.56,0,0,0,0,0,0
SNXN30.BSE_IDX,01/07/2025,09:29:28,39479.58,0,0,0,0,0,0
SNXN30.BSE_IDX,01/07/2025,09:29:36,39481.15,0,0,0,0,0,0
SNXN30.BSE_IDX,01/07/2025,09:29:44,39490.04,0,0,0,0,0,0
SNXN30.BSE_IDX,01/07/2025,09:29:52,39492.77,0,0,0,0,0,0
SNXN30.BSE_IDX,01/07/2025,09:30:00,39496.9,0,0,0,0,0,0
SNXN30.BSE_IDX,01/07/2025,09:30:08,39504.56,0,0,0,0,0,0
SNXN30.BSE_IDX,01/07/2025,09:30:16,39505.48,0,0,0,0,0,0
SNXN30.BSE_IDX,01/07/2025,09:30:24,39508.6,0,0,0,0,0,0
SNXN30.BSE_IDX,01/07/2025,09:30:32,39509.24,0,0,0,0,0,0
SNXN30.BSE_IDX,01/07/2025,09:30:40,39504.99,0,0,0,0,0,0
SNXN30.BSE_IDX,01/07/2025,09:30:48,39509.06,0,0,0,0,0,0
SNXN30.BSE_IDX,01/07/2025,09:30:56,39500.78,0,0,0,0,0,0
SNXN30.BSE_IDX,01/07/2025,09:31:04,39501.56,0,0,0,0,0,0
SNXN30.BSE_IDX,01/07/2025,09:31:12,39496.32,0,0,0,0,0,0
SNXN30.BSE_IDX,01/07/2025,09:31:20,39494.25,0,0,0,0,0,0
SNXN30.BSE_IDX,01/07/2025,09:31:28,39490.02,0,0,0,0,0,0
SNXN30.BSE_IDX,01/07/2025,09:31:36,39488.54,0,0,0,0,0,0
SNXN30.BSE_IDX,01/07/2025,09:31:44,39483.14,0,0,0,0,0,0
SNXN30.BSE_IDX,01/07/2025,09:31:52,39484.7,0,0,0,0,0,0
SNXN30.BSE_IDX,01/07/2025,09:32:00,39486,0,0,0,0,0,0
SNXN30.BSE_IDX,01/07/2025,09:32:08,39482.97,0,0,0,0,0,0
SNXN30.BSE_IDX,01/07/2025,09:32:16,39476.15,0,0,0,0,0,0
SNXN30.BSE_IDX,01/07/2025,09:32:24,39475.72,0,0,0,0,0,0
SNXN30.BSE_IDX,01/07/2025,09:32:32,39475.23,0,0,0,0,0,0
SNXN30.BSE_IDX,01/07/2025,09:32:40,39478.42,0,0,0,0,0,0
SNXN30.BSE_IDX,01/07/2025,09:32:48,39479.72,0,0,0,0,0,0
SNXN30.BSE_IDX,01/07/2025,09:32:56,39488.19,0,0,0,0,0,0
SNXN30.BSE_IDX,01/07/2025,09:33:04,39489.67,0,0,0,0,0,0
SNXN30.BSE_IDX,01/07/2025,09:33:12,39492.45,0,0,0,0,0,0
SNXN30.BSE_IDX,01/07/2025,09:33:20,39495.82,0,0,0,0,0,0
SNXN30.BSE_IDX,01/07/2025,09:33:28,39493.18,0,0,0,0,0,0
SNXN30.BSE_IDX,01/07/2025,09:33:36,39496.69,0,0,0,0,0,0
SNXN30.BSE_IDX,01/07/2025,09:33:44,39493.71,0,0,0,0,0,0
SNXN30.BSE_IDX,01/07/2025,09:33:52,39490.73,0,0,0,0,0,0
SNXN30.BSE_IDX,01/07/2025,09:34:00,39491.99,0,0,0,0,0,0
SNXN30.BSE_IDX,01/07/2025,09:34:08,39493.87,0,0,0,0,0,0
SNXN30.BSE_IDX,01/07/2025,09:34:16,39495.78,0,0,0,0,0,0
SNXN30.BSE_IDX,01/07/2025,09:34:24,39496.13,0,0,0,0,0,0
SNXN30.BSE_IDX,01/07/2025,09:34:32,39499.83,0,0,0,0,0,0
SNXN30.BSE_IDX,01/07/2025,09:34:40,39498.74,0,0,0,0,0,0
SNXN30.BSE_IDX,01/07/2025,09:34:48,39502.32,0,0,0,0,0,0
SNXN30.BSE_IDX,01/07/2025,09:34:56,39502.4,0,0,0,0,0,0
SNXN30.BSE_IDX,01/07/2025,09:35:05,39501.01,0,0,0,0,0,0
SNXN30.BSE_IDX,01/07/2025,09:35:12,39498.85,0,0,0,0,0,0
SNXN30.BSE_IDX,01/07/2025,09:35:20,39498.99,0,0,0,0,0,0
SNXN30.BSE_IDX,01/07/2025,09:35:28,39496.21,0,0,0,0,0,0
SNXN30.BSE_IDX,01/07/2025,09:35:36,39494.34,0,0,0,0,0,0
SNXN30.BSE_IDX,01/07/2025,09:35:44,39498.64,0,0,0,0,0,0
SNXN30.BSE_IDX,01/07/2025,09:35:52,39499.79,0,0,0,0,0,0
SNXN30.BSE_IDX,01/07/2025,09:36:00,39501.4,0,0,0,0,0,0
SNXN30.BSE_IDX,01/07/2025,09:36:08,39499.01,0,0,0,0,0,0
SNXN30.BSE_IDX,01/07/2025,09:36:16,39501.69,0,0,0,0,0,0
SNXN30.BSE_IDX,01/07/2025,09:36:24,39496.72,0,0,0,0,0,0
SNXN30.BSE_IDX,01/07/2025,09:36:33,39494.16,0,0,0,0,0,0
SNXN30.BSE_IDX,01/07/2025,09:36:40,39489.34,0,0,0,0,0,0
SNXN30.BSE_IDX,01/07/2025,09:36:48,39490.66,0,0,0,0,0,0
SNXN30.BSE_IDX,01/07/2025,09:36:56,39492.29,0,0,0,0,0,0
SNXN30.BSE_IDX,01/07/2025,09:37:04,39496.4,0,0,0,0,0,0
SNXN30.BSE_IDX,01/07/2025,09:37:12,39499.7,0,0,0,0,0,0
SNXN30.BSE_IDX,01/07/2025,09:37:20,39493.57,0,0,0,0,0,0
SNXN30.BSE_IDX,01/07/2025,09:37:28,39496.69,0,0,0,0,0,0
SNXN30.BSE_IDX,01/07/2025,09:37:36,39494.17,0,0,0,0,0,0
SNXN30.BSE_IDX,01/07/2025,09:37:44,39492.87,0,0,0,0,0,0
SNXN30.BSE_IDX,01/07/2025,09:37:52,39497.64,0,0,0,0,0,0
SNXN30.BSE_IDX,01/07/2025,09:38:00,39496.33,0,0,0,0,0,0
SNXN30.BSE_IDX,01/07/2025,09:38:08,39495.15,0,0,0,0,0,0
SNXN30.BSE_IDX,01/07/2025,09:38:16,39488.97,0,0,0,0,0,0
SNXN30.BSE_IDX,01/07/2025,09:38:24,39489.79,0,0,0,0,0,0
SNXN30.BSE_IDX,01/07/2025,09:38:32,39486.96,0,0,0,0,0,0
SNXN30.BSE_IDX,01/07/2025,09:38:40,39475.92,0,0,0,0,0,0
SNXN30.BSE_IDX,01/07/2025,09:38:48,39473.09,0,0,0,0,0,0
SNXN30.BSE_IDX,01/07/2025,09:38:56,39471.25,0,0,0,0,0,0
SNXN30.BSE_IDX,01/07/2025,09:39:04,39466.09,0,0,0,0,0,0
SNXN30.BSE_IDX,01/07/2025,09:39:12,39461.58,0,0,0,0,0,0
SNXN30.BSE_IDX,01/07/2025,09:39:20,39461.29,0,0,0,0,0,0
SNXN30.BSE_IDX,01/07/2025,09:39:28,39457.87,0,0,0,0,0,0
SNXN30.BSE_IDX,01/07/2025,09:39:36,39458.88,0,0,0,0,0,0
SNXN30.BSE_IDX,01/07/2025,09:39:44,39462.35,0,0,0,0,0,0
SNXN30.BSE_IDX,01/07/2025,09:39:52,39463.48,0,0,0,0,0,0
SNXN30.BSE_IDX,01/07/2025,09:40:00,39463.3,0,0,0,0,0,0
SNXN30.BSE_IDX,01/07/2025,09:40:08,39465.01,0,0,0,0,0,0
SNXN30.BSE_IDX,01/07/2025,09:40:16,39465.54,0,0,0,0,0,0
SNXN30.BSE_IDX,01/07/2025,09:40:24,39469.01,0,0,0,0,0,0
SNXN30.BSE_IDX,01/07/2025,09:40:32,39468.47,0,0,0,0,0,0
SNXN30.BSE_IDX,01/07/2025,09:40:40,39465.4,0,0,0,0,0,0
SNXN30.BSE_IDX,01/07/2025,09:40:48,39458.22,0,0,0,0,0,0
SNXN30.BSE_IDX,01/07/2025,09:40:56,39457.79,0,0,0,0,0,0
SNXN30.BSE_IDX,01/07/2025,09:41:04,39449.34,0,0,0,0,0,0
SNXN30.BSE_IDX,01/07/2025,09:41:12,39448.91,0,0,0,0,0,0
SNXN30.BSE_IDX,01/07/2025,09:41:20,39455.71,0,0,0,0,0,0
SNXN30.BSE_IDX,01/07/2025,09:41:28,39456.42,0,0,0,0,0,0
SNXN30.BSE_IDX,01/07/2025,09:41:36,39461.36,0,0,0,0,0,0
SNXN30.BSE_IDX,01/07/2025,09:41:44,39461.03,0,0,0,0,0,0
SNXN30.BSE_IDX,01/07/2025,09:41:52,39458.89,0,0,0,0,0,0
SNXN30.BSE_IDX,01/07/2025,09:42:00,39459.35,0,0,0,0,0,0
SNXN30.BSE_IDX,01/07/2025,09:42:08,39461.02,0,0,0,0,0,0
SNXN30.BSE_IDX,01/07/2025,09:42:16,39458.74,0,0,0,0,0,0
SNXN30.BSE_IDX,01/07/2025,09:42:24,39453.55,0,0,0,0,0,0
SNXN30.BSE_IDX,01/07/2025,09:42:32,39459.17,0,0,0,0,0,0
SNXN30.BSE_IDX,01/07/2025,09:42:40,39457.87,0,0,0,0,0,0
SNXN30.BSE_IDX,01/07/2025,09:42:48,39461.9,0,0,0,0,0,0
SNXN30.BSE_IDX,01/07/2025,09:42:56,39462.8,0,0,0,0,0,0
SNXN30.BSE_IDX,01/07/2025,09:43:04,39462.2,0,0,0,0,0,0
SNXN30.BSE_IDX,01/07/2025,09:43:12,39461.42,0,0,0,0,0,0
SNXN30.BSE_IDX,01/07/2025,09:43:20,39455.37,0,0,0,0,0,0
SNXN30.BSE_IDX,01/07/2025,09:43:28,39453.65,0,0,0,0,0,0
SNXN30.BSE_IDX,01/07/2025,09:43:36,39455.09,0,0,0,0,0,0
SNXN30.BSE_IDX,01/07/2025,09:43:44,39455.55,0,0,0,0,0,0
SNXN30.BSE_IDX,01/07/2025,09:43:53,39454.73,0,0,0,0,0,0
SNXN30.BSE_IDX,01/07/2025,09:44:00,39457.11,0,0,0,0,0,0
SNXN30.BSE_IDX,01/07/2025,09:44:08,39453.84,0,0,0,0,0,0
SNXN30.BSE_IDX,01/07/2025,09:44:16,39451.63,0,0,0,0,0,0
SNXN30.BSE_IDX,01/07/2025,09:44:24,39450.57,0,0,0,0,0,0
SNXN30.BSE_IDX,01/07/2025,09:44:32,39451.08,0,0,0,0,0,0
SNXN30.BSE_IDX,01/07/2025,09:44:40,39452.78,0,0,0,0,0,0
SNXN30.BSE_IDX,01/07/2025,09:44:48,39452.86,0,0,0,0,0,0
SNXN30.BSE_IDX,01/07/2025,09:44:56,39447.98,0,0,0,0,0,0
SNXN30.BSE_IDX,01/07/2025,09:45:05,39445.84,0,0,0,0,0,0
SNXN30.BSE_IDX,01/07/2025,09:45:12,39439.94,0,0,0,0,0,0
SNXN30.BSE_IDX,01/07/2025,09:45:20,39435.1,0,0,0,0,0,0
SNXN30.BSE_IDX,01/07/2025,09:45:28,39435.22,0,0,0,0,0,0
SNXN30.BSE_IDX,01/07/2025,09:45:36,39436.91,0,0,0,0,0,0
SNXN30.BSE_IDX,01/07/2025,09:45:44,39429.89,0,0,0,0,0,0
SNXN30.BSE_IDX,01/07/2025,09:45:52,39433.06,0,0,0,0,0,0
SNXN30.BSE_IDX,01/07/2025,09:46:01,39440.94,0,0,0,0,0,0
SNXN30.BSE_IDX,01/07/2025,09:46:08,39434.5,0,0,0,0,0,0
SNXN30.BSE_IDX,01/07/2025,09:46:16,39432.68,0,0,0,0,0,0
SNXN30.BSE_IDX,01/07/2025,09:46:24,39435.52,0,0,0,0,0,0
SNXN30.BSE_IDX,01/07/2025,09:46:32,39436.21,0,0,0,0,0,0
SNXN30.BSE_IDX,01/07/2025,09:46:40,39439.59,0,0,0,0,0,0
SNXN30.BSE_IDX,01/07/2025,09:46:48,39442.59,0,0,0,0,0,0
SNXN30.BSE_IDX,01/07/2025,09:46:56,39442.36,0,0,0,0,0,0
SNXN30.BSE_IDX,01/07/2025,09:47:04,39441.65,0,0,0,0,0,0
SNXN30.BSE_IDX,01/07/2025,09:47:12,39439.21,0,0,0,0,0,0
SNXN30.BSE_IDX,01/07/2025,09:47:20,39436.35,0,0,0,0,0,0
SNXN30.BSE_IDX,01/07/2025,09:47:28,39430.82,0,0,0,0,0,0
SNXN30.BSE_IDX,01/07/2025,09:47:36,39432.36,0,0,0,0,0,0
SNXN30.BSE_IDX,01/07/2025,09:47:44,39432.66,0,0,0,0,0,0
SNXN30.BSE_IDX,01/07/2025,09:47:52,39435.4,0,0,0,0,0,0
SNXN30.BSE_IDX,01/07/2025,09:48:00,39440.16,0,0,0,0,0,0
SNXN30.BSE_IDX,01/07/2025,09:48:08,39440.38,0,0,0,0,0,0
SNXN30.BSE_IDX,01/07/2025,09:48:16,39450.04,0,0,0,0,0,0
SNXN30.BSE_IDX,01/07/2025,09:48:24,39450.04,0,0,0,0,0,0
SNXN30.BSE_IDX,01/07/2025,09:48:32,39454.69,0,0,0,0,0,0
SNXN30.BSE_IDX,01/07/2025,09:48:40,39450.98,0,0,0,0,0,0
SNXN30.BSE_IDX,01/07/2025,09:48:48,39447.24,0,0,0,0,0,0
SNXN30.BSE_IDX,01/07/2025,09:48:56,39448.92,0,0,0,0,0,0
SNXN30.BSE_IDX,01/07/2025,09:49:04,39454.74,0,0,0,0,0,0
SNXN30.BSE_IDX,01/07/2025,09:49:12,39455.88,0,0,0,0,0,0
SNXN30.BSE_IDX,01/07/2025,09:49:20,39459.85,0,0,0,0,0,0
SNXN30.BSE_IDX,01/07/2025,09:49:28,39460.19,0,0,0,0,0,0
SNXN30.BSE_IDX,01/07/2025,09:49:36,39460.84,0,0,0,0,0,0
SNXN30.BSE_IDX,01/07/2025,09:49:44,39461.77,0,0,0,0,0,0
SNXN30.BSE_IDX,01/07/2025,09:49:52,39461.23,0,0,0,0,0,0
SNXN30.BSE_IDX,01/07/2025,09:50:00,39462.36,0,0,0,0,0,0
SNXN30.BSE_IDX,01/07/2025,09:50:08,39469.62,0,0,0,0,0,0
SNXN30.BSE_IDX,01/07/2025,09:50:16,39473.08,0,0,0,0,0,0
SNXN30.BSE_IDX,01/07/2025,09:50:24,39467.16,0,0,0,0,0,0
SNXN30.BSE_IDX,01/07/2025,09:50:32,39462.46,0,0,0,0,0,0
SNXN30.BSE_IDX,01/07/2025,09:50:40,39459.4,0,0,0,0,0,0
SNXN30.BSE_IDX,01/07/2025,09:50:48,39455.26,0,0,0,0,0,0
SNXN30.BSE_IDX,01/07/2025,09:50:57,39450.68,0,0,0,0,0,0
SNXN30.BSE_IDX,01/07/2025,09:51:04,39444.38,0,0,0,0,0,0
SNXN30.BSE_IDX,01/07/2025,09:51:12,39440.4,0,0,0,0,0,0
SNXN30.BSE_IDX,01/07/2025,09:51:20,39436.76,0,0,0,0,0,0
SNXN30.BSE_IDX,01/07/2025,09:51:28,39433.17,0,0,0,0,0,0
SNXN30.BSE_IDX,01/07/2025,09:51:37,39429.37,0,0,0,0,0,0
SNXN30.BSE_IDX,01/07/2025,09:51:44,39433.78,0,0,0,0,0,0
SNXN30.BSE_IDX,01/07/2025,09:51:52,39431.84,0,0,0,0,0,0
SNXN30.BSE_IDX,01/07/2025,09:52:01,39431.63,0,0,0,0,0,0
SNXN30.BSE_IDX,01/07/2025,09:52:08,39429.2,0,0,0,0,0,0
SNXN30.BSE_IDX,01/07/2025,09:52:17,39431.91,0,0,0,0,0,0
SNXN30.BSE_IDX,01/07/2025,09:52:24,39429.76,0,0,0,0,0,0
SNXN30.BSE_IDX,01/07/2025,09:52:32,39430.53,0,0,0,0,0,0
SNXN30.BSE_IDX,01/07/2025,09:52:40,39432.26,0,0,0,0,0,0
SNXN30.BSE_IDX,01/07/2025,09:52:48,39433.87,0,0,0,0,0,0
SNXN30.BSE_IDX,01/07/2025,09:52:57,39432.98,0,0,0,0,0,0
SNXN30.BSE_IDX,01/07/2025,09:53:04,39433.22,0,0,0,0,0,0
SNXN30.BSE_IDX,01/07/2025,09:53:13,39432.82,0,0,0,0,0,0
SNXN30.BSE_IDX,01/07/2025,09:53:20,39434.5,0,0,0,0,0,0
SNXN30.BSE_IDX,01/07/2025,09:53:28,39434.65,0,0,0,0,0,0
SNXN30.BSE_IDX,01/07/2025,09:53:36,39435.84,0,0,0,0,0,0
SNXN30.BSE_IDX,01/07/2025,09:53:44,39433.03,0,0,0,0,0,0
SNXN30.BSE_IDX,01/07/2025,09:53:52,39432.3,0,0,0,0,0,0
SNXN30.BSE_IDX,01/07/2025,09:54:00,39427.02,0,0,0,0,0,0
SNXN30.BSE_IDX,01/07/2025,09:54:08,39421.72,0,0,0,0,0,0
SNXN30.BSE_IDX,01/07/2025,09:54:16,39415.3,0,0,0,0,0,0
SNXN30.BSE_IDX,01/07/2025,09:54:24,39413.44,0,0,0,0,0,0
SNXN30.BSE_IDX,01/07/2025,09:54:32,39417.08,0,0,0,0,0,0
SNXN30.BSE_IDX,01/07/2025,09:54:40,39413.06,0,0,0,0,0,0
SNXN30.BSE_IDX,01/07/2025,09:54:48,39412.24,0,0,0,0,0,0
SNXN30.BSE_IDX,01/07/2025,09:54:56,39411.89,0,0,0,0,0,0
SNXN30.BSE_IDX,01/07/2025,09:55:04,39413.23,0,0,0,0,0,0
SNXN30.BSE_IDX,01/07/2025,09:55:12,39411.89,0,0,0,0,0,0
SNXN30.BSE_IDX,01/07/2025,09:55:20,39414.38,0,0,0,0,0,0
SNXN30.BSE_IDX,01/07/2025,09:55:28,39410.31,0,0,0,0,0,0
SNXN30.BSE_IDX,01/07/2025,09:55:36,39412.61,0,0,0,0,0,0
SNXN30.BSE_IDX,01/07/2025,09:55:44,39400.95,0,0,0,0,0,0
SNXN30.BSE_IDX,01/07/2025,09:55:52,39402.41,0,0,0,0,0,0
SNXN30.BSE_IDX,01/07/2025,09:56:00,39402.22,0,0,0,0,0,0
SNXN30.BSE_IDX,01/07/2025,09:56:08,39403.81,0,0,0,0,0,0
SNXN30.BSE_IDX,01/07/2025,09:56:16,39406.02,0,0,0,0,0,0
SNXN30.BSE_IDX,01/07/2025,09:56:25,39405.03,0,0,0,0,0,0
SNXN30.BSE_IDX,01/07/2025,09:56:33,39404.41,0,0,0,0,0,0
SNXN30.BSE_IDX,01/07/2025,09:56:41,39403.54,0,0,0,0,0,0
SNXN30.BSE_IDX,01/07/2025,09:56:48,39406.75,0,0,0,0,0,0
SNXN30.BSE_IDX,01/07/2025,09:56:57,39403.26,0,0,0,0,0,0
SNXN30.BSE_IDX,01/07/2025,09:57:04,39404.32,0,0,0,0,0,0
SNXN30.BSE_IDX,01/07/2025,09:57:12,39409.73,0,0,0,0,0,0
SNXN30.BSE_IDX,01/07/2025,09:57:20,39414.97,0,0,0,0,0,0
SNXN30.BSE_IDX,01/07/2025,09:57:28,39414.16,0,0,0,0,0,0
SNXN30.BSE_IDX,01/07/2025,09:57:36,39414.63,0,0,0,0,0,0
SNXN30.BSE_IDX,01/07/2025,09:57:44,39422.37,0,0,0,0,0,0
SNXN30.BSE_IDX,01/07/2025,09:57:52,39421.53,0,0,0,0,0,0
SNXN30.BSE_IDX,01/07/2025,09:58:00,39422.32,0,0,0,0,0,0
SNXN30.BSE_IDX,01/07/2025,09:58:08,39424.43,0,0,0,0,0,0
SNXN30.BSE_IDX,01/07/2025,09:58:16,39425.93,0,0,0,0,0,0
SNXN30.BSE_IDX,01/07/2025,09:58:24,39426.21,0,0,0,0,0,0
SNXN30.BSE_IDX,01/07/2025,09:58:32,39425.88,0,0,0,0,0,0
SNXN30.BSE_IDX,01/07/2025,09:58:40,39430.71,0,0,0,0,0,0
SNXN30.BSE_IDX,01/07/2025,09:58:48,39435.86,0,0,0,0,0,0
SNXN30.BSE_IDX,01/07/2025,09:58:56,39437.13,0,0,0,0,0,0
SNXN30.BSE_IDX,01/07/2025,09:59:05,39436.91,0,0,0,0,0,0
SNXN30.BSE_IDX,01/07/2025,09:59:12,39436.49,0,0,0,0,0,0
SNXN30.BSE_IDX,01/07/2025,09:59:20,39439.1,0,0,0,0,0,0
SNXN30.BSE_IDX,01/07/2025,09:59:28,39438.99,0,0,0,0,0,0
SNXN30.BSE_IDX,01/07/2025,09:59:36,39437.92,0,0,0,0,0,0
SNXN30.BSE_IDX,01/07/2025,09:59:45,39440.36,0,0,0,0,0,0
SNXN30.BSE_IDX,01/07/2025,09:59:52,39440.97,0,0,0,0,0,0
SNXN30.BSE_IDX,01/07/2025,10:00:01,39439.97,0,0,0,0,0,0
SNXN30.BSE_IDX,01/07/2025,10:00:08,39445.99,0,0,0,0,0,0
SNXN30.BSE_IDX,01/07/2025,10:00:16,39446.38,0,0,0,0,0,0
SNXN30.BSE_IDX,01/07/2025,10:00:25,39444.26,0,0,0,0,0,0
SNXN30.BSE_IDX,01/07/2025,10:00:32,39443.39,0,0,0,0,0,0
SNXN30.BSE_IDX,01/07/2025,10:00:40,39440.66,0,0,0,0,0,0
SNXN30.BSE_IDX,01/07/2025,10:00:49,39437.46,0,0,0,0,0,0
SNXN30.BSE_IDX,01/07/2025,10:00:57,39438.2,0,0,0,0,0,0
SNXN30.BSE_IDX,01/07/2025,10:01:04,39434.24,0,0,0,0,0,0
SNXN30.BSE_IDX,01/07/2025,10:01:12,39433.05,0,0,0,0,0,0
SNXN30.BSE_IDX,01/07/2025,10:01:21,39433.16,0,0,0,0,0,0
SNXN30.BSE_IDX,01/07/2025,10:01:29,39429.26,0,0,0,0,0,0
SNXN30.BSE_IDX,01/07/2025,10:01:37,39433.23,0,0,0,0,0,0
SNXN30.BSE_IDX,01/07/2025,10:01:44,39435.04,0,0,0,0,0,0
SNXN30.BSE_IDX,01/07/2025,10:01:52,39432.42,0,0,0,0,0,0
SNXN30.BSE_IDX,01/07/2025,10:02:00,39432.67,0,0,0,0,0,0
SNXN30.BSE_IDX,01/07/2025,10:02:09,39428.91,0,0,0,0,0,0
SNXN30.BSE_IDX,01/07/2025,10:02:17,39428.97,0,0,0,0,0,0
SNXN30.BSE_IDX,01/07/2025,10:02:24,39426.48,0,0,0,0,0,0
SNXN30.BSE_IDX,01/07/2025,10:02:32,39422.89,0,0,0,0,0,0
SNXN30.BSE_IDX,01/07/2025,10:02:41,39422.82,0,0,0,0,0,0
SNXN30.BSE_IDX,01/07/2025,10:02:49,39425.29,0,0,0,0,0,0
SNXN30.BSE_IDX,01/07/2025,10:02:57,39422.85,0,0,0,0,0,0
SNXN30.BSE_IDX,01/07/2025,10:03:04,39417.99,0,0,0,0,0,0
SNXN30.BSE_IDX,01/07/2025,10:03:13,39415.68,0,0,0,0,0,0
SNXN30.BSE_IDX,01/07/2025,10:03:20,39408.64,0,0,0,0,0,0
SNXN30.BSE_IDX,01/07/2025,10:03:29,39409.26,0,0,0,0,0,0
SNXN30.BSE_IDX,01/07/2025,10:03:37,39407.48,0,0,0,0,0,0
SNXN30.BSE_IDX,01/07/2025,10:03:45,39408.28,0,0,0,0,0,0
SNXN30.BSE_IDX,01/07/2025,10:03:53,39408.19,0,0,0,0,0,0
SNXN30.BSE_IDX,01/07/2025,10:04:01,39408.85,0,0,0,0,0,0
SNXN30.BSE_IDX,01/07/2025,10:04:09,39406.92,0,0,0,0,0,0
SNXN30.BSE_IDX,01/07/2025,10:04:17,39408.9,0,0,0,0,0,0
SNXN30.BSE_IDX,01/07/2025,10:04:25,39410.68,0,0,0,0,0,0
SNXN30.BSE_IDX,01/07/2025,10:04:33,39410.72,0,0,0,0,0,0
SNXN30.BSE_IDX,01/07/2025,10:04:41,39409.09,0,0,0,0,0,0
SNXN30.BSE_IDX,01/07/2025,10:04:50,39407.98,0,0,0,0,0,0
SNXN30.BSE_IDX,01/07/2025,10:04:57,39411.25,0,0,0,0,0,0
SNXN30.BSE_IDX,01/07/2025,10:05:05,39405.9,0,0,0,0,0,0
SNXN30.BSE_IDX,01/07/2025,10:05:14,39402.4,0,0,0,0,0,0
SNXN30.BSE_IDX,01/07/2025,10:05:21,39407.5,0,0,0,0,0,0
SNXN30.BSE_IDX,01/07/2025,10:05:29,39409.14,0,0,0,0,0,0
SNXN30.BSE_IDX,01/07/2025,10:05:37,39406.85,0,0,0,0,0,0
SNXN30.BSE_IDX,01/07/2025,10:05:45,39413.34,0,0,0,0,0,0
SNXN30.BSE_IDX,01/07/2025,10:05:53,39415.48,0,0,0,0,0,0
SNXN30.BSE_IDX,01/07/2025,10:06:01,39419.97,0,0,0,0,0,0
SNXN30.BSE_IDX,01/07/2025,10:06:09,39422.42,0,0,0,0,0,0
SNXN30.BSE_IDX,01/07/2025,10:06:17,39421.45,0,0,0,0,0,0
SNXN30.BSE_IDX,01/07/2025,10:06:25,39425.55,0,0,0,0,0,0
SNXN30.BSE_IDX,01/07/2025,10:06:33,39426.25,0,0,0,0,0,0
SNXN30.BSE_IDX,01/07/2025,10:06:41,39426.71,0,0,0,0,0,0
SNXN30.BSE_IDX,01/07/2025,10:06:49,39422.31,0,0,0,0,0,0
SNXN30.BSE_IDX,01/07/2025,10:06:57,39418.56,0,0,0,0,0,0
SNXN30.BSE_IDX,01/07/2025,10:07:05,39424.34,0,0,0,0,0,0
SNXN30.BSE_IDX,01/07/2025,10:07:13,39425.43,0,0,0,0,0,0
SNXN30.BSE_IDX,01/07/2025,10:07:21,39426.98,0,0,0,0,0,0
SNXN30.BSE_IDX,01/07/2025,10:07:29,39431.02,0,0,0,0,0,0
SNXN30.BSE_IDX,01/07/2025,10:07:37,39434.57,0,0,0,0,0,0
SNXN30.BSE_IDX,01/07/2025,10:07:45,39436.93,0,0,0,0,0,0
SNXN30.BSE_IDX,01/07/2025,10:07:53,39433.08,0,0,0,0,0,0
SNXN30.BSE_IDX,01/07/2025,10:08:01,39434.25,0,0,0,0,0,0
SNXN30.BSE_IDX,01/07/2025,10:08:09,39437.02,0,0,0,0,0,0
SNXN30.BSE_IDX,01/07/2025,10:08:17,39436.68,0,0,0,0,0,0
SNXN30.BSE_IDX,01/07/2025,10:08:25,39442.09,0,0,0,0,0,0
SNXN30.BSE_IDX,01/07/2025,10:08:33,39439.14,0,0,0,0,0,0
SNXN30.BSE_IDX,01/07/2025,10:08:41,39438.13,0,0,0,0,0,0
SNXN30.BSE_IDX,01/07/2025,10:08:49,39437.59,0,0,0,0,0,0
SNXN30.BSE_IDX,01/07/2025,10:08:57,39427.58,0,0,0,0,0,0
SNXN30.BSE_IDX,01/07/2025,10:09:05,39417.14,0,0,0,0,0,0
SNXN30.BSE_IDX,01/07/2025,10:09:13,39415.51,0,0,0,0,0,0
SNXN30.BSE_IDX,01/07/2025,10:09:21,39412.32,0,0,0,0,0,0
SNXN30.BSE_IDX,01/07/2025,10:09:29,39415.74,0,0,0,0,0,0
SNXN30.BSE_IDX,01/07/2025,10:09:37,39416.62,0,0,0,0,0,0
SNXN30.BSE_IDX,01/07/2025,10:09:45,39413.84,0,0,0,0,0,0
SNXN30.BSE_IDX,01/07/2025,10:09:53,39417.32,0,0,0,0,0,0
SNXN30.BSE_IDX,01/07/2025,10:10:01,39417,0,0,0,0,0,0
SNXN30.BSE_IDX,01/07/2025,10:10:09,39416.2,0,0,0,0,0,0
SNXN30.BSE_IDX,01/07/2025,10:10:17,39416.07,0,0,0,0,0,0
SNXN30.BSE_IDX,01/07/2025,10:10:25,39420.84,0,0,0,0,0,0
SNXN30.BSE_IDX,01/07/2025,10:10:33,39415.2,0,0,0,0,0,0
SNXN30.BSE_IDX,01/07/2025,10:10:41,39416.97,0,0,0,0,0,0
SNXN30.BSE_IDX,01/07/2025,10:10:49,39418.37,0,0,0,0,0,0
SNXN30.BSE_IDX,01/07/2025,10:10:57,39416.67,0,0,0,0,0,0
SNXN30.BSE_IDX,01/07/2025,10:11:05,39411.14,0,0,0,0,0,0
SNXN30.BSE_IDX,01/07/2025,10:11:13,39413.49,0,0,0,0,0,0
SNXN30.BSE_IDX,01/07/2025,10:11:22,39411.61,0,0,0,0,0,0
SNXN30.BSE_IDX,01/07/2025,10:11:29,39410.46,0,0,0,0,0,0
SNXN30.BSE_IDX,01/07/2025,10:11:37,39408.24,0,0,0,0,0,0
SNXN30.BSE_IDX,01/07/2025,10:11:45,39410.17,0,0,0,0,0,0
SNXN30.BSE_IDX,01/07/2025,10:11:53,39407.19,0,0,0,0,0,0
SNXN30.BSE_IDX,01/07/2025,10:12:01,39405.21,0,0,0,0,0,0
SNXN30.BSE_IDX,01/07/2025,10:12:09,39398.69,0,0,0,0,0,0
SNXN30.BSE_IDX,01/07/2025,10:12:17,39390.73,0,0,0,0,0,0
SNXN30.BSE_IDX,01/07/2025,10:12:25,39383.9,0,0,0,0,0,0
SNXN30.BSE_IDX,01/07/2025,10:12:33,39386.59,0,0,0,0,0,0
SNXN30.BSE_IDX,01/07/2025,10:12:41,39382.76,0,0,0,0,0,0
SNXN30.BSE_IDX,01/07/2025,10:12:49,39382.39,0,0,0,0,0,0
SNXN30.BSE_IDX,01/07/2025,10:12:57,39378.89,0,0,0,0,0,0
SNXN30.BSE_IDX,01/07/2025,10:13:05,39377.16,0,0,0,0,0,0
SNXN30.BSE_IDX,01/07/2025,10:13:13,39374.9,0,0,0,0,0,0
SNXN30.BSE_IDX,01/07/2025,10:13:21,39377.65,0,0,0,0,0,0
SNXN30.BSE_IDX,01/07/2025,10:13:29,39369.85,0,0,0,0,0,0
SNXN30.BSE_IDX,01/07/2025,10:13:37,39365.23,0,0,0,0,0,0
SNXN30.BSE_IDX,01/07/2025,10:13:45,39364.06,0,0,0,0,0,0
SNXN30.BSE_IDX,01/07/2025,10:13:53,39361.05,0,0,0,0,0,0
SNXN30.BSE_IDX,01/07/2025,10:14:01,39349.54,0,0,0,0,0,0
SNXN30.BSE_IDX,01/07/2025,10:14:09,39350.22,0,0,0,0,0,0
SNXN30.BSE_IDX,01/07/2025,10:14:17,39348.25,0,0,0,0,0,0
SNXN30.BSE_IDX,01/07/2025,10:14:25,39342.79,0,0,0,0,0,0
SNXN30.BSE_IDX,01/07/2025,10:14:33,39341.51,0,0,0,0,0,0
SNXN30.BSE_IDX,01/07/2025,10:14:41,39337.36,0,0,0,0,0,0
SNXN30.BSE_IDX,01/07/2025,10:14:49,39334.41,0,0,0,0,0,0
SNXN30.BSE_IDX,01/07/2025,10:14:57,39333.73,0,0,0,0,0,0
SNXN30.BSE_IDX,01/07/2025,10:15:05,39329.89,0,0,0,0,0,0
SNXN30.BSE_IDX,01/07/2025,10:15:13,39324.27,0,0,0,0,0,0
SNXN30.BSE_IDX,01/07/2025,10:15:21,39324.85,0,0,0,0,0,0
SNXN30.BSE_IDX,01/07/2025,10:15:29,39325.05,0,0,0,0,0,0
SNXN30.BSE_IDX,01/07/2025,10:15:37,39325.17,0,0,0,0,0,0
SNXN30.BSE_IDX,01/07/2025,10:15:45,39324.6,0,0,0,0,0,0
SNXN30.BSE_IDX,01/07/2025,10:15:53,39324.6,0,0,0,0,0,0
SNXN30.BSE_IDX,01/07/2025,10:16:01,39319.31,0,0,0,0,0,0
SNXN30.BSE_IDX,01/07/2025,10:16:09,39326.22,0,0,0,0,0,0
SNXN30.BSE_IDX,01/07/2025,10:16:17,39327.72,0,0,0,0,0,0
SNXN30.BSE_IDX,01/07/2025,10:16:25,39329.39,0,0,0,0,0,0
SNXN30.BSE_IDX,01/07/2025,10:16:33,39329.18,0,0,0,0,0,0
SNXN30.BSE_IDX,01/07/2025,10:16:41,39323.51,0,0,0,0,0,0
SNXN30.BSE_IDX,01/07/2025,10:16:49,39324.81,0,0,0,0,0,0
SNXN30.BSE_IDX,01/07/2025,10:16:57,39324.86,0,0,0,0,0,0
SNXN30.BSE_IDX,01/07/2025,10:17:05,39324.16,0,0,0,0,0,0
SNXN30.BSE_IDX,01/07/2025,10:17:13,39321.78,0,0,0,0,0,0
SNXN30.BSE_IDX,01/07/2025,10:17:21,39324.82,0,0,0,0,0,0
SNXN30.BSE_IDX,01/07/2025,10:17:29,39328.15,0,0,0,0,0,0
SNXN30.BSE_IDX,01/07/2025,10:17:37,39336.68,0,0,0,0,0,0
SNXN30.BSE_IDX,01/07/2025,10:17:45,39341.6,0,0,0,0,0,0
SNXN30.BSE_IDX,01/07/2025,10:17:53,39344.87,0,0,0,0,0,0
SNXN30.BSE_IDX,01/07/2025,10:18:01,39342.97,0,0,0,0,0,0
SNXN30.BSE_IDX,01/07/2025,10:18:09,39347.33,0,0,0,0,0,0
SNXN30.BSE_IDX,01/07/2025,10:18:17,39350.99,0,0,0,0,0,0
SNXN30.BSE_IDX,01/07/2025,10:18:25,39350.85,0,0,0,0,0,0
SNXN30.BSE_IDX,01/07/2025,10:18:33,39351.17,0,0,0,0,0,0
SNXN30.BSE_IDX,01/07/2025,10:18:41,39346.18,0,0,0,0,0,0
SNXN30.BSE_IDX,01/07/2025,10:18:49,39341.88,0,0,0,0,0,0
SNXN30.BSE_IDX,01/07/2025,10:18:57,39340.21,0,0,0,0,0,0
SNXN30.BSE_IDX,01/07/2025,10:19:05,39338.78,0,0,0,0,0,0
SNXN30.BSE_IDX,01/07/2025,10:19:13,39335.6,0,0,0,0,0,0
SNXN30.BSE_IDX,01/07/2025,10:19:21,39336.88,0,0,0,0,0,0
SNXN30.BSE_IDX,01/07/2025,10:19:29,39340.17,0,0,0,0,0,0
SNXN30.BSE_IDX,01/07/2025,10:19:37,39336.36,0,0,0,0,0,0
SNXN30.BSE_IDX,01/07/2025,10:19:45,39333.44,0,0,0,0,0,0
SNXN30.BSE_IDX,01/07/2025,10:19:53,39329.36,0,0,0,0,0,0
SNXN30.BSE_IDX,01/07/2025,10:20:01,39332.57,0,0,0,0,0,0
SNXN30.BSE_IDX,01/07/2025,10:20:09,39333.54,0,0,0,0,0,0
SNXN30.BSE_IDX,01/07/2025,10:20:17,39333.5,0,0,0,0,0,0
SNXN30.BSE_IDX,01/07/2025,10:20:25,39337.31,0,0,0,0,0,0
SNXN30.BSE_IDX,01/07/2025,10:20:33,39338.01,0,0,0,0,0,0
SNXN30.BSE_IDX,01/07/2025,10:20:41,39336.32,0,0,0,0,0,0
SNXN30.BSE_IDX,01/07/2025,10:20:49,39334.86,0,0,0,0,0,0
SNXN30.BSE_IDX,01/07/2025,10:20:57,39335.02,0,0,0,0,0,0
SNXN30.BSE_IDX,01/07/2025,10:21:05,39336.1,0,0,0,0,0,0
SNXN30.BSE_IDX,01/07/2025,10:21:13,39329.62,0,0,0,0,0,0
SNXN30.BSE_IDX,01/07/2025,10:21:21,39328.23,0,0,0,0,0,0
SNXN30.BSE_IDX,01/07/2025,10:21:29,39322.39,0,0,0,0,0,0
SNXN30.BSE_IDX,01/07/2025,10:21:37,39321.53,0,0,0,0,0,0
SNXN30.BSE_IDX,01/07/2025,10:21:45,39316.43,0,0,0,0,0,0
SNXN30.BSE_IDX,01/07/2025,10:21:53,39316.46,0,0,0,0,0,0
SNXN30.BSE_IDX,01/07/2025,10:22:01,39317.44,0,0,0,0,0,0
SNXN30.BSE_IDX,01/07/2025,10:22:09,39320.32,0,0,0,0,0,0
SNXN30.BSE_IDX,01/07/2025,10:22:17,39320.21,0,0,0,0,0,0
SNXN30.BSE_IDX,01/07/2025,10:22:25,39319.57,0,0,0,0,0,0
SNXN30.BSE_IDX,01/07/2025,10:22:33,39317.65,0,0,0,0,0,0
SNXN30.BSE_IDX,01/07/2025,10:22:41,39319.18,0,0,0,0,0,0
SNXN30.BSE_IDX,01/07/2025,10:22:49,39315.5,0,0,0,0,0,0
SNXN30.BSE_IDX,01/07/2025,10:22:57,39315.31,0,0,0,0,0,0
SNXN30.BSE_IDX,01/07/2025,10:23:05,39314.66,0,0,0,0,0,0
SNXN30.BSE_IDX,01/07/2025,10:23:13,39317.99,0,0,0,0,0,0
SNXN30.BSE_IDX,01/07/2025,10:23:21,39319.44,0,0,0,0,0,0
SNXN30.BSE_IDX,01/07/2025,10:23:29,39322.49,0,0,0,0,0,0
SNXN30.BSE_IDX,01/07/2025,10:23:37,39324.4,0,0,0,0,0,0
SNXN30.BSE_IDX,01/07/2025,10:23:45,39325.42,0,0,0,0,0,0
SNXN30.BSE_IDX,01/07/2025,10:23:53,39326.03,0,0,0,0,0,0
SNXN30.BSE_IDX,01/07/2025,10:24:01,39325.72,0,0,0,0,0,0
SNXN30.BSE_IDX,01/07/2025,10:24:09,39323.95,0,0,0,0,0,0
SNXN30.BSE_IDX,01/07/2025,10:24:17,39320.06,0,0,0,0,0,0
SNXN30.BSE_IDX,01/07/2025,10:24:25,39318.6,0,0,0,0,0,0
SNXN30.BSE_IDX,01/07/2025,10:24:33,39314.94,0,0,0,0,0,0
SNXN30.BSE_IDX,01/07/2025,10:24:41,39311.27,0,0,0,0,0,0
SNXN30.BSE_IDX,01/07/2025,10:24:49,39311.24,0,0,0,0,0,0
SNXN30.BSE_IDX,01/07/2025,10:24:57,39313.56,0,0,0,0,0,0
SNXN30.BSE_IDX,01/07/2025,10:25:05,39315.93,0,0,0,0,0,0
SNXN30.BSE_IDX,01/07/2025,10:25:13,39318.16,0,0,0,0,0,0
SNXN30.BSE_IDX,01/07/2025,10:25:21,39315.94,0,0,0,0,0,0
SNXN30.BSE_IDX,01/07/2025,10:25:29,39312.57,0,0,0,0,0,0
SNXN30.BSE_IDX,01/07/2025,10:25:37,39313.3,0,0,0,0,0,0
SNXN30.BSE_IDX,01/07/2025,10:25:45,39312.01,0,0,0,0,0,0
SNXN30.BSE_IDX,01/07/2025,10:25:53,39312.05,0,0,0,0,0,0
SNXN30.BSE_IDX,01/07/2025,10:26:01,39312.66,0,0,0,0,0,0
SNXN30.BSE_IDX,01/07/2025,10:26:09,39313.45,0,0,0,0,0,0
SNXN30.BSE_IDX,01/07/2025,10:26:17,39312.07,0,0,0,0,0,0
SNXN30.BSE_IDX,01/07/2025,10:26:25,39316.16,0,0,0,0,0,0
SNXN30.BSE_IDX,01/07/2025,10:26:33,39318.21,0,0,0,0,0,0
SNXN30.BSE_IDX,01/07/2025,10:26:41,39316.76,0,0,0,0,0,0
SNXN30.BSE_IDX,01/07/2025,10:26:49,39316.85,0,0,0,0,0,0
SNXN30.BSE_IDX,01/07/2025,10:26:57,39317.86,0,0,0,0,0,0
SNXN30.BSE_IDX,01/07/2025,10:27:05,39319.02,0,0,0,0,0,0
SNXN30.BSE_IDX,01/07/2025,10:27:13,39321.59,0,0,0,0,0,0
SNXN30.BSE_IDX,01/07/2025,10:27:21,39325.8,0,0,0,0,0,0
SNXN30.BSE_IDX,01/07/2025,10:27:29,39333.3,0,0,0,0,0,0
SNXN30.BSE_IDX,01/07/2025,10:27:37,39329.41,0,0,0,0,0,0
SNXN30.BSE_IDX,01/07/2025,10:27:45,39326.41,0,0,0,0,0,0
SNXN30.BSE_IDX,01/07/2025,10:27:53,39326.73,0,0,0,0,0,0
SNXN30.BSE_IDX,01/07/2025,10:28:01,39331.78,0,0,0,0,0,0
SNXN30.BSE_IDX,01/07/2025,10:28:09,39334.25,0,0,0,0,0,0
SNXN30.BSE_IDX,01/07/2025,10:28:17,39336.13,0,0,0,0,0,0
SNXN30.BSE_IDX,01/07/2025,10:28:25,39332.55,0,0,0,0,0,0
SNXN30.BSE_IDX,01/07/2025,10:28:33,39335.75,0,0,0,0,0,0
SNXN30.BSE_IDX,01/07/2025,10:28:41,39331.72,0,0,0,0,0,0
SNXN30.BSE_IDX,01/07/2025,10:28:49,39333.72,0,0,0,0,0,0
SNXN30.BSE_IDX,01/07/2025,10:28:57,39332.86,0,0,0,0,0,0
SNXN30.BSE_IDX,01/07/2025,10:29:05,39327.28,0,0,0,0,0,0
SNXN30.BSE_IDX,01/07/2025,10:29:13,39332.42,0,0,0,0,0,0
SNXN30.BSE_IDX,01/07/2025,10:29:21,39332.88,0,0,0,0,0,0
SNXN30.BSE_IDX,01/07/2025,10:29:29,39334.14,0,0,0,0,0,0
SNXN30.BSE_IDX,01/07/2025,10:29:37,39333.51,0,0,0,0,0,0
SNXN30.BSE_IDX,01/07/2025,10:29:46,39332.55,0,0,0,0,0,0
SNXN30.BSE_IDX,01/07/2025,10:29:54,39333.84,0,0,0,0,0,0
SNXN30.BSE_IDX,01/07/2025,10:30:01,39332.17,0,0,0,0,0,0
SNXN30.BSE_IDX,01/07/2025,10:30:09,39332.97,0,0,0,0,0,0
SNXN30.BSE_IDX,01/07/2025,10:30:17,39335.9,0,0,0,0,0,0
SNXN30.BSE_IDX,01/07/2025,10:30:25,39339.62,0,0,0,0,0,0
SNXN30.BSE_IDX,01/07/2025,10:30:33,39340.03,0,0,0,0,0,0
SNXN30.BSE_IDX,01/07/2025,10:30:41,39341.57,0,0,0,0,0,0
SNXN30.BSE_IDX,01/07/2025,10:30:49,39337.25,0,0,0,0,0,0
SNXN30.BSE_IDX,01/07/2025,10:30:57,39340.37,0,0,0,0,0,0
SNXN30.BSE_IDX,01/07/2025,10:31:05,39337.45,0,0,0,0,0,0
SNXN30.BSE_IDX,01/07/2025,10:31:13,39337.38,0,0,0,0,0,0
SNXN30.BSE_IDX,01/07/2025,10:31:22,39337.71,0,0,0,0,0,0
SNXN30.BSE_IDX,01/07/2025,10:31:29,39329.51,0,0,0,0,0,0
SNXN30.BSE_IDX,01/07/2025,10:31:37,39327.38,0,0,0,0,0,0
SNXN30.BSE_IDX,01/07/2025,10:31:46,39325.76,0,0,0,0,0,0
SNXN30.BSE_IDX,01/07/2025,10:31:53,39324.96,0,0,0,0,0,0
SNXN30.BSE_IDX,01/07/2025,10:32:01,39325.22,0,0,0,0,0,0
SNXN30.BSE_IDX,01/07/2025,10:32:10,39328.39,0,0,0,0,0,0
SNXN30.BSE_IDX,01/07/2025,10:32:17,39328.66,0,0,0,0,0,0
SNXN30.BSE_IDX,01/07/2025,10:32:25,39330.49,0,0,0,0,0,0
SNXN30.BSE_IDX,01/07/2025,10:32:33,39331.49,0,0,0,0,0,0
SNXN30.BSE_IDX,01/07/2025,10:32:41,39333.71,0,0,0,0,0,0
SNXN30.BSE_IDX,01/07/2025,10:32:49,39334.36,0,0,0,0,0,0
SNXN30.BSE_IDX,01/07/2025,10:32:57,39337.4,0,0,0,0,0,0
SNXN30.BSE_IDX,01/07/2025,10:33:06,39342.02,0,0,0,0,0,0
SNXN30.BSE_IDX,01/07/2025,10:33:13,39342.34,0,0,0,0,0,0
SNXN30.BSE_IDX,01/07/2025,10:33:22,39342.25,0,0,0,0,0,0
SNXN30.BSE_IDX,01/07/2025,10:33:29,39340.8,0,0,0,0,0,0
SNXN30.BSE_IDX,01/07/2025,10:33:37,39337.97,0,0,0,0,0,0
SNXN30.BSE_IDX,01/07/2025,10:33:45,39339.17,0,0,0,0,0,0
SNXN30.BSE_IDX,01/07/2025,10:33:53,39336.05,0,0,0,0,0,0
SNXN30.BSE_IDX,01/07/2025,10:34:01,39337,0,0,0,0,0,0
SNXN30.BSE_IDX,01/07/2025,10:34:09,39335.28,0,0,0,0,0,0
SNXN30.BSE_IDX,01/07/2025,10:34:17,39336.78,0,0,0,0,0,0
SNXN30.BSE_IDX,01/07/2025,10:34:25,39336.84,0,0,0,0,0,0
SNXN30.BSE_IDX,01/07/2025,10:34:33,39336.74,0,0,0,0,0,0
SNXN30.BSE_IDX,01/07/2025,10:34:41,39334.36,0,0,0,0,0,0
SNXN30.BSE_IDX,01/07/2025,10:34:49,39333.43,0,0,0,0,0,0
SNXN30.BSE_IDX,01/07/2025,10:34:58,39330.87,0,0,0,0,0,0
SNXN30.BSE_IDX,01/07/2025,10:35:06,39328.42,0,0,0,0,0,0
SNXN30.BSE_IDX,01/07/2025,10:35:14,39329.59,0,0,0,0,0,0
SNXN30.BSE_IDX,01/07/2025,10:35:21,39329.75,0,0,0,0,0,0
SNXN30.BSE_IDX,01/07/2025,10:35:29,39324.47,0,0,0,0,0,0
SNXN30.BSE_IDX,01/07/2025,10:35:37,39320.16,0,0,0,0,0,0
SNXN30.BSE_IDX,01/07/2025,10:35:45,39319.3,0,0,0,0,0,0
SNXN30.BSE_IDX,01/07/2025,10:35:54,39319.04,0,0,0,0,0,0
SNXN30.BSE_IDX,01/07/2025,10:36:02,39320.31,0,0,0,0,0,0
SNXN30.BSE_IDX,01/07/2025,10:36:10,39321.37,0,0,0,0,0,0
SNXN30.BSE_IDX,01/07/2025,10:36:18,39320.68,0,0,0,0,0,0
SNXN30.BSE_IDX,01/07/2025,10:36:25,39318.03,0,0,0,0,0,0
SNXN30.BSE_IDX,01/07/2025,10:36:34,39319.16,0,0,0,0,0,0
SNXN30.BSE_IDX,01/07/2025,10:36:42,39320.71,0,0,0,0,0,0
SNXN30.BSE_IDX,01/07/2025,10:36:49,39320.49,0,0,0,0,0,0
SNXN30.BSE_IDX,01/07/2025,10:36:58,39318.27,0,0,0,0,0,0
SNXN30.BSE_IDX,01/07/2025,10:37:06,39315.63,0,0,0,0,0,0
SNXN30.BSE_IDX,01/07/2025,10:37:14,39317.74,0,0,0,0,0,0
SNXN30.BSE_IDX,01/07/2025,10:37:22,39318.89,0,0,0,0,0,0
SNXN30.BSE_IDX,01/07/2025,10:37:30,39317.85,0,0,0,0,0,0
SNXN30.BSE_IDX,01/07/2025,10:37:38,39315.41,0,0,0,0,0,0
SNXN30.BSE_IDX,01/07/2025,10:37:46,39315.6,0,0,0,0,0,0
SNXN30.BSE_IDX,01/07/2025,10:37:54,39316,0,0,0,0,0,0
SNXN30.BSE_IDX,01/07/2025,10:38:02,39316.89,0,0,0,0,0,0
SNXN30.BSE_IDX,01/07/2025,10:38:10,39314.49,0,0,0,0,0,0
SNXN30.BSE_IDX,01/07/2025,10:38:18,39314.29,0,0,0,0,0,0
SNXN30.BSE_IDX,01/07/2025,10:38:26,39317.36,0,0,0,0,0,0
SNXN30.BSE_IDX,01/07/2025,10:38:34,39316.28,0,0,0,0,0,0
SNXN30.BSE_IDX,01/07/2025,10:38:42,39318.47,0,0,0,0,0,0
SNXN30.BSE_IDX,01/07/2025,10:38:50,39321.89,0,0,0,0,0,0
SNXN30.BSE_IDX,01/07/2025,10:38:58,39324.51,0,0,0,0,0,0
SNXN30.BSE_IDX,01/07/2025,10:39:06,39326.45,0,0,0,0,0,0
SNXN30.BSE_IDX,01/07/2025,10:39:14,39327.87,0,0,0,0,0,0
SNXN30.BSE_IDX,01/07/2025,10:39:22,39334.78,0,0,0,0,0,0
SNXN30.BSE_IDX,01/07/2025,10:39:30,39333.54,0,0,0,0,0,0
SNXN30.BSE_IDX,01/07/2025,10:39:38,39339.42,0,0,0,0,0,0
SNXN30.BSE_IDX,01/07/2025,10:39:46,39338.52,0,0,0,0,0,0
SNXN30.BSE_IDX,01/07/2025,10:39:54,39342.38,0,0,0,0,0,0
SNXN30.BSE_IDX,01/07/2025,10:40:02,39343.44,0,0,0,0,0,0
SNXN30.BSE_IDX,01/07/2025,10:40:10,39337.7,0,0,0,0,0,0
SNXN30.BSE_IDX,01/07/2025,10:40:18,39337.53,0,0,0,0,0,0
SNXN30.BSE_IDX,01/07/2025,10:40:26,39331.57,0,0,0,0,0,0
SNXN30.BSE_IDX,01/07/2025,10:40:34,39332.82,0,0,0,0,0,0
SNXN30.BSE_IDX,01/07/2025,10:40:42,39330.19,0,0,0,0,0,0
SNXN30.BSE_IDX,01/07/2025,10:40:50,39333.6,0,0,0,0,0,0
SNXN30.BSE_IDX,01/07/2025,10:40:58,39331.13,0,0,0,0,0,0
SNXN30.BSE_IDX,01/07/2025,10:41:06,39330.06,0,0,0,0,0,0
SNXN30.BSE_IDX,01/07/2025,10:41:14,39327.3,0,0,0,0,0,0
SNXN30.BSE_IDX,01/07/2025,10:41:22,39328.65,0,0,0,0,0,0
SNXN30.BSE_IDX,01/07/2025,10:41:30,39329.13,0,0,0,0,0,0
SNXN30.BSE_IDX,01/07/2025,10:41:38,39334.26,0,0,0,0,0,0
SNXN30.BSE_IDX,01/07/2025,10:41:46,39334.83,0,0,0,0,0,0
SNXN30.BSE_IDX,01/07/2025,10:41:54,39337.66,0,0,0,0,0,0
SNXN30.BSE_IDX,01/07/2025,10:42:02,39337.16,0,0,0,0,0,0
SNXN30.BSE_IDX,01/07/2025,10:42:10,39341.32,0,0,0,0,0,0
SNXN30.BSE_IDX,01/07/2025,10:42:18,39342.59,0,0,0,0,0,0
SNXN30.BSE_IDX,01/07/2025,10:42:26,39340.08,0,0,0,0,0,0
SNXN30.BSE_IDX,01/07/2025,10:42:34,39342.42,0,0,0,0,0,0
SNXN30.BSE_IDX,01/07/2025,10:42:42,39337.62,0,0,0,0,0,0
SNXN30.BSE_IDX,01/07/2025,10:42:50,39336.92,0,0,0,0,0,0
SNXN30.BSE_IDX,01/07/2025,10:42:58,39334.16,0,0,0,0,0,0
SNXN30.BSE_IDX,01/07/2025,10:43:06,39335.87,0,0,0,0,0,0
SNXN30.BSE_IDX,01/07/2025,10:43:14,39334.41,0,0,0,0,0,0
SNXN30.BSE_IDX,01/07/2025,10:43:22,39334.16,0,0,0,0,0,0
SNXN30.BSE_IDX,01/07/2025,10:43:30,39333.3,0,0,0,0,0,0
SNXN30.BSE_IDX,01/07/2025,10:43:38,39331.89,0,0,0,0,0,0
SNXN30.BSE_IDX,01/07/2025,10:43:46,39329.8,0,0,0,0,0,0
SNXN30.BSE_IDX,01/07/2025,10:43:54,39325.43,0,0,0,0,0,0
SNXN30.BSE_IDX,01/07/2025,10:44:02,39323.16,0,0,0,0,0,0
SNXN30.BSE_IDX,01/07/2025,10:44:10,39325.95,0,0,0,0,0,0
SNXN30.BSE_IDX,01/07/2025,10:44:18,39323.48,0,0,0,0,0,0
SNXN30.BSE_IDX,01/07/2025,10:44:26,39319.34,0,0,0,0,0,0
SNXN30.BSE_IDX,01/07/2025,10:44:34,39319.19,0,0,0,0,0,0
SNXN30.BSE_IDX,01/07/2025,10:44:42,39317.86,0,0,0,0,0,0
SNXN30.BSE_IDX,01/07/2025,10:44:50,39315.05,0,0,0,0,0,0
SNXN30.BSE_IDX,01/07/2025,10:44:58,39312.9,0,0,0,0,0,0
SNXN30.BSE_IDX,01/07/2025,10:45:07,39308.55,0,0,0,0,0,0
SNXN30.BSE_IDX,01/07/2025,10:45:14,39305.25,0,0,0,0,0,0
SNXN30.BSE_IDX,01/07/2025,10:45:22,39305.05,0,0,0,0,0,0
SNXN30.BSE_IDX,01/07/2025,10:45:30,39306.39,0,0,0,0,0,0
SNXN30.BSE_IDX,01/07/2025,10:45:38,39303.42,0,0,0,0,0,0
SNXN30.BSE_IDX,01/07/2025,10:45:46,39306.3,0,0,0,0,0,0
SNXN30.BSE_IDX,01/07/2025,10:45:54,39303.56,0,0,0,0,0,0
SNXN30.BSE_IDX,01/07/2025,10:46:02,39299.54,0,0,0,0,0,0
SNXN30.BSE_IDX,01/07/2025,10:46:10,39296.07,0,0,0,0,0,0
SNXN30.BSE_IDX,01/07/2025,10:46:18,39293.9,0,0,0,0,0,0
SNXN30.BSE_IDX,01/07/2025,10:46:26,39296.24,0,0,0,0,0,0
SNXN30.BSE_IDX,01/07/2025,10:46:34,39295.32,0,0,0,0,0,0
SNXN30.BSE_IDX,01/07/2025,10:46:42,39292.33,0,0,0,0,0,0
SNXN30.BSE_IDX,01/07/2025,10:46:50,39291.15,0,0,0,0,0,0
SNXN30.BSE_IDX,01/07/2025,10:46:58,39292.54,0,0,0,0,0,0
SNXN30.BSE_IDX,01/07/2025,10:47:06,39291.13,0,0,0,0,0,0
SNXN30.BSE_IDX,01/07/2025,10:47:14,39288.27,0,0,0,0,0,0
SNXN30.BSE_IDX,01/07/2025,10:47:22,39287.13,0,0,0,0,0,0
SNXN30.BSE_IDX,01/07/2025,10:47:30,39287.6,0,0,0,0,0,0
SNXN30.BSE_IDX,01/07/2025,10:47:38,39286.63,0,0,0,0,0,0
SNXN30.BSE_IDX,01/07/2025,10:47:46,39287.32,0,0,0,0,0,0
SNXN30.BSE_IDX,01/07/2025,10:47:54,39290.26,0,0,0,0,0,0
SNXN30.BSE_IDX,01/07/2025,10:48:02,39291.87,0,0,0,0,0,0
SNXN30.BSE_IDX,01/07/2025,10:48:10,39291.76,0,0,0,0,0,0
SNXN30.BSE_IDX,01/07/2025,10:48:18,39295.82,0,0,0,0,0,0
SNXN30.BSE_IDX,01/07/2025,10:48:26,39298.65,0,0,0,0,0,0
SNXN30.BSE_IDX,01/07/2025,10:48:34,39298.61,0,0,0,0,0,0
SNXN30.BSE_IDX,01/07/2025,10:48:42,39299.1,0,0,0,0,0,0
SNXN30.BSE_IDX,01/07/2025,10:48:50,39295.59,0,0,0,0,0,0
SNXN30.BSE_IDX,01/07/2025,10:48:58,39295.65,0,0,0,0,0,0
SNXN30.BSE_IDX,01/07/2025,10:49:06,39296.25,0,0,0,0,0,0
SNXN30.BSE_IDX,01/07/2025,10:49:14,39290.87,0,0,0,0,0,0
SNXN30.BSE_IDX,01/07/2025,10:49:22,39287.06,0,0,0,0,0,0
SNXN30.BSE_IDX,01/07/2025,10:49:30,39288.38,0,0,0,0,0,0
SNXN30.BSE_IDX,01/07/2025,10:49:38,39289.07,0,0,0,0,0,0
SNXN30.BSE_IDX,01/07/2025,10:49:46,39286.59,0,0,0,0,0,0
SNXN30.BSE_IDX,01/07/2025,10:49:54,39287.32,0,0,0,0,0,0
SNXN30.BSE_IDX,01/07/2025,10:50:02,39283.33,0,0,0,0,0,0
SNXN30.BSE_IDX,01/07/2025,10:50:10,39281.28,0,0,0,0,0,0
SNXN30.BSE_IDX,01/07/2025,10:50:18,39281.49,0,0,0,0,0,0
SNXN30.BSE_IDX,01/07/2025,10:50:26,39277.64,0,0,0,0,0,0
SNXN30.BSE_IDX,01/07/2025,10:50:34,39274.82,0,0,0,0,0,0
SNXN30.BSE_IDX,01/07/2025,10:50:42,39276.3,0,0,0,0,0,0
SNXN30.BSE_IDX,01/07/2025,10:50:50,39272.14,0,0,0,0,0,0
SNXN30.BSE_IDX,01/07/2025,10:50:58,39272.11,0,0,0,0,0,0
SNXN30.BSE_IDX,01/07/2025,10:51:06,39274.5,0,0,0,0,0,0
SNXN30.BSE_IDX,01/07/2025,10:51:14,39273.38,0,0,0,0,0,0
SNXN30.BSE_IDX,01/07/2025,10:51:22,39276.6,0,0,0,0,0,0
SNXN30.BSE_IDX,01/07/2025,10:51:30,39273.53,0,0,0,0,0,0
SNXN30.BSE_IDX,01/07/2025,10:51:38,39273.82,0,0,0,0,0,0
SNXN30.BSE_IDX,01/07/2025,10:51:46,39272.03,0,0,0,0,0,0
SNXN30.BSE_IDX,01/07/2025,10:51:54,39269.17,0,0,0,0,0,0
SNXN30.BSE_IDX,01/07/2025,10:52:02,39265.8,0,0,0,0,0,0
SNXN30.BSE_IDX,01/07/2025,10:52:10,39265.09,0,0,0,0,0,0
SNXN30.BSE_IDX,01/07/2025,10:52:18,39265.59,0,0,0,0,0,0
SNXN30.BSE_IDX,01/07/2025,10:52:26,39260.23,0,0,0,0,0,0
SNXN30.BSE_IDX,01/07/2025,10:52:34,39260.25,0,0,0,0,0,0
SNXN30.BSE_IDX,01/07/2025,10:52:43,39257.9,0,0,0,0,0,0
SNXN30.BSE_IDX,01/07/2025,10:52:50,39253.06,0,0,0,0,0,0
SNXN30.BSE_IDX,01/07/2025,10:52:58,39251.55,0,0,0,0,0,0
SNXN30.BSE_IDX,01/07/2025,10:53:06,39251.19,0,0,0,0,0,0
SNXN30.BSE_IDX,01/07/2025,10:53:14,39245.19,0,0,0,0,0,0
SNXN30.BSE_IDX,01/07/2025,10:53:22,39247.61,0,0,0,0,0,0
SNXN30.BSE_IDX,01/07/2025,10:53:30,39250.62,0,0,0,0,0,0
SNXN30.BSE_IDX,01/07/2025,10:53:38,39253.07,0,0,0,0,0,0
SNXN30.BSE_IDX,01/07/2025,10:53:46,39253.98,0,0,0,0,0,0
SNXN30.BSE_IDX,01/07/2025,10:53:54,39251.33,0,0,0,0,0,0
SNXN30.BSE_IDX,01/07/2025,10:54:02,39250.99,0,0,0,0,0,0
SNXN30.BSE_IDX,01/07/2025,10:54:10,39255.15,0,0,0,0,0,0
SNXN30.BSE_IDX,01/07/2025,10:54:18,39255.83,0,0,0,0,0,0
SNXN30.BSE_IDX,01/07/2025,10:54:26,39260.1,0,0,0,0,0,0
SNXN30.BSE_IDX,01/07/2025,10:54:34,39260.22,0,0,0,0,0,0
SNXN30.BSE_IDX,01/07/2025,10:54:42,39264.86,0,0,0,0,0,0
SNXN30.BSE_IDX,01/07/2025,10:54:51,39260.91,0,0,0,0,0,0
SNXN30.BSE_IDX,01/07/2025,10:54:58,39258.3,0,0,0,0,0,0
SNXN30.BSE_IDX,01/07/2025,10:55:06,39257.97,0,0,0,0,0,0
SNXN30.BSE_IDX,01/07/2025,10:55:14,39258.58,0,0,0,0,0,0
SNXN30.BSE_IDX,01/07/2025,10:55:22,39256.23,0,0,0,0,0,0
SNXN30.BSE_IDX,01/07/2025,10:55:30,39256.78,0,0,0,0,0,0
SNXN30.BSE_IDX,01/07/2025,10:55:38,39254.58,0,0,0,0,0,0
SNXN30.BSE_IDX,01/07/2025,10:55:46,39257.7,0,0,0,0,0,0
SNXN30.BSE_IDX,01/07/2025,10:55:54,39253.57,0,0,0,0,0,0
SNXN30.BSE_IDX,01/07/2025,10:56:02,39253.95,0,0,0,0,0,0
SNXN30.BSE_IDX,01/07/2025,10:56:10,39253.63,0,0,0,0,0,0
SNXN30.BSE_IDX,01/07/2025,10:56:18,39252.45,0,0,0,0,0,0
SNXN30.BSE_IDX,01/07/2025,10:56:26,39251.87,0,0,0,0,0,0
SNXN30.BSE_IDX,01/07/2025,10:56:34,39250.57,0,0,0,0,0,0
SNXN30.BSE_IDX,01/07/2025,10:56:42,39248.98,0,0,0,0,0,0
SNXN30.BSE_IDX,01/07/2025,10:56:50,39249.57,0,0,0,0,0,0
SNXN30.BSE_IDX,01/07/2025,10:56:58,39247.51,0,0,0,0,0,0
SNXN30.BSE_IDX,01/07/2025,10:57:06,39242.72,0,0,0,0,0,0
SNXN30.BSE_IDX,01/07/2025,10:57:14,39238.79,0,0,0,0,0,0
SNXN30.BSE_IDX,01/07/2025,10:57:22,39240.61,0,0,0,0,0,0
SNXN30.BSE_IDX,01/07/2025,10:57:30,39241.92,0,0,0,0,0,0
SNXN30.BSE_IDX,01/07/2025,10:57:39,39249.08,0,0,0,0,0,0
SNXN30.BSE_IDX,01/07/2025,10:57:46,39245.77,0,0,0,0,0,0
SNXN30.BSE_IDX,01/07/2025,10:57:54,39243.84,0,0,0,0,0,0
SNXN30.BSE_IDX,01/07/2025,10:58:02,39242.85,0,0,0,0,0,0
SNXN30.BSE_IDX,01/07/2025,10:58:10,39247.72,0,0,0,0,0,0
SNXN30.BSE_IDX,01/07/2025,10:58:18,39249.58,0,0,0,0,0,0
SNXN30.BSE_IDX,01/07/2025,10:58:26,39245.24,0,0,0,0,0,0
SNXN30.BSE_IDX,01/07/2025,10:58:34,39247.85,0,0,0,0,0,0
SNXN30.BSE_IDX,01/07/2025,10:58:42,39243.92,0,0,0,0,0,0
SNXN30.BSE_IDX,01/07/2025,10:58:50,39242.33,0,0,0,0,0,0
SNXN30.BSE_IDX,01/07/2025,10:58:58,39239.43,0,0,0,0,0,0
SNXN30.BSE_IDX,01/07/2025,10:59:06,39238.02,0,0,0,0,0,0
SNXN30.BSE_IDX,01/07/2025,10:59:14,39238.44,0,0,0,0,0,0
SNXN30.BSE_IDX,01/07/2025,10:59:22,39236.66,0,0,0,0,0,0
SNXN30.BSE_IDX,01/07/2025,10:59:30,39235.84,0,0,0,0,0,0
SNXN30.BSE_IDX,01/07/2025,10:59:38,39232.1,0,0,0,0,0,0
SNXN30.BSE_IDX,01/07/2025,10:59:47,39232.34,0,0,0,0,0,0
SNXN30.BSE_IDX,01/07/2025,10:59:55,39233.51,0,0,0,0,0,0
SNXN30.BSE_IDX,01/07/2025,11:00:03,39233.86,0,0,0,0,0,0
SNXN30.BSE_IDX,01/07/2025,11:00:11,39234.18,0,0,0,0,0,0
SNXN30.BSE_IDX,01/07/2025,11:00:18,39239.1,0,0,0,0,0,0
SNXN30.BSE_IDX,01/07/2025,11:00:26,39240.86,0,0,0,0,0,0
SNXN30.BSE_IDX,01/07/2025,11:00:34,39238.26,0,0,0,0,0,0
SNXN30.BSE_IDX,01/07/2025,11:00:42,39235.47,0,0,0,0,0,0
SNXN30.BSE_IDX,01/07/2025,11:00:50,39235.78,0,0,0,0,0,0
SNXN30.BSE_IDX,01/07/2025,11:00:58,39233.84,0,0,0,0,0,0
SNXN30.BSE_IDX,01/07/2025,11:01:06,39234.74,0,0,0,0,0,0
SNXN30.BSE_IDX,01/07/2025,11:01:15,39235.45,0,0,0,0,0,0
SNXN30.BSE_IDX,01/07/2025,11:01:22,39236.89,0,0,0,0,0,0
SNXN30.BSE_IDX,01/07/2025,11:01:30,39234.22,0,0,0,0,0,0
SNXN30.BSE_IDX,01/07/2025,11:01:38,39233.32,0,0,0,0,0,0
SNXN30.BSE_IDX,01/07/2025,11:01:46,39234.02,0,0,0,0,0,0
SNXN30.BSE_IDX,01/07/2025,11:01:54,39231.54,0,0,0,0,0,0
SNXN30.BSE_IDX,01/07/2025,11:02:02,39232.1,0,0,0,0,0,0
SNXN30.BSE_IDX,01/07/2025,11:02:10,39231.47,0,0,0,0,0,0
SNXN30.BSE_IDX,01/07/2025,11:02:18,39230.12,0,0,0,0,0,0
SNXN30.BSE_IDX,01/07/2025,11:02:27,39230.53,0,0,0,0,0,0
SNXN30.BSE_IDX,01/07/2025,11:02:34,39228.42,0,0,0,0,0,0
SNXN30.BSE_IDX,01/07/2025,11:02:42,39228.63,0,0,0,0,0,0
SNXN30.BSE_IDX,01/07/2025,11:02:51,39229.56,0,0,0,0,0,0
SNXN30.BSE_IDX,01/07/2025,11:02:58,39227.46,0,0,0,0,0,0
SNXN30.BSE_IDX,01/07/2025,11:03:06,39223.71,0,0,0,0,0,0
SNXN30.BSE_IDX,01/07/2025,11:03:14,39223.95,0,0,0,0,0,0
SNXN30.BSE_IDX,01/07/2025,11:03:22,39223.11,0,0,0,0,0,0
SNXN30.BSE_IDX,01/07/2025,11:03:31,39221.19,0,0,0,0,0,0
SNXN30.BSE_IDX,01/07/2025,11:03:38,39219.74,0,0,0,0,0,0
SNXN30.BSE_IDX,01/07/2025,11:03:46,39219.25,0,0,0,0,0,0
SNXN30.BSE_IDX,01/07/2025,11:03:54,39218.66,0,0,0,0,0,0
SNXN30.BSE_IDX,01/07/2025,11:04:02,39219.3,0,0,0,0,0,0
SNXN30.BSE_IDX,01/07/2025,11:04:10,39216.8,0,0,0,0,0,0
SNXN30.BSE_IDX,01/07/2025,11:04:18,39214.57,0,0,0,0,0,0
SNXN30.BSE_IDX,01/07/2025,11:04:27,39213.69,0,0,0,0,0,0
SNXN30.BSE_IDX,01/07/2025,11:04:34,39216.69,0,0,0,0,0,0
SNXN30.BSE_IDX,01/07/2025,11:04:42,39219.91,0,0,0,0,0,0
SNXN30.BSE_IDX,01/07/2025,11:04:51,39222.7,0,0,0,0,0,0
SNXN30.BSE_IDX,01/07/2025,11:04:58,39224.96,0,0,0,0,0,0
SNXN30.BSE_IDX,01/07/2025,11:05:06,39227.39,0,0,0,0,0,0
SNXN30.BSE_IDX,01/07/2025,11:05:14,39226.77,0,0,0,0,0,0
SNXN30.BSE_IDX,01/07/2025,11:05:22,39224.27,0,0,0,0,0,0
SNXN30.BSE_IDX,01/07/2025,11:05:31,39229.42,0,0,0,0,0,0
SNXN30.BSE_IDX,01/07/2025,11:05:39,39230.7,0,0,0,0,0,0
SNXN30.BSE_IDX,01/07/2025,11:05:46,39232.2,0,0,0,0,0,0
SNXN30.BSE_IDX,01/07/2025,11:05:54,39232.04,0,0,0,0,0,0
SNXN30.BSE_IDX,01/07/2025,11:06:03,39234.61,0,0,0,0,0,0
SNXN30.BSE_IDX,01/07/2025,11:06:11,39234.61,0,0,0,0,0,0
SNXN30.BSE_IDX,01/07/2025,11:06:19,39231.85,0,0,0,0,0,0
SNXN30.BSE_IDX,01/07/2025,11:06:27,39234.03,0,0,0,0,0,0
SNXN30.BSE_IDX,01/07/2025,11:06:34,39238.72,0,0,0,0,0,0
SNXN30.BSE_IDX,01/07/2025,11:06:43,39238.48,0,0,0,0,0,0
SNXN30.BSE_IDX,01/07/2025,11:06:51,39239.52,0,0,0,0,0,0
SNXN30.BSE_IDX,01/07/2025,11:06:58,39237.84,0,0,0,0,0,0
SNXN30.BSE_IDX,01/07/2025,11:07:06,39241.5,0,0,0,0,0,0
SNXN30.BSE_IDX,01/07/2025,11:07:15,39243.98,0,0,0,0,0,0
SNXN30.BSE_IDX,01/07/2025,11:07:22,39249.05,0,0,0,0,0,0
SNXN30.BSE_IDX,01/07/2025,11:07:31,39253.95,0,0,0,0,0,0
SNXN30.BSE_IDX,01/07/2025,11:07:39,39258.88,0,0,0,0,0,0
SNXN30.BSE_IDX,01/07/2025,11:07:46,39258.46,0,0,0,0,0,0
SNXN30.BSE_IDX,01/07/2025,11:07:55,39257.1,0,0,0,0,0,0
SNXN30.BSE_IDX,01/07/2025,11:08:02,39258.06,0,0,0,0,0,0
SNXN30.BSE_IDX,01/07/2025,11:08:11,39259.78,0,0,0,0,0,0
SNXN30.BSE_IDX,01/07/2025,11:08:18,39260.5,0,0,0,0,0,0
SNXN30.BSE_IDX,01/07/2025,11:08:27,39262.55,0,0,0,0,0,0
SNXN30.BSE_IDX,01/07/2025,11:08:35,39261.3,0,0,0,0,0,0
SNXN30.BSE_IDX,01/07/2025,11:08:43,39258.99,0,0,0,0,0,0
SNXN30.BSE_IDX,01/07/2025,11:08:51,39260.73,0,0,0,0,0,0
SNXN30.BSE_IDX,01/07/2025,11:08:58,39259.23,0,0,0,0,0,0
SNXN30.BSE_IDX,01/07/2025,11:09:07,39257.39,0,0,0,0,0,0
SNXN30.BSE_IDX,01/07/2025,11:09:15,39255.55,0,0,0,0,0,0
SNXN30.BSE_IDX,01/07/2025,11:09:23,39254.16,0,0,0,0,0,0
SNXN30.BSE_IDX,01/07/2025,11:09:31,39256.63,0,0,0,0,0,0
SNXN30.BSE_IDX,01/07/2025,11:09:39,39256.44,0,0,0,0,0,0
SNXN30.BSE_IDX,01/07/2025,11:09:47,39253.95,0,0,0,0,0,0
SNXN30.BSE_IDX,01/07/2025,11:09:55,39251.6,0,0,0,0,0,0
SNXN30.BSE_IDX,01/07/2025,11:10:03,39251.49,0,0,0,0,0,0
SNXN30.BSE_IDX,01/07/2025,11:10:11,39249.49,0,0,0,0,0,0
SNXN30.BSE_IDX,01/07/2025,11:10:19,39249.66,0,0,0,0,0,0
SNXN30.BSE_IDX,01/07/2025,11:10:27,39251.92,0,0,0,0,0,0
SNXN30.BSE_IDX,01/07/2025,11:10:35,39255.38,0,0,0,0,0,0
SNXN30.BSE_IDX,01/07/2025,11:10:43,39258.32,0,0,0,0,0,0
SNXN30.BSE_IDX,01/07/2025,11:10:51,39258.66,0,0,0,0,0,0
SNXN30.BSE_IDX,01/07/2025,11:10:59,39257.76,0,0,0,0,0,0
SNXN30.BSE_IDX,01/07/2025,11:11:07,39256.47,0,0,0,0,0,0
SNXN30.BSE_IDX,01/07/2025,11:11:15,39256.62,0,0,0,0,0,0
SNXN30.BSE_IDX,01/07/2025,11:11:23,39257.26,0,0,0,0,0,0
SNXN30.BSE_IDX,01/07/2025,11:11:31,39253.48,0,0,0,0,0,0
SNXN30.BSE_IDX,01/07/2025,11:11:39,39253.6,0,0,0,0,0,0
SNXN30.BSE_IDX,01/07/2025,11:11:47,39253.8,0,0,0,0,0,0
SNXN30.BSE_IDX,01/07/2025,11:11:55,39254.94,0,0,0,0,0,0
SNXN30.BSE_IDX,01/07/2025,11:12:03,39263.9,0,0,0,0,0,0
SNXN30.BSE_IDX,01/07/2025,11:12:11,39263.46,0,0,0,0,0,0
SNXN30.BSE_IDX,01/07/2025,11:12:19,39264.51,0,0,0,0,0,0
SNXN30.BSE_IDX,01/07/2025,11:12:27,39262.87,0,0,0,0,0,0
SNXN30.BSE_IDX,01/07/2025,11:12:35,39262.41,0,0,0,0,0,0
SNXN30.BSE_IDX,01/07/2025,11:12:43,39265.2,0,0,0,0,0,0
SNXN30.BSE_IDX,01/07/2025,11:12:51,39267.54,0,0,0,0,0,0
SNXN30.BSE_IDX,01/07/2025,11:12:59,39265.48,0,0,0,0,0,0
SNXN30.BSE_IDX,01/07/2025,11:13:07,39264.7,0,0,0,0,0,0
SNXN30.BSE_IDX,01/07/2025,11:13:16,39262.55,0,0,0,0,0,0
SNXN30.BSE_IDX,01/07/2025,11:13:23,39263.7,0,0,0,0,0,0
SNXN30.BSE_IDX,01/07/2025,11:13:31,39264.04,0,0,0,0,0,0
SNXN30.BSE_IDX,01/07/2025,11:13:39,39266.72,0,0,0,0,0,0
SNXN30.BSE_IDX,01/07/2025,11:13:47,39266.21,0,0,0,0,0,0
SNXN30.BSE_IDX,01/07/2025,11:13:55,39265.79,0,0,0,0,0,0
SNXN30.BSE_IDX,01/07/2025,11:14:03,39269.28,0,0,0,0,0,0
SNXN30.BSE_IDX,01/07/2025,11:14:11,39265.28,0,0,0,0,0,0
SNXN30.BSE_IDX,01/07/2025,11:14:19,39265.44,0,0,0,0,0,0
SNXN30.BSE_IDX,01/07/2025,11:14:27,39266.38,0,0,0,0,0,0
SNXN30.BSE_IDX,01/07/2025,11:14:35,39264.74,0,0,0,0,0,0
SNXN30.BSE_IDX,01/07/2025,11:14:43,39264.99,0,0,0,0,0,0
SNXN30.BSE_IDX,01/07/2025,11:14:51,39263.34,0,0,0,0,0,0
SNXN30.BSE_IDX,01/07/2025,11:14:59,39268.91,0,0,0,0,0,0
SNXN30.BSE_IDX,01/07/2025,11:15:07,39277.34,0,0,0,0,0,0
SNXN30.BSE_IDX,01/07/2025,11:15:15,39276.64,0,0,0,0,0,0
SNXN30.BSE_IDX,01/07/2025,11:15:23,39280.3,0,0,0,0,0,0
SNXN30.BSE_IDX,01/07/2025,11:15:31,39274,0,0,0,0,0,0
SNXN30.BSE_IDX,01/07/2025,11:15:39,39275.12,0,0,0,0,0,0
SNXN30.BSE_IDX,01/07/2025,11:15:47,39276.19,0,0,0,0,0,0
SNXN30.BSE_IDX,01/07/2025,11:15:56,39276.37,0,0,0,0,0,0
SNXN30.BSE_IDX,01/07/2025,11:16:03,39272.96,0,0,0,0,0,0
SNXN30.BSE_IDX,01/07/2025,11:16:11,39273.2,0,0,0,0,0,0
SNXN30.BSE_IDX,01/07/2025,11:16:19,39273.57,0,0,0,0,0,0
SNXN30.BSE_IDX,01/07/2025,11:16:27,39274.08,0,0,0,0,0,0
SNXN30.BSE_IDX,01/07/2025,11:16:35,39273.33,0,0,0,0,0,0
SNXN30.BSE_IDX,01/07/2025,11:16:43,39274.11,0,0,0,0,0,0
SNXN30.BSE_IDX,01/07/2025,11:16:51,39273.45,0,0,0,0,0,0
SNXN30.BSE_IDX,01/07/2025,11:16:59,39269.36,0,0,0,0,0,0
SNXN30.BSE_IDX,01/07/2025,11:17:07,39271.98,0,0,0,0,0,0
SNXN30.BSE_IDX,01/07/2025,11:17:15,39275.34,0,0,0,0,0,0
SNXN30.BSE_IDX,01/07/2025,11:17:23,39279.9,0,0,0,0,0,0
SNXN30.BSE_IDX,01/07/2025,11:17:31,39280.88,0,0,0,0,0,0
SNXN30.BSE_IDX,01/07/2025,11:17:39,39284.89,0,0,0,0,0,0
SNXN30.BSE_IDX,01/07/2025,11:17:47,39289.9,0,0,0,0,0,0
SNXN30.BSE_IDX,01/07/2025,11:17:57,39291.72,0,0,0,0,0,0
SNXN30.BSE_IDX,01/07/2025,11:18:03,39294.09,0,0,0,0,0,0
SNXN30.BSE_IDX,01/07/2025,11:18:11,39292.54,0,0,0,0,0,0
SNXN30.BSE_IDX,01/07/2025,11:18:19,39290.94,0,0,0,0,0,0
SNXN30.BSE_IDX,01/07/2025,11:18:27,39290.42,0,0,0,0,0,0
SNXN30.BSE_IDX,01/07/2025,11:18:35,39292.2,0,0,0,0,0,0
SNXN30.BSE_IDX,01/07/2025,11:18:44,39291,0,0,0,0,0,0
SNXN30.BSE_IDX,01/07/2025,11:18:51,39296.22,0,0,0,0,0,0
SNXN30.BSE_IDX,01/07/2025,11:18:59,39293.07,0,0,0,0,0,0
SNXN30.BSE_IDX,01/07/2025,11:19:08,39291.89,0,0,0,0,0,0
SNXN30.BSE_IDX,01/07/2025,11:19:15,39293.12,0,0,0,0,0,0
SNXN30.BSE_IDX,01/07/2025,11:19:23,39294.29,0,0,0,0,0,0
SNXN30.BSE_IDX,01/07/2025,11:19:31,39292.13,0,0,0,0,0,0
SNXN30.BSE_IDX,01/07/2025,11:19:39,39289.27,0,0,0,0,0,0
SNXN30.BSE_IDX,01/07/2025,11:19:47,39285.64,0,0,0,0,0,0
SNXN30.BSE_IDX,01/07/2025,11:19:55,39277.97,0,0,0,0,0,0
SNXN30.BSE_IDX,01/07/2025,11:20:03,39275.44,0,0,0,0,0,0
SNXN30.BSE_IDX,01/07/2025,11:20:11,39280.66,0,0,0,0,0,0
SNXN30.BSE_IDX,01/07/2025,11:20:19,39279.71,0,0,0,0,0,0
SNXN30.BSE_IDX,01/07/2025,11:20:27,39279.93,0,0,0,0,0,0
SNXN30.BSE_IDX,01/07/2025,11:20:35,39277.29,0,0,0,0,0,0
SNXN30.BSE_IDX,01/07/2025,11:20:43,39279.66,0,0,0,0,0,0
SNXN30.BSE_IDX,01/07/2025,11:20:51,39279.43,0,0,0,0,0,0
SNXN30.BSE_IDX,01/07/2025,11:20:59,39277.29,0,0,0,0,0,0
SNXN30.BSE_IDX,01/07/2025,11:21:07,39274.8,0,0,0,0,0,0
SNXN30.BSE_IDX,01/07/2025,11:21:15,39274.98,0,0,0,0,0,0
SNXN30.BSE_IDX,01/07/2025,11:21:24,39277.35,0,0,0,0,0,0
SNXN30.BSE_IDX,01/07/2025,11:21:31,39277.7,0,0,0,0,0,0
SNXN30.BSE_IDX,01/07/2025,11:21:39,39276.22,0,0,0,0,0,0
SNXN30.BSE_IDX,01/07/2025,11:21:47,39271.52,0,0,0,0,0,0
SNXN30.BSE_IDX,01/07/2025,11:21:56,39270.15,0,0,0,0,0,0
SNXN30.BSE_IDX,01/07/2025,11:22:03,39274,0,0,0,0,0,0
SNXN30.BSE_IDX,01/07/2025,11:22:11,39271.62,0,0,0,0,0,0
SNXN30.BSE_IDX,01/07/2025,11:22:19,39269.6,0,0,0,0,0,0
SNXN30.BSE_IDX,01/07/2025,11:22:28,39269.26,0,0,0,0,0,0
SNXN30.BSE_IDX,01/07/2025,11:22:35,39271.51,0,0,0,0,0,0
SNXN30.BSE_IDX,01/07/2025,11:22:43,39269.97,0,0,0,0,0,0
SNXN30.BSE_IDX,01/07/2025,11:22:51,39269.89,0,0,0,0,0,0
SNXN30.BSE_IDX,01/07/2025,11:22:59,39266.16,0,0,0,0,0,0
SNXN30.BSE_IDX,01/07/2025,11:23:07,39266.09,0,0,0,0,0,0
SNXN30.BSE_IDX,01/07/2025,11:23:15,39268.74,0,0,0,0,0,0
SNXN30.BSE_IDX,01/07/2025,11:23:23,39266.08,0,0,0,0,0,0
SNXN30.BSE_IDX,01/07/2025,11:23:31,39266.69,0,0,0,0,0,0
SNXN30.BSE_IDX,01/07/2025,11:23:39,39266.11,0,0,0,0,0,0
SNXN30.BSE_IDX,01/07/2025,11:23:47,39270.62,0,0,0,0,0,0
SNXN30.BSE_IDX,01/07/2025,11:23:55,39270.72,0,0,0,0,0,0
SNXN30.BSE_IDX,01/07/2025,11:24:04,39269.1,0,0,0,0,0,0
SNXN30.BSE_IDX,01/07/2025,11:24:11,39268.75,0,0,0,0,0,0
SNXN30.BSE_IDX,01/07/2025,11:24:19,39270.07,0,0,0,0,0,0
SNXN30.BSE_IDX,01/07/2025,11:24:27,39272.88,0,0,0,0,0,0
SNXN30.BSE_IDX,01/07/2025,11:24:35,39272.59,0,0,0,0,0,0
SNXN30.BSE_IDX,01/07/2025,11:24:43,39273.63,0,0,0,0,0,0
SNXN30.BSE_IDX,01/07/2025,11:24:52,39272.34,0,0,0,0,0,0
SNXN30.BSE_IDX,01/07/2025,11:25:00,39272.42,0,0,0,0,0,0
SNXN30.BSE_IDX,01/07/2025,11:25:07,39269.96,0,0,0,0,0,0
SNXN30.BSE_IDX,01/07/2025,11:25:15,39269.49,0,0,0,0,0,0
SNXN30.BSE_IDX,01/07/2025,11:25:23,39265.15,0,0,0,0,0,0
SNXN30.BSE_IDX,01/07/2025,11:25:31,39266.26,0,0,0,0,0,0
SNXN30.BSE_IDX,01/07/2025,11:25:41,39266,0,0,0,0,0,0
SNXN30.BSE_IDX,01/07/2025,11:25:47,39264.35,0,0,0,0,0,0
SNXN30.BSE_IDX,01/07/2025,11:25:55,39263.85,0,0,0,0,0,0
SNXN30.BSE_IDX,01/07/2025,11:26:03,39263.95,0,0,0,0,0,0
SNXN30.BSE_IDX,01/07/2025,11:26:11,39264.47,0,0,0,0,0,0
SNXN30.BSE_IDX,01/07/2025,11:26:19,39269.04,0,0,0,0,0,0
SNXN30.BSE_IDX,01/07/2025,11:26:27,39270.49,0,0,0,0,0,0
SNXN30.BSE_IDX,01/07/2025,11:26:35,39270.77,0,0,0,0,0,0
SNXN30.BSE_IDX,01/07/2025,11:26:43,39272.87,0,0,0,0,0,0
SNXN30.BSE_IDX,01/07/2025,11:26:51,39274.16,0,0,0,0,0,0
SNXN30.BSE_IDX,01/07/2025,11:26:59,39273.2,0,0,0,0,0,0
SNXN30.BSE_IDX,01/07/2025,11:27:07,39274.6,0,0,0,0,0,0
SNXN30.BSE_IDX,01/07/2025,11:27:15,39274.07,0,0,0,0,0,0
SNXN30.BSE_IDX,01/07/2025,11:27:23,39269.79,0,0,0,0,0,0
SNXN30.BSE_IDX,01/07/2025,11:27:31,39267.8,0,0,0,0,0,0
SNXN30.BSE_IDX,01/07/2025,11:27:39,39268.02,0,0,0,0,0,0
SNXN30.BSE_IDX,01/07/2025,11:27:47,39266.88,0,0,0,0,0,0
SNXN30.BSE_IDX,01/07/2025,11:27:55,39267.53,0,0,0,0,0,0
SNXN30.BSE_IDX,01/07/2025,11:28:03,39267.52,0,0,0,0,0,0
SNXN30.BSE_IDX,01/07/2025,11:28:11,39268.58,0,0,0,0,0,0
SNXN30.BSE_IDX,01/07/2025,11:28:19,39266.26,0,0,0,0,0,0
SNXN30.BSE_IDX,01/07/2025,11:28:27,39267.21,0,0,0,0,0,0
SNXN30.BSE_IDX,01/07/2025,11:28:36,39273.05,0,0,0,0,0,0
SNXN30.BSE_IDX,01/07/2025,11:28:43,39270.59,0,0,0,0,0,0
SNXN30.BSE_IDX,01/07/2025,11:28:51,39269.22,0,0,0,0,0,0
SNXN30.BSE_IDX,01/07/2025,11:28:59,39271.51,0,0,0,0,0,0
SNXN30.BSE_IDX,01/07/2025,11:29:07,39272.42,0,0,0,0,0,0
SNXN30.BSE_IDX,01/07/2025,11:29:16,39272.58,0,0,0,0,0,0
SNXN30.BSE_IDX,01/07/2025,11:29:24,39273.22,0,0,0,0,0,0
SNXN30.BSE_IDX,01/07/2025,11:29:31,39276.43,0,0,0,0,0,0
SNXN30.BSE_IDX,01/07/2025,11:29:39,39277.7,0,0,0,0,0,0
SNXN30.BSE_IDX,01/07/2025,11:29:47,39280.44,0,0,0,0,0,0
SNXN30.BSE_IDX,01/07/2025,11:29:55,39280.37,0,0,0,0,0,0
SNXN30.BSE_IDX,01/07/2025,11:30:03,39280.45,0,0,0,0,0,0
SNXN30.BSE_IDX,01/07/2025,11:30:11,39281.48,0,0,0,0,0,0
SNXN30.BSE_IDX,01/07/2025,11:30:19,39284.71,0,0,0,0,0,0
SNXN30.BSE_IDX,01/07/2025,11:30:27,39284.46,0,0,0,0,0,0
SNXN30.BSE_IDX,01/07/2025,11:30:35,39286.14,0,0,0,0,0,0
SNXN30.BSE_IDX,01/07/2025,11:30:43,39286.84,0,0,0,0,0,0
SNXN30.BSE_IDX,01/07/2025,11:30:52,39282.92,0,0,0,0,0,0
SNXN30.BSE_IDX,01/07/2025,11:30:59,39280.01,0,0,0,0,0,0
SNXN30.BSE_IDX,01/07/2025,11:31:07,39285.23,0,0,0,0,0,0
SNXN30.BSE_IDX,01/07/2025,11:31:16,39280.76,0,0,0,0,0,0
SNXN30.BSE_IDX,01/07/2025,11:31:23,39280.79,0,0,0,0,0,0
SNXN30.BSE_IDX,01/07/2025,11:31:31,39280.75,0,0,0,0,0,0
SNXN30.BSE_IDX,01/07/2025,11:31:39,39281.34,0,0,0,0,0,0
SNXN30.BSE_IDX,01/07/2025,11:31:47,39279.99,0,0,0,0,0,0
SNXN30.BSE_IDX,01/07/2025,11:31:55,39280.44,0,0,0,0,0,0
SNXN30.BSE_IDX,01/07/2025,11:32:04,39281.36,0,0,0,0,0,0
SNXN30.BSE_IDX,01/07/2025,11:32:11,39280.12,0,0,0,0,0,0
SNXN30.BSE_IDX,01/07/2025,11:32:19,39289.56,0,0,0,0,0,0
SNXN30.BSE_IDX,01/07/2025,11:32:27,39286.75,0,0,0,0,0,0
SNXN30.BSE_IDX,01/07/2025,11:32:35,39283.72,0,0,0,0,0,0
SNXN30.BSE_IDX,01/07/2025,11:32:43,39283.87,0,0,0,0,0,0
SNXN30.BSE_IDX,01/07/2025,11:32:51,39276.67,0,0,0,0,0,0
SNXN30.BSE_IDX,01/07/2025,11:32:59,39273.53,0,0,0,0,0,0
SNXN30.BSE_IDX,01/07/2025,11:33:07,39270.19,0,0,0,0,0,0
SNXN30.BSE_IDX,01/07/2025,11:33:15,39268.84,0,0,0,0,0,0
SNXN30.BSE_IDX,01/07/2025,11:33:23,39269.47,0,0,0,0,0,0
SNXN30.BSE_IDX,01/07/2025,11:33:31,39271.7,0,0,0,0,0,0
SNXN30.BSE_IDX,01/07/2025,11:33:39,39274.47,0,0,0,0,0,0
SNXN30.BSE_IDX,01/07/2025,11:33:47,39278.01,0,0,0,0,0,0
SNXN30.BSE_IDX,01/07/2025,11:33:55,39278.36,0,0,0,0,0,0
SNXN30.BSE_IDX,01/07/2025,11:34:03,39273.47,0,0,0,0,0,0
SNXN30.BSE_IDX,01/07/2025,11:34:12,39273.03,0,0,0,0,0,0
SNXN30.BSE_IDX,01/07/2025,11:34:19,39273.06,0,0,0,0,0,0
SNXN30.BSE_IDX,01/07/2025,11:34:27,39270.56,0,0,0,0,0,0
SNXN30.BSE_IDX,01/07/2025,11:34:35,39272.17,0,0,0,0,0,0
SNXN30.BSE_IDX,01/07/2025,11:34:43,39270.23,0,0,0,0,0,0
SNXN30.BSE_IDX,01/07/2025,11:34:52,39269.47,0,0,0,0,0,0
SNXN30.BSE_IDX,01/07/2025,11:35:00,39268.68,0,0,0,0,0,0
SNXN30.BSE_IDX,01/07/2025,11:35:07,39269.59,0,0,0,0,0,0
SNXN30.BSE_IDX,01/07/2025,11:35:16,39269.15,0,0,0,0,0,0
SNXN30.BSE_IDX,01/07/2025,11:35:23,39269.12,0,0,0,0,0,0
SNXN30.BSE_IDX,01/07/2025,11:35:32,39270.32,0,0,0,0,0,0
SNXN30.BSE_IDX,01/07/2025,11:35:40,39275.91,0,0,0,0,0,0
SNXN30.BSE_IDX,01/07/2025,11:35:47,39278.63,0,0,0,0,0,0
SNXN30.BSE_IDX,01/07/2025,11:35:55,39280.91,0,0,0,0,0,0
SNXN30.BSE_IDX,01/07/2025,11:36:04,39280.82,0,0,0,0,0,0
SNXN30.BSE_IDX,01/07/2025,11:36:11,39280.55,0,0,0,0,0,0
SNXN30.BSE_IDX,01/07/2025,11:36:20,39278.64,0,0,0,0,0,0
SNXN30.BSE_IDX,01/07/2025,11:36:28,39279.8,0,0,0,0,0,0
SNXN30.BSE_IDX,01/07/2025,11:36:35,39278.89,0,0,0,0,0,0
SNXN30.BSE_IDX,01/07/2025,11:36:44,39282.22,0,0,0,0,0,0
SNXN30.BSE_IDX,01/07/2025,11:36:54,39285.14,0,0,0,0,0,0
SNXN30.BSE_IDX,01/07/2025,11:36:59,39284.5,0,0,0,0,0,0
SNXN30.BSE_IDX,01/07/2025,11:37:08,39285.34,0,0,0,0,0,0
SNXN30.BSE_IDX,01/07/2025,11:37:15,39287.24,0,0,0,0,0,0
SNXN30.BSE_IDX,01/07/2025,11:37:23,39284.76,0,0,0,0,0,0
SNXN30.BSE_IDX,01/07/2025,11:37:32,39285.66,0,0,0,0,0,0
SNXN30.BSE_IDX,01/07/2025,11:37:41,39285.75,0,0,0,0,0,0
SNXN30.BSE_IDX,01/07/2025,11:37:47,39289.06,0,0,0,0,0,0
SNXN30.BSE_IDX,01/07/2025,11:37:55,39286.95,0,0,0,0,0,0
SNXN30.BSE_IDX,01/07/2025,11:38:03,39285.96,0,0,0,0,0,0
SNXN30.BSE_IDX,01/07/2025,11:38:11,39283.82,0,0,0,0,0,0
SNXN30.BSE_IDX,01/07/2025,11:38:20,39281.14,0,0,0,0,0,0
SNXN30.BSE_IDX,01/07/2025,11:38:27,39280.45,0,0,0,0,0,0
SNXN30.BSE_IDX,01/07/2025,11:38:35,39281.7,0,0,0,0,0,0
SNXN30.BSE_IDX,01/07/2025,11:38:43,39284.57,0,0,0,0,0,0
SNXN30.BSE_IDX,01/07/2025,11:38:51,39284.35,0,0,0,0,0,0
SNXN30.BSE_IDX,01/07/2025,11:38:59,39285.95,0,0,0,0,0,0
SNXN30.BSE_IDX,01/07/2025,11:39:07,39289.33,0,0,0,0,0,0
SNXN30.BSE_IDX,01/07/2025,11:39:16,39292.69,0,0,0,0,0,0
SNXN30.BSE_IDX,01/07/2025,11:39:24,39291.62,0,0,0,0,0,0
SNXN30.BSE_IDX,01/07/2025,11:39:31,39289.97,0,0,0,0,0,0
SNXN30.BSE_IDX,01/07/2025,11:39:39,39287.85,0,0,0,0,0,0
SNXN30.BSE_IDX,01/07/2025,11:39:48,39287.83,0,0,0,0,0,0
SNXN30.BSE_IDX,01/07/2025,11:39:55,39284.4,0,0,0,0,0,0
SNXN30.BSE_IDX,01/07/2025,11:40:03,39286.37,0,0,0,0,0,0
SNXN30.BSE_IDX,01/07/2025,11:40:12,39289.24,0,0,0,0,0,0
SNXN30.BSE_IDX,01/07/2025,11:40:20,39287.54,0,0,0,0,0,0
SNXN30.BSE_IDX,01/07/2025,11:40:28,39288.36,0,0,0,0,0,0
SNXN30.BSE_IDX,01/07/2025,11:40:36,39291.49,0,0,0,0,0,0
SNXN30.BSE_IDX,01/07/2025,11:40:44,39290.82,0,0,0,0,0,0
SNXN30.BSE_IDX,01/07/2025,11:40:52,39292.25,0,0,0,0,0,0
SNXN30.BSE_IDX,01/07/2025,11:41:00,39291.27,0,0,0,0,0,0
SNXN30.BSE_IDX,01/07/2025,11:41:07,39292.94,0,0,0,0,0,0
SNXN30.BSE_IDX,01/07/2025,11:41:16,39290.86,0,0,0,0,0,0
SNXN30.BSE_IDX,01/07/2025,11:41:24,39299.76,0,0,0,0,0,0
SNXN30.BSE_IDX,01/07/2025,11:41:32,39301.1,0,0,0,0,0,0
SNXN30.BSE_IDX,01/07/2025,11:41:40,39305.57,0,0,0,0,0,0
SNXN30.BSE_IDX,01/07/2025,11:41:48,39305.6,0,0,0,0,0,0
SNXN30.BSE_IDX,01/07/2025,11:41:56,39306.46,0,0,0,0,0,0
SNXN30.BSE_IDX,01/07/2025,11:42:04,39312.16,0,0,0,0,0,0
SNXN30.BSE_IDX,01/07/2025,11:42:12,39311,0,0,0,0,0,0
SNXN30.BSE_IDX,01/07/2025,11:42:20,39312.02,0,0,0,0,0,0
SNXN30.BSE_IDX,01/07/2025,11:42:28,39311.04,0,0,0,0,0,0
SNXN30.BSE_IDX,01/07/2025,11:42:36,39310.98,0,0,0,0,0,0
SNXN30.BSE_IDX,01/07/2025,11:42:44,39310.57,0,0,0,0,0,0
SNXN30.BSE_IDX,01/07/2025,11:42:52,39313.81,0,0,0,0,0,0
SNXN30.BSE_IDX,01/07/2025,11:43:00,39312.71,0,0,0,0,0,0
SNXN30.BSE_IDX,01/07/2025,11:43:08,39313.66,0,0,0,0,0,0
SNXN30.BSE_IDX,01/07/2025,11:43:16,39311.79,0,0,0,0,0,0
SNXN30.BSE_IDX,01/07/2025,11:43:24,39312.76,0,0,0,0,0,0
SNXN30.BSE_IDX,01/07/2025,11:43:32,39312.09,0,0,0,0,0,0
SNXN30.BSE_IDX,01/07/2025,11:43:40,39310.47,0,0,0,0,0,0
SNXN30.BSE_IDX,01/07/2025,11:43:48,39314.43,0,0,0,0,0,0
SNXN30.BSE_IDX,01/07/2025,11:43:56,39315.43,0,0,0,0,0,0
SNXN30.BSE_IDX,01/07/2025,11:44:04,39311.74,0,0,0,0,0,0
SNXN30.BSE_IDX,01/07/2025,11:44:12,39315.22,0,0,0,0,0,0
SNXN30.BSE_IDX,01/07/2025,11:44:20,39316.04,0,0,0,0,0,0
SNXN30.BSE_IDX,01/07/2025,11:44:28,39317.78,0,0,0,0,0,0
SNXN30.BSE_IDX,01/07/2025,11:44:36,39317.55,0,0,0,0,0,0
SNXN30.BSE_IDX,01/07/2025,11:44:44,39320.91,0,0,0,0,0,0
SNXN30.BSE_IDX,01/07/2025,11:44:52,39318.04,0,0,0,0,0,0
SNXN30.BSE_IDX,01/07/2025,11:45:00,39318.86,0,0,0,0,0,0
SNXN30.BSE_IDX,01/07/2025,11:45:08,39316.33,0,0,0,0,0,0
SNXN30.BSE_IDX,01/07/2025,11:45:16,39317.97,0,0,0,0,0,0
SNXN30.BSE_IDX,01/07/2025,11:45:24,39317.96,0,0,0,0,0,0
SNXN30.BSE_IDX,01/07/2025,11:45:32,39319.35,0,0,0,0,0,0
SNXN30.BSE_IDX,01/07/2025,11:45:40,39320.56,0,0,0,0,0,0
SNXN30.BSE_IDX,01/07/2025,11:45:48,39318.79,0,0,0,0,0,0
SNXN30.BSE_IDX,01/07/2025,11:45:56,39320.3,0,0,0,0,0,0
SNXN30.BSE_IDX,01/07/2025,11:46:04,39319.72,0,0,0,0,0,0
SNXN30.BSE_IDX,01/07/2025,11:46:12,39320.01,0,0,0,0,0,0
SNXN30.BSE_IDX,01/07/2025,11:46:20,39322.85,0,0,0,0,0,0
SNXN30.BSE_IDX,01/07/2025,11:46:28,39323.14,0,0,0,0,0,0
SNXN30.BSE_IDX,01/07/2025,11:46:36,39325.15,0,0,0,0,0,0
SNXN30.BSE_IDX,01/07/2025,11:46:44,39321.57,0,0,0,0,0,0
SNXN30.BSE_IDX,01/07/2025,11:46:52,39323.52,0,0,0,0,0,0
SNXN30.BSE_IDX,01/07/2025,11:47:00,39324.75,0,0,0,0,0,0
SNXN30.BSE_IDX,01/07/2025,11:47:08,39324.21,0,0,0,0,0,0
SNXN30.BSE_IDX,01/07/2025,11:47:16,39318.09,0,0,0,0,0,0
SNXN30.BSE_IDX,01/07/2025,11:47:24,39316.69,0,0,0,0,0,0
SNXN30.BSE_IDX,01/07/2025,11:47:32,39316.65,0,0,0,0,0,0
SNXN30.BSE_IDX,01/07/2025,11:47:40,39319.96,0,0,0,0,0,0
SNXN30.BSE_IDX,01/07/2025,11:47:48,39319.46,0,0,0,0,0,0
SNXN30.BSE_IDX,01/07/2025,11:47:56,39319.95,0,0,0,0,0,0
SNXN30.BSE_IDX,01/07/2025,11:48:04,39320.09,0,0,0,0,0,0
SNXN30.BSE_IDX,01/07/2025,11:48:12,39320.43,0,0,0,0,0,0
SNXN30.BSE_IDX,01/07/2025,11:48:20,39319.07,0,0,0,0,0,0
SNXN30.BSE_IDX,01/07/2025,11:48:28,39322.86,0,0,0,0,0,0
SNXN30.BSE_IDX,01/07/2025,11:48:36,39324.11,0,0,0,0,0,0
SNXN30.BSE_IDX,01/07/2025,11:48:44,39326,0,0,0,0,0,0
SNXN30.BSE_IDX,01/07/2025,11:48:52,39325.02,0,0,0,0,0,0
SNXN30.BSE_IDX,01/07/2025,11:49:01,39324.65,0,0,0,0,0,0
SNXN30.BSE_IDX,01/07/2025,11:49:09,39324.63,0,0,0,0,0,0
SNXN30.BSE_IDX,01/07/2025,11:49:16,39326.06,0,0,0,0,0,0
SNXN30.BSE_IDX,01/07/2025,11:49:24,39323.86,0,0,0,0,0,0
SNXN30.BSE_IDX,01/07/2025,11:49:32,39324.47,0,0,0,0,0,0
SNXN30.BSE_IDX,01/07/2025,11:49:40,39325.13,0,0,0,0,0,0
SNXN30.BSE_IDX,01/07/2025,11:49:49,39321.62,0,0,0,0,0,0
SNXN30.BSE_IDX,01/07/2025,11:49:56,39320.79,0,0,0,0,0,0
SNXN30.BSE_IDX,01/07/2025,11:50:04,39319.84,0,0,0,0,0,0
SNXN30.BSE_IDX,01/07/2025,11:50:12,39314.14,0,0,0,0,0,0
SNXN30.BSE_IDX,01/07/2025,11:50:20,39311.78,0,0,0,0,0,0
SNXN30.BSE_IDX,01/07/2025,11:50:28,39311.82,0,0,0,0,0,0
SNXN30.BSE_IDX,01/07/2025,11:50:36,39311.23,0,0,0,0,0,0
SNXN30.BSE_IDX,01/07/2025,11:50:44,39314,0,0,0,0,0,0
SNXN30.BSE_IDX,01/07/2025,11:50:52,39313.24,0,0,0,0,0,0
SNXN30.BSE_IDX,01/07/2025,11:51:00,39309.43,0,0,0,0,0,0
SNXN30.BSE_IDX,01/07/2025,11:51:08,39311.52,0,0,0,0,0,0
SNXN30.BSE_IDX,01/07/2025,11:51:16,39311.46,0,0,0,0,0,0
SNXN30.BSE_IDX,01/07/2025,11:51:24,39310.77,0,0,0,0,0,0
SNXN30.BSE_IDX,01/07/2025,11:51:32,39312.76,0,0,0,0,0,0
SNXN30.BSE_IDX,01/07/2025,11:51:40,39314.15,0,0,0,0,0,0
SNXN30.BSE_IDX,01/07/2025,11:51:48,39312.32,0,0,0,0,0,0
SNXN30.BSE_IDX,01/07/2025,11:51:56,39313.56,0,0,0,0,0,0
SNXN30.BSE_IDX,01/07/2025,11:52:04,39311.49,0,0,0,0,0,0
SNXN30.BSE_IDX,01/07/2025,11:52:12,39306.8,0,0,0,0,0,0
SNXN30.BSE_IDX,01/07/2025,11:52:20,39308.41,0,0,0,0,0,0
SNXN30.BSE_IDX,01/07/2025,11:52:28,39314.68,0,0,0,0,0,0
SNXN30.BSE_IDX,01/07/2025,11:52:36,39315.23,0,0,0,0,0,0
SNXN30.BSE_IDX,01/07/2025,11:52:44,39314.32,0,0,0,0,0,0
SNXN30.BSE_IDX,01/07/2025,11:52:52,39313.09,0,0,0,0,0,0
SNXN30.BSE_IDX,01/07/2025,11:53:00,39312.67,0,0,0,0,0,0
SNXN30.BSE_IDX,01/07/2025,11:53:08,39308.38,0,0,0,0,0,0
SNXN30.BSE_IDX,01/07/2025,11:53:16,39307.83,0,0,0,0,0,0
SNXN30.BSE_IDX,01/07/2025,11:53:24,39305.1,0,0,0,0,0,0
SNXN30.BSE_IDX,01/07/2025,11:53:32,39303.22,0,0,0,0,0,0
SNXN30.BSE_IDX,01/07/2025,11:53:40,39304.26,0,0,0,0,0,0
SNXN30.BSE_IDX,01/07/2025,11:53:48,39305.64,0,0,0,0,0,0
SNXN30.BSE_IDX,01/07/2025,11:53:56,39304.69,0,0,0,0,0,0
SNXN30.BSE_IDX,01/07/2025,11:54:04,39300.33,0,0,0,0,0,0
SNXN30.BSE_IDX,01/07/2025,11:54:12,39294.91,0,0,0,0,0,0
SNXN30.BSE_IDX,01/07/2025,11:54:20,39293.5,0,0,0,0,0,0
SNXN30.BSE_IDX,01/07/2025,11:54:28,39294.56,0,0,0,0,0,0
SNXN30.BSE_IDX,01/07/2025,11:54:36,39294.76,0,0,0,0,0,0
SNXN30.BSE_IDX,01/07/2025,11:54:44,39292.66,0,0,0,0,0,0
SNXN30.BSE_IDX,01/07/2025,11:54:52,39288.93,0,0,0,0,0,0
SNXN30.BSE_IDX,01/07/2025,11:55:00,39289.4,0,0,0,0,0,0
SNXN30.BSE_IDX,01/07/2025,11:55:08,39290.3,0,0,0,0,0,0
SNXN30.BSE_IDX,01/07/2025,11:55:17,39286.72,0,0,0,0,0,0
SNXN30.BSE_IDX,01/07/2025,11:55:24,39285.14,0,0,0,0,0,0
SNXN30.BSE_IDX,01/07/2025,11:55:32,39285.39,0,0,0,0,0,0
SNXN30.BSE_IDX,01/07/2025,11:55:40,39288.11,0,0,0,0,0,0
SNXN30.BSE_IDX,01/07/2025,11:55:48,39286.52,0,0,0,0,0,0
SNXN30.BSE_IDX,01/07/2025,11:55:56,39285.62,0,0,0,0,0,0
SNXN30.BSE_IDX,01/07/2025,11:56:05,39286.41,0,0,0,0,0,0
SNXN30.BSE_IDX,01/07/2025,11:56:12,39289.26,0,0,0,0,0,0
SNXN30.BSE_IDX,01/07/2025,11:56:20,39284.55,0,0,0,0,0,0
SNXN30.BSE_IDX,01/07/2025,11:56:28,39284.36,0,0,0,0,0,0
SNXN30.BSE_IDX,01/07/2025,11:56:36,39282.6,0,0,0,0,0,0
SNXN30.BSE_IDX,01/07/2025,11:56:44,39282.76,0,0,0,0,0,0
SNXN30.BSE_IDX,01/07/2025,11:56:52,39280.91,0,0,0,0,0,0
SNXN30.BSE_IDX,01/07/2025,11:57:00,39280.59,0,0,0,0,0,0
SNXN30.BSE_IDX,01/07/2025,11:57:08,39276.13,0,0,0,0,0,0
SNXN30.BSE_IDX,01/07/2025,11:57:16,39272.44,0,0,0,0,0,0
SNXN30.BSE_IDX,01/07/2025,11:57:24,39273.77,0,0,0,0,0,0
SNXN30.BSE_IDX,01/07/2025,11:57:32,39273.75,0,0,0,0,0,0
SNXN30.BSE_IDX,01/07/2025,11:57:40,39275.39,0,0,0,0,0,0
SNXN30.BSE_IDX,01/07/2025,11:57:48,39275.85,0,0,0,0,0,0
SNXN30.BSE_IDX,01/07/2025,11:57:56,39276.73,0,0,0,0,0,0
SNXN30.BSE_IDX,01/07/2025,11:58:04,39272.57,0,0,0,0,0,0
SNXN30.BSE_IDX,01/07/2025,11:58:12,39269.1,0,0,0,0,0,0
SNXN30.BSE_IDX,01/07/2025,11:58:20,39269.46,0,0,0,0,0,0
SNXN30.BSE_IDX,01/07/2025,11:58:28,39268.09,0,0,0,0,0,0
SNXN30.BSE_IDX,01/07/2025,11:58:36,39268.31,0,0,0,0,0,0
SNXN30.BSE_IDX,01/07/2025,11:58:44,39273.99,0,0,0,0,0,0
SNXN30.BSE_IDX,01/07/2025,11:58:52,39274.77,0,0,0,0,0,0
SNXN30.BSE_IDX,01/07/2025,11:59:00,39273.29,0,0,0,0,0,0
SNXN30.BSE_IDX,01/07/2025,11:59:08,39275.03,0,0,0,0,0,0
SNXN30.BSE_IDX,01/07/2025,11:59:16,39274.4,0,0,0,0,0,0
SNXN30.BSE_IDX,01/07/2025,11:59:24,39280.84,0,0,0,0,0,0
SNXN30.BSE_IDX,01/07/2025,11:59:32,39288.48,0,0,0,0,0,0
SNXN30.BSE_IDX,01/07/2025,11:59:40,39289.77,0,0,0,0,0,0
SNXN30.BSE_IDX,01/07/2025,11:59:48,39292.3,0,0,0,0,0,0
SNXN30.BSE_IDX,01/07/2025,11:59:56,39293.75,0,0,0,0,0,0
SNXN30.BSE_IDX,01/07/2025,12:00:05,39295.58,0,0,0,0,0,0
SNXN30.BSE_IDX,01/07/2025,12:00:12,39294.44,0,0,0,0,0,0
SNXN30.BSE_IDX,01/07/2025,12:00:20,39292.06,0,0,0,0,0,0
SNXN30.BSE_IDX,01/07/2025,12:00:28,39288.21,0,0,0,0,0,0
SNXN30.BSE_IDX,01/07/2025,12:00:37,39287.81,0,0,0,0,0,0
SNXN30.BSE_IDX,01/07/2025,12:00:44,39285.98,0,0,0,0,0,0
SNXN30.BSE_IDX,01/07/2025,12:00:52,39286.08,0,0,0,0,0,0
SNXN30.BSE_IDX,01/07/2025,12:01:00,39288.5,0,0,0,0,0,0
SNXN30.BSE_IDX,01/07/2025,12:01:08,39288.2,0,0,0,0,0,0
SNXN30.BSE_IDX,01/07/2025,12:01:16,39288.14,0,0,0,0,0,0
SNXN30.BSE_IDX,01/07/2025,12:01:24,39287.74,0,0,0,0,0,0
SNXN30.BSE_IDX,01/07/2025,12:01:32,39289.66,0,0,0,0,0,0
SNXN30.BSE_IDX,01/07/2025,12:01:40,39292.61,0,0,0,0,0,0
SNXN30.BSE_IDX,01/07/2025,12:01:48,39292.42,0,0,0,0,0,0
SNXN30.BSE_IDX,01/07/2025,12:01:57,39293.62,0,0,0,0,0,0
SNXN30.BSE_IDX,01/07/2025,12:02:04,39296.38,0,0,0,0,0,0
SNXN30.BSE_IDX,01/07/2025,12:02:12,39297.55,0,0,0,0,0,0
SNXN30.BSE_IDX,01/07/2025,12:02:20,39298.64,0,0,0,0,0,0
SNXN30.BSE_IDX,01/07/2025,12:02:28,39299.25,0,0,0,0,0,0
SNXN30.BSE_IDX,01/07/2025,12:02:36,39298.96,0,0,0,0,0,0
SNXN30.BSE_IDX,01/07/2025,12:02:44,39296.94,0,0,0,0,0,0
SNXN30.BSE_IDX,01/07/2025,12:02:52,39296.59,0,0,0,0,0,0
SNXN30.BSE_IDX,01/07/2025,12:03:00,39298.81,0,0,0,0,0,0
SNXN30.BSE_IDX,01/07/2025,12:03:08,39301.41,0,0,0,0,0,0
SNXN30.BSE_IDX,01/07/2025,12:03:17,39302.69,0,0,0,0,0,0
SNXN30.BSE_IDX,01/07/2025,12:03:24,39298.55,0,0,0,0,0,0
SNXN30.BSE_IDX,01/07/2025,12:03:32,39299.15,0,0,0,0,0,0
SNXN30.BSE_IDX,01/07/2025,12:03:40,39296.26,0,0,0,0,0,0
SNXN30.BSE_IDX,01/07/2025,12:03:48,39296.52,0,0,0,0,0,0
SNXN30.BSE_IDX,01/07/2025,12:03:56,39297.35,0,0,0,0,0,0
SNXN30.BSE_IDX,01/07/2025,12:04:04,39295.81,0,0,0,0,0,0
SNXN30.BSE_IDX,01/07/2025,12:04:12,39295.32,0,0,0,0,0,0
SNXN30.BSE_IDX,01/07/2025,12:04:20,39295.47,0,0,0,0,0,0
SNXN30.BSE_IDX,01/07/2025,12:04:28,39296.07,0,0,0,0,0,0
SNXN30.BSE_IDX,01/07/2025,12:04:36,39296.3,0,0,0,0,0,0
SNXN30.BSE_IDX,01/07/2025,12:04:44,39297.25,0,0,0,0,0,0
SNXN30.BSE_IDX,01/07/2025,12:04:52,39297.91,0,0,0,0,0,0
SNXN30.BSE_IDX,01/07/2025,12:05:01,39299.35,0,0,0,0,0,0
SNXN30.BSE_IDX,01/07/2025,12:05:08,39301.29,0,0,0,0,0,0
SNXN30.BSE_IDX,01/07/2025,12:05:16,39301.45,0,0,0,0,0,0
SNXN30.BSE_IDX,01/07/2025,12:05:24,39299.58,0,0,0,0,0,0
SNXN30.BSE_IDX,01/07/2025,12:05:32,39300.27,0,0,0,0,0,0
SNXN30.BSE_IDX,01/07/2025,12:05:40,39299.55,0,0,0,0,0,0
SNXN30.BSE_IDX,01/07/2025,12:05:48,39298.58,0,0,0,0,0,0
SNXN30.BSE_IDX,01/07/2025,12:05:56,39298.46,0,0,0,0,0,0
SNXN30.BSE_IDX,01/07/2025,12:06:04,39298.66,0,0,0,0,0,0
SNXN30.BSE_IDX,01/07/2025,12:06:12,39300.76,0,0,0,0,0,0
SNXN30.BSE_IDX,01/07/2025,12:06:20,39300.2,0,0,0,0,0,0
SNXN30.BSE_IDX,01/07/2025,12:06:28,39299.65,0,0,0,0,0,0
SNXN30.BSE_IDX,01/07/2025,12:06:36,39300.76,0,0,0,0,0,0
SNXN30.BSE_IDX,01/07/2025,12:06:44,39301.11,0,0,0,0,0,0
SNXN30.BSE_IDX,01/07/2025,12:06:53,39301.11,0,0,0,0,0,0
SNXN30.BSE_IDX,01/07/2025,12:07:00,39299.99,0,0,0,0,0,0
SNXN30.BSE_IDX,01/07/2025,12:07:08,39299.26,0,0,0,0,0,0
SNXN30.BSE_IDX,01/07/2025,12:07:17,39299.48,0,0,0,0,0,0
SNXN30.BSE_IDX,01/07/2025,12:07:24,39298.5,0,0,0,0,0,0
SNXN30.BSE_IDX,01/07/2025,12:07:33,39297.4,0,0,0,0,0,0
SNXN30.BSE_IDX,01/07/2025,12:07:40,39296.62,0,0,0,0,0,0
SNXN30.BSE_IDX,01/07/2025,12:07:49,39299.69,0,0,0,0,0,0
SNXN30.BSE_IDX,01/07/2025,12:07:57,39298.07,0,0,0,0,0,0
SNXN30.BSE_IDX,01/07/2025,12:08:05,39299.35,0,0,0,0,0,0
SNXN30.BSE_IDX,01/07/2025,12:08:13,39298.09,0,0,0,0,0,0
SNXN30.BSE_IDX,01/07/2025,12:08:21,39295.51,0,0,0,0,0,0
SNXN30.BSE_IDX,01/07/2025,12:08:28,39301.61,0,0,0,0,0,0
SNXN30.BSE_IDX,01/07/2025,12:08:36,39298.44,0,0,0,0,0,0
SNXN30.BSE_IDX,01/07/2025,12:08:45,39299.86,0,0,0,0,0,0
SNXN30.BSE_IDX,01/07/2025,12:08:52,39299.89,0,0,0,0,0,0
SNXN30.BSE_IDX,01/07/2025,12:09:00,39301.18,0,0,0,0,0,0
SNXN30.BSE_IDX,01/07/2025,12:09:08,39303.44,0,0,0,0,0,0
SNXN30.BSE_IDX,01/07/2025,12:09:16,39304.47,0,0,0,0,0,0
SNXN30.BSE_IDX,01/07/2025,12:09:25,39303.54,0,0,0,0,0,0
SNXN30.BSE_IDX,01/07/2025,12:09:32,39305.9,0,0,0,0,0,0
SNXN30.BSE_IDX,01/07/2025,12:09:40,39306.13,0,0,0,0,0,0
SNXN30.BSE_IDX,01/07/2025,12:09:48,39302.12,0,0,0,0,0,0
SNXN30.BSE_IDX,01/07/2025,12:09:57,39299.08,0,0,0,0,0,0
SNXN30.BSE_IDX,01/07/2025,12:10:05,39298.4,0,0,0,0,0,0
SNXN30.BSE_IDX,01/07/2025,12:10:13,39302.54,0,0,0,0,0,0
SNXN30.BSE_IDX,01/07/2025,12:10:22,39305.4,0,0,0,0,0,0
SNXN30.BSE_IDX,01/07/2025,12:10:28,39305.16,0,0,0,0,0,0
SNXN30.BSE_IDX,01/07/2025,12:10:36,39304.97,0,0,0,0,0,0
SNXN30.BSE_IDX,01/07/2025,12:10:45,39304.01,0,0,0,0,0,0
SNXN30.BSE_IDX,01/07/2025,12:10:52,39304.85,0,0,0,0,0,0
SNXN30.BSE_IDX,01/07/2025,12:11:00,39304.91,0,0,0,0,0,0
SNXN30.BSE_IDX,01/07/2025,12:11:08,39305.24,0,0,0,0,0,0
SNXN30.BSE_IDX,01/07/2025,12:11:17,39306.56,0,0,0,0,0,0
SNXN30.BSE_IDX,01/07/2025,12:11:24,39306.83,0,0,0,0,0,0
SNXN30.BSE_IDX,01/07/2025,12:11:32,39307.95,0,0,0,0,0,0
SNXN30.BSE_IDX,01/07/2025,12:11:41,39308.46,0,0,0,0,0,0
SNXN30.BSE_IDX,01/07/2025,12:11:49,39312.6,0,0,0,0,0,0
SNXN30.BSE_IDX,01/07/2025,12:11:57,39315.17,0,0,0,0,0,0
SNXN30.BSE_IDX,01/07/2025,12:12:05,39321.06,0,0,0,0,0,0
SNXN30.BSE_IDX,01/07/2025,12:12:13,39323.72,0,0,0,0,0,0
SNXN30.BSE_IDX,01/07/2025,12:12:21,39322.27,0,0,0,0,0,0
SNXN30.BSE_IDX,01/07/2025,12:12:29,39321.73,0,0,0,0,0,0
SNXN30.BSE_IDX,01/07/2025,12:12:37,39321.27,0,0,0,0,0,0
SNXN30.BSE_IDX,01/07/2025,12:12:45,39320.75,0,0,0,0,0,0
SNXN30.BSE_IDX,01/07/2025,12:12:53,39320.78,0,0,0,0,0,0
SNXN30.BSE_IDX,01/07/2025,12:13:01,39321.8,0,0,0,0,0,0
SNXN30.BSE_IDX,01/07/2025,12:13:09,39324.23,0,0,0,0,0,0
SNXN30.BSE_IDX,01/07/2025,12:13:17,39326,0,0,0,0,0,0
SNXN30.BSE_IDX,01/07/2025,12:13:25,39329.97,0,0,0,0,0,0
SNXN30.BSE_IDX,01/07/2025,12:13:33,39329.35,0,0,0,0,0,0
SNXN30.BSE_IDX,01/07/2025,12:13:41,39330.8,0,0,0,0,0,0
SNXN30.BSE_IDX,01/07/2025,12:13:49,39333.1,0,0,0,0,0,0
SNXN30.BSE_IDX,01/07/2025,12:13:57,39329.66,0,0,0,0,0,0
SNXN30.BSE_IDX,01/07/2025,12:14:05,39332.44,0,0,0,0,0,0
SNXN30.BSE_IDX,01/07/2025,12:14:13,39333.58,0,0,0,0,0,0
SNXN30.BSE_IDX,01/07/2025,12:14:21,39338.35,0,0,0,0,0,0
SNXN30.BSE_IDX,01/07/2025,12:14:29,39336.45,0,0,0,0,0,0
SNXN30.BSE_IDX,01/07/2025,12:14:37,39338.26,0,0,0,0,0,0
SNXN30.BSE_IDX,01/07/2025,12:14:46,39339.16,0,0,0,0,0,0
SNXN30.BSE_IDX,01/07/2025,12:14:54,39335.74,0,0,0,0,0,0
SNXN30.BSE_IDX,01/07/2025,12:15:01,39335.33,0,0,0,0,0,0
SNXN30.BSE_IDX,01/07/2025,12:15:09,39335.27,0,0,0,0,0,0
SNXN30.BSE_IDX,01/07/2025,12:15:17,39335.91,0,0,0,0,0,0
SNXN30.BSE_IDX,01/07/2025,12:15:25,39333.04,0,0,0,0,0,0
SNXN30.BSE_IDX,01/07/2025,12:15:33,39332.21,0,0,0,0,0,0
SNXN30.BSE_IDX,01/07/2025,12:15:41,39331.02,0,0,0,0,0,0
SNXN30.BSE_IDX,01/07/2025,12:15:49,39329.7,0,0,0,0,0,0
SNXN30.BSE_IDX,01/07/2025,12:15:57,39331.8,0,0,0,0,0,0
SNXN30.BSE_IDX,01/07/2025,12:16:05,39334.52,0,0,0,0,0,0
SNXN30.BSE_IDX,01/07/2025,12:16:13,39337.89,0,0,0,0,0,0
SNXN30.BSE_IDX,01/07/2025,12:16:21,39339.89,0,0,0,0,0,0
SNXN30.BSE_IDX,01/07/2025,12:16:29,39341.87,0,0,0,0,0,0
SNXN30.BSE_IDX,01/07/2025,12:16:37,39340.2,0,0,0,0,0,0
SNXN30.BSE_IDX,01/07/2025,12:16:45,39339.51,0,0,0,0,0,0
SNXN30.BSE_IDX,01/07/2025,12:16:53,39340.02,0,0,0,0,0,0
SNXN30.BSE_IDX,01/07/2025,12:17:01,39341.3,0,0,0,0,0,0
SNXN30.BSE_IDX,01/07/2025,12:17:09,39340.65,0,0,0,0,0,0
SNXN30.BSE_IDX,01/07/2025,12:17:17,39344.17,0,0,0,0,0,0
SNXN30.BSE_IDX,01/07/2025,12:17:25,39343.23,0,0,0,0,0,0
SNXN30.BSE_IDX,01/07/2025,12:17:33,39346.17,0,0,0,0,0,0
SNXN30.BSE_IDX,01/07/2025,12:17:41,39345.05,0,0,0,0,0,0
SNXN30.BSE_IDX,01/07/2025,12:17:49,39347.13,0,0,0,0,0,0
SNXN30.BSE_IDX,01/07/2025,12:17:57,39350.22,0,0,0,0,0,0
SNXN30.BSE_IDX,01/07/2025,12:18:05,39355.54,0,0,0,0,0,0
SNXN30.BSE_IDX,01/07/2025,12:18:13,39353.65,0,0,0,0,0,0
SNXN30.BSE_IDX,01/07/2025,12:18:21,39353.7,0,0,0,0,0,0
SNXN30.BSE_IDX,01/07/2025,12:18:29,39356.91,0,0,0,0,0,0
SNXN30.BSE_IDX,01/07/2025,12:18:37,39353.92,0,0,0,0,0,0
SNXN30.BSE_IDX,01/07/2025,12:18:45,39358.83,0,0,0,0,0,0
SNXN30.BSE_IDX,01/07/2025,12:18:53,39361.49,0,0,0,0,0,0
SNXN30.BSE_IDX,01/07/2025,12:19:01,39365.88,0,0,0,0,0,0
SNXN30.BSE_IDX,01/07/2025,12:19:09,39366.42,0,0,0,0,0,0
SNXN30.BSE_IDX,01/07/2025,12:19:17,39366.38,0,0,0,0,0,0
SNXN30.BSE_IDX,01/07/2025,12:19:25,39365.7,0,0,0,0,0,0
SNXN30.BSE_IDX,01/07/2025,12:19:33,39363.29,0,0,0,0,0,0
SNXN30.BSE_IDX,01/07/2025,12:19:41,39364.67,0,0,0,0,0,0
SNXN30.BSE_IDX,01/07/2025,12:19:49,39368.14,0,0,0,0,0,0
SNXN30.BSE_IDX,01/07/2025,12:19:57,39370.23,0,0,0,0,0,0
SNXN30.BSE_IDX,01/07/2025,12:20:05,39371.02,0,0,0,0,0,0
SNXN30.BSE_IDX,01/07/2025,12:20:13,39366.18,0,0,0,0,0,0
SNXN30.BSE_IDX,01/07/2025,12:20:21,39369.57,0,0,0,0,0,0
SNXN30.BSE_IDX,01/07/2025,12:20:29,39370.98,0,0,0,0,0,0
SNXN30.BSE_IDX,01/07/2025,12:20:37,39372.98,0,0,0,0,0,0
SNXN30.BSE_IDX,01/07/2025,12:20:45,39374.03,0,0,0,0,0,0
SNXN30.BSE_IDX,01/07/2025,12:20:53,39373.33,0,0,0,0,0,0
SNXN30.BSE_IDX,01/07/2025,12:21:01,39368.86,0,0,0,0,0,0
SNXN30.BSE_IDX,01/07/2025,12:21:09,39369.08,0,0,0,0,0,0
SNXN30.BSE_IDX,01/07/2025,12:21:17,39369.47,0,0,0,0,0,0
SNXN30.BSE_IDX,01/07/2025,12:21:25,39366.68,0,0,0,0,0,0
SNXN30.BSE_IDX,01/07/2025,12:21:33,39365.95,0,0,0,0,0,0
SNXN30.BSE_IDX,01/07/2025,12:21:41,39367.62,0,0,0,0,0,0
SNXN30.BSE_IDX,01/07/2025,12:21:49,39372.29,0,0,0,0,0,0
SNXN30.BSE_IDX,01/07/2025,12:21:57,39375.13,0,0,0,0,0,0
SNXN30.BSE_IDX,01/07/2025,12:22:05,39376.58,0,0,0,0,0,0
SNXN30.BSE_IDX,01/07/2025,12:22:13,39376.34,0,0,0,0,0,0
SNXN30.BSE_IDX,01/07/2025,12:22:21,39375.75,0,0,0,0,0,0
SNXN30.BSE_IDX,01/07/2025,12:22:29,39370.69,0,0,0,0,0,0
SNXN30.BSE_IDX,01/07/2025,12:22:37,39373.68,0,0,0,0,0,0
SNXN30.BSE_IDX,01/07/2025,12:22:45,39374.49,0,0,0,0,0,0
SNXN30.BSE_IDX,01/07/2025,12:22:53,39374.6,0,0,0,0,0,0
SNXN30.BSE_IDX,01/07/2025,12:23:02,39376.04,0,0,0,0,0,0
SNXN30.BSE_IDX,01/07/2025,12:23:09,39377.9,0,0,0,0,0,0
SNXN30.BSE_IDX,01/07/2025,12:23:17,39378.46,0,0,0,0,0,0
SNXN30.BSE_IDX,01/07/2025,12:23:25,39378.91,0,0,0,0,0,0
SNXN30.BSE_IDX,01/07/2025,12:23:33,39379.05,0,0,0,0,0,0
SNXN30.BSE_IDX,01/07/2025,12:23:41,39379.85,0,0,0,0,0,0
SNXN30.BSE_IDX,01/07/2025,12:23:49,39381.72,0,0,0,0,0,0
SNXN30.BSE_IDX,01/07/2025,12:23:57,39382.4,0,0,0,0,0,0
SNXN30.BSE_IDX,01/07/2025,12:24:05,39388.89,0,0,0,0,0,0
SNXN30.BSE_IDX,01/07/2025,12:24:13,39389.18,0,0,0,0,0,0
SNXN30.BSE_IDX,01/07/2025,12:24:21,39390.42,0,0,0,0,0,0
SNXN30.BSE_IDX,01/07/2025,12:24:29,39393.11,0,0,0,0,0,0
SNXN30.BSE_IDX,01/07/2025,12:24:37,39390.41,0,0,0,0,0,0
SNXN30.BSE_IDX,01/07/2025,12:24:45,39387.95,0,0,0,0,0,0
SNXN30.BSE_IDX,01/07/2025,12:24:53,39388.37,0,0,0,0,0,0
SNXN30.BSE_IDX,01/07/2025,12:25:01,39388.15,0,0,0,0,0,0
SNXN30.BSE_IDX,01/07/2025,12:25:09,39386.14,0,0,0,0,0,0
SNXN30.BSE_IDX,01/07/2025,12:25:17,39385.01,0,0,0,0,0,0
SNXN30.BSE_IDX,01/07/2025,12:25:25,39386.97,0,0,0,0,0,0
SNXN30.BSE_IDX,01/07/2025,12:25:33,39387.23,0,0,0,0,0,0
SNXN30.BSE_IDX,01/07/2025,12:25:41,39388.02,0,0,0,0,0,0
SNXN30.BSE_IDX,01/07/2025,12:25:49,39390.53,0,0,0,0,0,0
SNXN30.BSE_IDX,01/07/2025,12:25:57,39390.78,0,0,0,0,0,0
SNXN30.BSE_IDX,01/07/2025,12:26:05,39389.97,0,0,0,0,0,0
SNXN30.BSE_IDX,01/07/2025,12:26:13,39390.04,0,0,0,0,0,0
SNXN30.BSE_IDX,01/07/2025,12:26:21,39391.22,0,0,0,0,0,0
SNXN30.BSE_IDX,01/07/2025,12:26:31,39389.08,0,0,0,0,0,0
SNXN30.BSE_IDX,01/07/2025,12:26:37,39389.73,0,0,0,0,0,0
SNXN30.BSE_IDX,01/07/2025,12:26:45,39389.11,0,0,0,0,0,0
SNXN30.BSE_IDX,01/07/2025,12:26:53,39391.47,0,0,0,0,0,0
SNXN30.BSE_IDX,01/07/2025,12:27:01,39388.35,0,0,0,0,0,0
SNXN30.BSE_IDX,01/07/2025,12:27:09,39388.55,0,0,0,0,0,0
SNXN30.BSE_IDX,01/07/2025,12:27:17,39389.24,0,0,0,0,0,0
SNXN30.BSE_IDX,01/07/2025,12:27:25,39387.3,0,0,0,0,0,0
SNXN30.BSE_IDX,01/07/2025,12:27:33,39382.38,0,0,0,0,0,0
SNXN30.BSE_IDX,01/07/2025,12:27:41,39383.53,0,0,0,0,0,0
SNXN30.BSE_IDX,01/07/2025,12:27:49,39383.28,0,0,0,0,0,0
SNXN30.BSE_IDX,01/07/2025,12:27:57,39382.52,0,0,0,0,0,0
SNXN30.BSE_IDX,01/07/2025,12:28:05,39380.37,0,0,0,0,0,0
SNXN30.BSE_IDX,01/07/2025,12:28:13,39381.91,0,0,0,0,0,0
SNXN30.BSE_IDX,01/07/2025,12:28:21,39379.47,0,0,0,0,0,0
SNXN30.BSE_IDX,01/07/2025,12:28:29,39380.68,0,0,0,0,0,0
SNXN30.BSE_IDX,01/07/2025,12:28:37,39380.19,0,0,0,0,0,0
SNXN30.BSE_IDX,01/07/2025,12:28:45,39374.25,0,0,0,0,0,0
SNXN30.BSE_IDX,01/07/2025,12:28:53,39370.31,0,0,0,0,0,0
SNXN30.BSE_IDX,01/07/2025,12:29:01,39371.69,0,0,0,0,0,0
SNXN30.BSE_IDX,01/07/2025,12:29:10,39371.13,0,0,0,0,0,0
SNXN30.BSE_IDX,01/07/2025,12:29:18,39371.09,0,0,0,0,0,0
SNXN30.BSE_IDX,01/07/2025,12:29:25,39370.76,0,0,0,0,0,0
SNXN30.BSE_IDX,01/07/2025,12:29:33,39370.33,0,0,0,0,0,0
SNXN30.BSE_IDX,01/07/2025,12:29:41,39370.12,0,0,0,0,0,0
SNXN30.BSE_IDX,01/07/2025,12:29:49,39371.1,0,0,0,0,0,0
SNXN30.BSE_IDX,01/07/2025,12:29:57,39369.83,0,0,0,0,0,0
SNXN30.BSE_IDX,01/07/2025,12:30:05,39373.41,0,0,0,0,0,0
SNXN30.BSE_IDX,01/07/2025,12:30:13,39374.3,0,0,0,0,0,0
SNXN30.BSE_IDX,01/07/2025,12:30:22,39376.55,0,0,0,0,0,0
SNXN30.BSE_IDX,01/07/2025,12:30:29,39376.21,0,0,0,0,0,0
SNXN30.BSE_IDX,01/07/2025,12:30:37,39375.45,0,0,0,0,0,0
SNXN30.BSE_IDX,01/07/2025,12:30:45,39373.21,0,0,0,0,0,0
SNXN30.BSE_IDX,01/07/2025,12:30:53,39375.01,0,0,0,0,0,0
SNXN30.BSE_IDX,01/07/2025,12:31:01,39375.97,0,0,0,0,0,0
SNXN30.BSE_IDX,01/07/2025,12:31:09,39363.78,0,0,0,0,0,0
SNXN30.BSE_IDX,01/07/2025,12:31:17,39362.42,0,0,0,0,0,0
SNXN30.BSE_IDX,01/07/2025,12:31:25,39360.19,0,0,0,0,0,0
SNXN30.BSE_IDX,01/07/2025,12:31:34,39354.92,0,0,0,0,0,0
SNXN30.BSE_IDX,01/07/2025,12:31:41,39349.01,0,0,0,0,0,0
SNXN30.BSE_IDX,01/07/2025,12:31:49,39342.11,0,0,0,0,0,0
SNXN30.BSE_IDX,01/07/2025,12:31:57,39340.96,0,0,0,0,0,0
SNXN30.BSE_IDX,01/07/2025,12:32:05,39341.33,0,0,0,0,0,0
SNXN30.BSE_IDX,01/07/2025,12:32:13,39343.74,0,0,0,0,0,0
SNXN30.BSE_IDX,01/07/2025,12:32:21,39341.41,0,0,0,0,0,0
SNXN30.BSE_IDX,01/07/2025,12:32:29,39339.3,0,0,0,0,0,0
SNXN30.BSE_IDX,01/07/2025,12:32:37,39338.81,0,0,0,0,0,0
SNXN30.BSE_IDX,01/07/2025,12:32:45,39339.09,0,0,0,0,0,0
SNXN30.BSE_IDX,01/07/2025,12:32:53,39341.29,0,0,0,0,0,0
SNXN30.BSE_IDX,01/07/2025,12:33:01,39339.13,0,0,0,0,0,0
SNXN30.BSE_IDX,01/07/2025,12:33:09,39340.86,0,0,0,0,0,0
SNXN30.BSE_IDX,01/07/2025,12:33:17,39339.66,0,0,0,0,0,0
SNXN30.BSE_IDX,01/07/2025,12:33:26,39338.55,0,0,0,0,0,0
SNXN30.BSE_IDX,01/07/2025,12:33:33,39338.52,0,0,0,0,0,0
SNXN30.BSE_IDX,01/07/2025,12:33:41,39342.18,0,0,0,0,0,0
SNXN30.BSE_IDX,01/07/2025,12:33:49,39340.84,0,0,0,0,0,0
SNXN30.BSE_IDX,01/07/2025,12:33:57,39340.61,0,0,0,0,0,0
SNXN30.BSE_IDX,01/07/2025,12:34:05,39340.84,0,0,0,0,0,0
SNXN30.BSE_IDX,01/07/2025,12:34:13,39342.13,0,0,0,0,0,0
SNXN30.BSE_IDX,01/07/2025,12:34:21,39342.41,0,0,0,0,0,0
SNXN30.BSE_IDX,01/07/2025,12:34:29,39346.99,0,0,0,0,0,0
SNXN30.BSE_IDX,01/07/2025,12:34:37,39348.24,0,0,0,0,0,0
SNXN30.BSE_IDX,01/07/2025,12:34:45,39348.13,0,0,0,0,0,0
SNXN30.BSE_IDX,01/07/2025,12:34:53,39355.86,0,0,0,0,0,0
SNXN30.BSE_IDX,01/07/2025,12:35:01,39359.11,0,0,0,0,0,0
SNXN30.BSE_IDX,01/07/2025,12:35:09,39358.17,0,0,0,0,0,0
SNXN30.BSE_IDX,01/07/2025,12:35:17,39361.66,0,0,0,0,0,0
SNXN30.BSE_IDX,01/07/2025,12:35:25,39363.94,0,0,0,0,0,0
SNXN30.BSE_IDX,01/07/2025,12:35:33,39364.47,0,0,0,0,0,0
SNXN30.BSE_IDX,01/07/2025,12:35:41,39361.49,0,0,0,0,0,0
SNXN30.BSE_IDX,01/07/2025,12:35:49,39365.03,0,0,0,0,0,0
SNXN30.BSE_IDX,01/07/2025,12:35:57,39365.33,0,0,0,0,0,0
SNXN30.BSE_IDX,01/07/2025,12:36:05,39369.4,0,0,0,0,0,0
SNXN30.BSE_IDX,01/07/2025,12:36:13,39367.07,0,0,0,0,0,0
SNXN30.BSE_IDX,01/07/2025,12:36:21,39370.12,0,0,0,0,0,0
SNXN30.BSE_IDX,01/07/2025,12:36:29,39370.37,0,0,0,0,0,0
SNXN30.BSE_IDX,01/07/2025,12:36:37,39372.85,0,0,0,0,0,0
SNXN30.BSE_IDX,01/07/2025,12:36:45,39376.58,0,0,0,0,0,0
SNXN30.BSE_IDX,01/07/2025,12:36:53,39377.45,0,0,0,0,0,0
SNXN30.BSE_IDX,01/07/2025,12:37:01,39376.13,0,0,0,0,0,0
SNXN30.BSE_IDX,01/07/2025,12:37:09,39378.55,0,0,0,0,0,0
SNXN30.BSE_IDX,01/07/2025,12:37:17,39379.53,0,0,0,0,0,0
SNXN30.BSE_IDX,01/07/2025,12:37:25,39378.29,0,0,0,0,0,0
SNXN30.BSE_IDX,01/07/2025,12:37:33,39375.9,0,0,0,0,0,0
SNXN30.BSE_IDX,01/07/2025,12:37:41,39366.87,0,0,0,0,0,0
SNXN30.BSE_IDX,01/07/2025,12:37:49,39367,0,0,0,0,0,0
SNXN30.BSE_IDX,01/07/2025,12:37:57,39363.85,0,0,0,0,0,0
SNXN30.BSE_IDX,01/07/2025,12:38:05,39363.11,0,0,0,0,0,0
SNXN30.BSE_IDX,01/07/2025,12:38:13,39362.61,0,0,0,0,0,0
SNXN30.BSE_IDX,01/07/2025,12:38:22,39362.95,0,0,0,0,0,0
SNXN30.BSE_IDX,01/07/2025,12:38:29,39363.33,0,0,0,0,0,0
SNXN30.BSE_IDX,01/07/2025,12:38:39,39365.31,0,0,0,0,0,0
SNXN30.BSE_IDX,01/07/2025,12:38:45,39365.64,0,0,0,0,0,0
SNXN30.BSE_IDX,01/07/2025,12:38:53,39364.93,0,0,0,0,0,0
SNXN30.BSE_IDX,01/07/2025,12:39:01,39362.78,0,0,0,0,0,0
SNXN30.BSE_IDX,01/07/2025,12:39:10,39363.2,0,0,0,0,0,0
SNXN30.BSE_IDX,01/07/2025,12:39:18,39363.9,0,0,0,0,0,0
SNXN30.BSE_IDX,01/07/2025,12:39:25,39363.12,0,0,0,0,0,0
SNXN30.BSE_IDX,01/07/2025,12:39:34,39365.07,0,0,0,0,0,0
SNXN30.BSE_IDX,01/07/2025,12:39:42,39365.3,0,0,0,0,0,0
SNXN30.BSE_IDX,01/07/2025,12:39:49,39361.33,0,0,0,0,0,0
SNXN30.BSE_IDX,01/07/2025,12:39:57,39358.77,0,0,0,0,0,0
SNXN30.BSE_IDX,01/07/2025,12:40:05,39360.64,0,0,0,0,0,0
SNXN30.BSE_IDX,01/07/2025,12:40:14,39361.6,0,0,0,0,0,0
SNXN30.BSE_IDX,01/07/2025,12:40:21,39360.39,0,0,0,0,0,0
SNXN30.BSE_IDX,01/07/2025,12:40:29,39360.12,0,0,0,0,0,0
SNXN30.BSE_IDX,01/07/2025,12:40:37,39359.84,0,0,0,0,0,0
SNXN30.BSE_IDX,01/07/2025,12:40:45,39359.64,0,0,0,0,0,0
SNXN30.BSE_IDX,01/07/2025,12:40:54,39356.89,0,0,0,0,0,0
SNXN30.BSE_IDX,01/07/2025,12:41:01,39354.15,0,0,0,0,0,0
SNXN30.BSE_IDX,01/07/2025,12:41:09,39358.02,0,0,0,0,0,0
SNXN30.BSE_IDX,01/07/2025,12:41:17,39358.09,0,0,0,0,0,0
SNXN30.BSE_IDX,01/07/2025,12:41:25,39358.45,0,0,0,0,0,0
SNXN30.BSE_IDX,01/07/2025,12:41:33,39360.1,0,0,0,0,0,0
SNXN30.BSE_IDX,01/07/2025,12:41:42,39361.79,0,0,0,0,0,0
SNXN30.BSE_IDX,01/07/2025,12:41:50,39361.06,0,0,0,0,0,0
SNXN30.BSE_IDX,01/07/2025,12:41:58,39364.01,0,0,0,0,0,0
SNXN30.BSE_IDX,01/07/2025,12:42:05,39364.54,0,0,0,0,0,0
SNXN30.BSE_IDX,01/07/2025,12:42:13,39363.92,0,0,0,0,0,0
SNXN30.BSE_IDX,01/07/2025,12:42:21,39362.37,0,0,0,0,0,0
SNXN30.BSE_IDX,01/07/2025,12:42:29,39364.21,0,0,0,0,0,0
SNXN30.BSE_IDX,01/07/2025,12:42:37,39362.26,0,0,0,0,0,0
SNXN30.BSE_IDX,01/07/2025,12:42:46,39361.35,0,0,0,0,0,0
SNXN30.BSE_IDX,01/07/2025,12:42:53,39362.6,0,0,0,0,0,0
SNXN30.BSE_IDX,01/07/2025,12:43:01,39360.48,0,0,0,0,0,0
SNXN30.BSE_IDX,01/07/2025,12:43:10,39360.6,0,0,0,0,0,0
SNXN30.BSE_IDX,01/07/2025,12:43:17,39364.23,0,0,0,0,0,0
SNXN30.BSE_IDX,01/07/2025,12:43:26,39367.07,0,0,0,0,0,0
SNXN30.BSE_IDX,01/07/2025,12:43:34,39364.73,0,0,0,0,0,0
SNXN30.BSE_IDX,01/07/2025,12:43:42,39355.7,0,0,0,0,0,0
SNXN30.BSE_IDX,01/07/2025,12:43:49,39356.08,0,0,0,0,0,0
SNXN30.BSE_IDX,01/07/2025,12:43:58,39358.26,0,0,0,0,0,0
SNXN30.BSE_IDX,01/07/2025,12:44:05,39357.27,0,0,0,0,0,0
SNXN30.BSE_IDX,01/07/2025,12:44:14,39356.93,0,0,0,0,0,0
SNXN30.BSE_IDX,01/07/2025,12:44:22,39355.87,0,0,0,0,0,0
SNXN30.BSE_IDX,01/07/2025,12:44:29,39351.83,0,0,0,0,0,0
SNXN30.BSE_IDX,01/07/2025,12:44:38,39352.64,0,0,0,0,0,0
SNXN30.BSE_IDX,01/07/2025,12:44:46,39350.57,0,0,0,0,0,0
SNXN30.BSE_IDX,01/07/2025,12:44:53,39349.34,0,0,0,0,0,0
SNXN30.BSE_IDX,01/07/2025,12:45:01,39351.47,0,0,0,0,0,0
SNXN30.BSE_IDX,01/07/2025,12:45:11,39351.75,0,0,0,0,0,0
SNXN30.BSE_IDX,01/07/2025,12:45:18,39350.62,0,0,0,0,0,0
SNXN30.BSE_IDX,01/07/2025,12:45:26,39352.77,0,0,0,0,0,0
SNXN30.BSE_IDX,01/07/2025,12:45:34,39350.21,0,0,0,0,0,0
SNXN30.BSE_IDX,01/07/2025,12:45:42,39350.97,0,0,0,0,0,0
SNXN30.BSE_IDX,01/07/2025,12:45:50,39354.2,0,0,0,0,0,0
SNXN30.BSE_IDX,01/07/2025,12:45:58,39352.35,0,0,0,0,0,0
SNXN30.BSE_IDX,01/07/2025,12:46:06,39352.28,0,0,0,0,0,0
SNXN30.BSE_IDX,01/07/2025,12:46:14,39352.21,0,0,0,0,0,0
SNXN30.BSE_IDX,01/07/2025,12:46:22,39351.09,0,0,0,0,0,0
SNXN30.BSE_IDX,01/07/2025,12:46:30,39349.93,0,0,0,0,0,0
SNXN30.BSE_IDX,01/07/2025,12:46:38,39350.98,0,0,0,0,0,0
SNXN30.BSE_IDX,01/07/2025,12:46:46,39352.08,0,0,0,0,0,0
SNXN30.BSE_IDX,01/07/2025,12:46:54,39348.98,0,0,0,0,0,0
SNXN30.BSE_IDX,01/07/2025,12:47:02,39346.88,0,0,0,0,0,0
SNXN30.BSE_IDX,01/07/2025,12:47:10,39346.47,0,0,0,0,0,0
SNXN30.BSE_IDX,01/07/2025,12:47:18,39347.06,0,0,0,0,0,0
SNXN30.BSE_IDX,01/07/2025,12:47:26,39347.59,0,0,0,0,0,0
SNXN30.BSE_IDX,01/07/2025,12:47:34,39350.81,0,0,0,0,0,0
SNXN30.BSE_IDX,01/07/2025,12:47:42,39346.87,0,0,0,0,0,0
SNXN30.BSE_IDX,01/07/2025,12:47:50,39348.8,0,0,0,0,0,0
SNXN30.BSE_IDX,01/07/2025,12:47:58,39346.12,0,0,0,0,0,0
SNXN30.BSE_IDX,01/07/2025,12:48:06,39347.46,0,0,0,0,0,0
SNXN30.BSE_IDX,01/07/2025,12:48:14,39347.09,0,0,0,0,0,0
SNXN30.BSE_IDX,01/07/2025,12:48:22,39348.61,0,0,0,0,0,0
SNXN30.BSE_IDX,01/07/2025,12:48:30,39348.96,0,0,0,0,0,0
SNXN30.BSE_IDX,01/07/2025,12:48:38,39349.96,0,0,0,0,0,0
SNXN30.BSE_IDX,01/07/2025,12:48:46,39347.76,0,0,0,0,0,0
SNXN30.BSE_IDX,01/07/2025,12:48:54,39347.72,0,0,0,0,0,0
SNXN30.BSE_IDX,01/07/2025,12:49:02,39346.36,0,0,0,0,0,0
SNXN30.BSE_IDX,01/07/2025,12:49:10,39348.52,0,0,0,0,0,0
SNXN30.BSE_IDX,01/07/2025,12:49:18,39350.83,0,0,0,0,0,0
SNXN30.BSE_IDX,01/07/2025,12:49:26,39351.04,0,0,0,0,0,0
SNXN30.BSE_IDX,01/07/2025,12:49:34,39350.02,0,0,0,0,0,0
SNXN30.BSE_IDX,01/07/2025,12:49:42,39350.57,0,0,0,0,0,0
SNXN30.BSE_IDX,01/07/2025,12:49:50,39348.76,0,0,0,0,0,0
SNXN30.BSE_IDX,01/07/2025,12:49:58,39348.29,0,0,0,0,0,0
SNXN30.BSE_IDX,01/07/2025,12:50:06,39349.29,0,0,0,0,0,0
SNXN30.BSE_IDX,01/07/2025,12:50:14,39350.82,0,0,0,0,0,0
SNXN30.BSE_IDX,01/07/2025,12:50:22,39349.55,0,0,0,0,0,0
SNXN30.BSE_IDX,01/07/2025,12:50:30,39350.09,0,0,0,0,0,0
SNXN30.BSE_IDX,01/07/2025,12:50:38,39347.98,0,0,0,0,0,0
SNXN30.BSE_IDX,01/07/2025,12:50:47,39347.53,0,0,0,0,0,0
SNXN30.BSE_IDX,01/07/2025,12:50:54,39346.08,0,0,0,0,0,0
SNXN30.BSE_IDX,01/07/2025,12:51:02,39349.97,0,0,0,0,0,0
SNXN30.BSE_IDX,01/07/2025,12:51:10,39352.95,0,0,0,0,0,0
SNXN30.BSE_IDX,01/07/2025,12:51:19,39351.89,0,0,0,0,0,0
SNXN30.BSE_IDX,01/07/2025,12:51:26,39347.64,0,0,0,0,0,0
SNXN30.BSE_IDX,01/07/2025,12:51:34,39350.51,0,0,0,0,0,0
SNXN30.BSE_IDX,01/07/2025,12:51:42,39351.45,0,0,0,0,0,0
SNXN30.BSE_IDX,01/07/2025,12:51:50,39351.55,0,0,0,0,0,0
SNXN30.BSE_IDX,01/07/2025,12:51:58,39350.2,0,0,0,0,0,0
SNXN30.BSE_IDX,01/07/2025,12:52:06,39349.74,0,0,0,0,0,0
SNXN30.BSE_IDX,01/07/2025,12:52:14,39348.67,0,0,0,0,0,0
SNXN30.BSE_IDX,01/07/2025,12:52:22,39349.37,0,0,0,0,0,0
SNXN30.BSE_IDX,01/07/2025,12:52:30,39348.72,0,0,0,0,0,0
SNXN30.BSE_IDX,01/07/2025,12:52:38,39347.15,0,0,0,0,0,0
SNXN30.BSE_IDX,01/07/2025,12:52:46,39344.87,0,0,0,0,0,0
SNXN30.BSE_IDX,01/07/2025,12:52:54,39345.62,0,0,0,0,0,0
SNXN30.BSE_IDX,01/07/2025,12:53:02,39344.59,0,0,0,0,0,0
SNXN30.BSE_IDX,01/07/2025,12:53:10,39343.45,0,0,0,0,0,0
SNXN30.BSE_IDX,01/07/2025,12:53:18,39343.07,0,0,0,0,0,0
SNXN30.BSE_IDX,01/07/2025,12:53:26,39342.27,0,0,0,0,0,0
SNXN30.BSE_IDX,01/07/2025,12:53:34,39343.44,0,0,0,0,0,0
SNXN30.BSE_IDX,01/07/2025,12:53:42,39343.49,0,0,0,0,0,0
SNXN30.BSE_IDX,01/07/2025,12:53:50,39339.88,0,0,0,0,0,0
SNXN30.BSE_IDX,01/07/2025,12:53:58,39339.37,0,0,0,0,0,0
SNXN30.BSE_IDX,01/07/2025,12:54:06,39335.99,0,0,0,0,0,0
SNXN30.BSE_IDX,01/07/2025,12:54:14,39334.03,0,0,0,0,0,0
