Ticker,Date,Time,LTP,BuyPrice,BuyQty,SellPrice,SellQty,LTQ,OpenInterest
SNXT50.BSE_IDX,01/07/2025,09:00:07,85754.54,0,0,0,0,0,0
SNXT50.BSE_IDX,01/07/2025,09:00:15,85761.93,0,0,0,0,0,0
SNXT50.BSE_IDX,01/07/2025,09:00:23,85860.94,0,0,0,0,0,0
SNXT50.BSE_IDX,01/07/2025,09:00:31,85823.64,0,0,0,0,0,0
SNXT50.BSE_IDX,01/07/2025,09:00:39,85867.23,0,0,0,0,0,0
SNXT50.BSE_IDX,01/07/2025,09:00:47,85769.2,0,0,0,0,0,0
SNXT50.BSE_IDX,01/07/2025,09:00:55,85777.94,0,0,0,0,0,0
SNXT50.BSE_IDX,01/07/2025,09:01:03,85785.73,0,0,0,0,0,0
SNXT50.BSE_IDX,01/07/2025,09:01:11,85830.98,0,0,0,0,0,0
SNXT50.BSE_IDX,01/07/2025,09:01:19,85995.45,0,0,0,0,0,0
SNXT50.BSE_IDX,01/07/2025,09:01:27,86074.77,0,0,0,0,0,0
SNXT50.BSE_IDX,01/07/2025,09:01:35,85989.33,0,0,0,0,0,0
SNXT50.BSE_IDX,01/07/2025,09:01:43,85965.23,0,0,0,0,0,0
SNXT50.BSE_IDX,01/07/2025,09:01:51,85867.27,0,0,0,0,0,0
SNXT50.BSE_IDX,01/07/2025,09:01:59,85627.92,0,0,0,0,0,0
SNXT50.BSE_IDX,01/07/2025,09:02:07,85627.92,0,0,0,0,0,0
SNXT50.BSE_IDX,01/07/2025,09:02:15,85628.83,0,0,0,0,0,0
SNXT50.BSE_IDX,01/07/2025,09:02:23,85620.27,0,0,0,0,0,0
SNXT50.BSE_IDX,01/07/2025,09:02:31,85609.57,0,0,0,0,0,0
SNXT50.BSE_IDX,01/07/2025,09:02:39,85615.24,0,0,0,0,0,0
SNXT50.BSE_IDX,01/07/2025,09:02:47,85429.51,0,0,0,0,0,0
SNXT50.BSE_IDX,01/07/2025,09:02:55,85438.56,0,0,0,0,0,0
SNXT50.BSE_IDX,01/07/2025,09:03:03,85657.84,0,0,0,0,0,0
SNXT50.BSE_IDX,01/07/2025,09:03:11,85648.71,0,0,0,0,0,0
SNXT50.BSE_IDX,01/07/2025,09:03:19,85748.5,0,0,0,0,0,0
SNXT50.BSE_IDX,01/07/2025,09:03:27,85690.06,0,0,0,0,0,0
SNXT50.BSE_IDX,01/07/2025,09:03:35,85705.37,0,0,0,0,0,0
SNXT50.BSE_IDX,01/07/2025,09:03:43,85748.82,0,0,0,0,0,0
SNXT50.BSE_IDX,01/07/2025,09:03:51,85668.09,0,0,0,0,0,0
SNXT50.BSE_IDX,01/07/2025,09:03:59,85737.34,0,0,0,0,0,0
SNXT50.BSE_IDX,01/07/2025,09:04:07,85716.17,0,0,0,0,0,0
SNXT50.BSE_IDX,01/07/2025,09:04:15,85716.17,0,0,0,0,0,0
SNXT50.BSE_IDX,01/07/2025,09:04:23,85711.2,0,0,0,0,0,0
SNXT50.BSE_IDX,01/07/2025,09:04:31,85713.71,0,0,0,0,0,0
SNXT50.BSE_IDX,01/07/2025,09:04:39,85732.74,0,0,0,0,0,0
SNXT50.BSE_IDX,01/07/2025,09:04:47,85734.7,0,0,0,0,0,0
SNXT50.BSE_IDX,01/07/2025,09:04:55,85735.22,0,0,0,0,0,0
SNXT50.BSE_IDX,01/07/2025,09:05:03,85743.97,0,0,0,0,0,0
SNXT50.BSE_IDX,01/07/2025,09:05:11,85753.92,0,0,0,0,0,0
SNXT50.BSE_IDX,01/07/2025,09:05:19,85780.7,0,0,0,0,0,0
SNXT50.BSE_IDX,01/07/2025,09:05:27,85740.26,0,0,0,0,0,0
SNXT50.BSE_IDX,01/07/2025,09:05:35,85741.23,0,0,0,0,0,0
SNXT50.BSE_IDX,01/07/2025,09:05:43,85745.82,0,0,0,0,0,0
SNXT50.BSE_IDX,01/07/2025,09:05:51,85746.85,0,0,0,0,0,0
SNXT50.BSE_IDX,01/07/2025,09:05:59,85736.81,0,0,0,0,0,0
SNXT50.BSE_IDX,01/07/2025,09:06:07,85732.52,0,0,0,0,0,0
SNXT50.BSE_IDX,01/07/2025,09:06:15,85710.29,0,0,0,0,0,0
SNXT50.BSE_IDX,01/07/2025,09:06:23,85718.55,0,0,0,0,0,0
SNXT50.BSE_IDX,01/07/2025,09:06:31,85709.9,0,0,0,0,0,0
SNXT50.BSE_IDX,01/07/2025,09:06:39,85790.4,0,0,0,0,0,0
SNXT50.BSE_IDX,01/07/2025,09:06:47,85733.27,0,0,0,0,0,0
SNXT50.BSE_IDX,01/07/2025,09:06:55,85760.69,0,0,0,0,0,0
SNXT50.BSE_IDX,01/07/2025,09:07:04,85748.04,0,0,0,0,0,0
SNXT50.BSE_IDX,01/07/2025,09:07:11,85748.04,0,0,0,0,0,0
SNXT50.BSE_IDX,01/07/2025,09:07:19,85748.04,0,0,0,0,0,0
SNXT50.BSE_IDX,01/07/2025,09:07:27,85748.04,0,0,0,0,0,0
SNXT50.BSE_IDX,01/07/2025,09:07:35,85748.04,0,0,0,0,0,0
SNXT50.BSE_IDX,01/07/2025,09:07:43,85748.04,0,0,0,0,0,0
SNXT50.BSE_IDX,01/07/2025,09:07:51,85748.04,0,0,0,0,0,0
SNXT50.BSE_IDX,01/07/2025,09:07:59,85748.04,0,0,0,0,0,0
SNXT50.BSE_IDX,01/07/2025,09:08:07,85748.04,0,0,0,0,0,0
SNXT50.BSE_IDX,01/07/2025,09:08:15,85748.04,0,0,0,0,0,0
SNXT50.BSE_IDX,01/07/2025,09:08:23,85748.04,0,0,0,0,0,0
SNXT50.BSE_IDX,01/07/2025,09:08:31,85748.04,0,0,0,0,0,0
SNXT50.BSE_IDX,01/07/2025,09:08:39,85748.04,0,0,0,0,0,0
SNXT50.BSE_IDX,01/07/2025,09:08:47,85748.04,0,0,0,0,0,0
SNXT50.BSE_IDX,01/07/2025,09:08:55,85748.04,0,0,0,0,0,0
SNXT50.BSE_IDX,01/07/2025,09:09:03,85747.14,0,0,0,0,0,0
SNXT50.BSE_IDX,01/07/2025,09:09:11,85747.14,0,0,0,0,0,0
SNXT50.BSE_IDX,01/07/2025,09:09:19,85747.14,0,0,0,0,0,0
SNXT50.BSE_IDX,01/07/2025,09:09:27,85747.14,0,0,0,0,0,0
SNXT50.BSE_IDX,01/07/2025,09:09:35,85747.14,0,0,0,0,0,0
SNXT50.BSE_IDX,01/07/2025,09:09:43,85747.14,0,0,0,0,0,0
SNXT50.BSE_IDX,01/07/2025,09:09:51,85747.14,0,0,0,0,0,0
SNXT50.BSE_IDX,01/07/2025,09:09:59,85747.14,0,0,0,0,0,0
SNXT50.BSE_IDX,01/07/2025,09:10:07,85747.14,0,0,0,0,0,0
SNXT50.BSE_IDX,01/07/2025,09:10:15,85747.14,0,0,0,0,0,0
SNXT50.BSE_IDX,01/07/2025,09:10:23,85747.14,0,0,0,0,0,0
SNXT50.BSE_IDX,01/07/2025,09:10:31,85747.14,0,0,0,0,0,0
SNXT50.BSE_IDX,01/07/2025,09:10:39,85747.14,0,0,0,0,0,0
SNXT50.BSE_IDX,01/07/2025,09:10:47,85747.14,0,0,0,0,0,0
SNXT50.BSE_IDX,01/07/2025,09:10:55,85747.14,0,0,0,0,0,0
SNXT50.BSE_IDX,01/07/2025,09:11:03,85747.14,0,0,0,0,0,0
SNXT50.BSE_IDX,01/07/2025,09:11:11,85747.14,0,0,0,0,0,0
SNXT50.BSE_IDX,01/07/2025,09:11:19,85747.14,0,0,0,0,0,0
SNXT50.BSE_IDX,01/07/2025,09:11:27,85747.14,0,0,0,0,0,0
SNXT50.BSE_IDX,01/07/2025,09:11:35,85747.14,0,0,0,0,0,0
SNXT50.BSE_IDX,01/07/2025,09:11:43,85747.14,0,0,0,0,0,0
SNXT50.BSE_IDX,01/07/2025,09:11:51,85747.14,0,0,0,0,0,0
SNXT50.BSE_IDX,01/07/2025,09:11:59,85747.14,0,0,0,0,0,0
SNXT50.BSE_IDX,01/07/2025,09:12:07,85747.14,0,0,0,0,0,0
SNXT50.BSE_IDX,01/07/2025,09:12:16,85747.14,0,0,0,0,0,0
SNXT50.BSE_IDX,01/07/2025,09:12:23,85747.14,0,0,0,0,0,0
SNXT50.BSE_IDX,01/07/2025,09:12:31,85747.14,0,0,0,0,0,0
SNXT50.BSE_IDX,01/07/2025,09:12:39,85747.14,0,0,0,0,0,0
SNXT50.BSE_IDX,01/07/2025,09:12:47,85747.14,0,0,0,0,0,0
SNXT50.BSE_IDX,01/07/2025,09:12:55,85747.14,0,0,0,0,0,0
SNXT50.BSE_IDX,01/07/2025,09:13:03,85747.14,0,0,0,0,0,0
SNXT50.BSE_IDX,01/07/2025,09:13:11,85747.14,0,0,0,0,0,0
SNXT50.BSE_IDX,01/07/2025,09:13:19,85747.14,0,0,0,0,0,0
SNXT50.BSE_IDX,01/07/2025,09:13:27,85747.14,0,0,0,0,0,0
SNXT50.BSE_IDX,01/07/2025,09:13:35,85747.14,0,0,0,0,0,0
SNXT50.BSE_IDX,01/07/2025,09:13:43,85747.14,0,0,0,0,0,0
SNXT50.BSE_IDX,01/07/2025,09:13:51,85747.14,0,0,0,0,0,0
SNXT50.BSE_IDX,01/07/2025,09:13:59,85747.14,0,0,0,0,0,0
SNXT50.BSE_IDX,01/07/2025,09:14:07,85747.14,0,0,0,0,0,0
SNXT50.BSE_IDX,01/07/2025,09:14:15,85747.14,0,0,0,0,0,0
SNXT50.BSE_IDX,01/07/2025,09:14:23,85747.14,0,0,0,0,0,0
SNXT50.BSE_IDX,01/07/2025,09:14:31,85747.14,0,0,0,0,0,0
SNXT50.BSE_IDX,01/07/2025,09:14:39,85747.14,0,0,0,0,0,0
SNXT50.BSE_IDX,01/07/2025,09:14:47,85747.14,0,0,0,0,0,0
SNXT50.BSE_IDX,01/07/2025,09:14:55,85747.14,0,0,0,0,0,0
SNXT50.BSE_IDX,01/07/2025,09:15:04,85863.15,0,0,0,0,0,0
SNXT50.BSE_IDX,01/07/2025,09:15:11,85874.19,0,0,0,0,0,0
SNXT50.BSE_IDX,01/07/2025,09:15:19,85854.35,0,0,0,0,0,0
SNXT50.BSE_IDX,01/07/2025,09:15:27,85787.21,0,0,0,0,0,0
SNXT50.BSE_IDX,01/07/2025,09:15:35,85815.69,0,0,0,0,0,0
SNXT50.BSE_IDX,01/07/2025,09:15:43,85806.3,0,0,0,0,0,0
SNXT50.BSE_IDX,01/07/2025,09:15:51,85816.46,0,0,0,0,0,0
SNXT50.BSE_IDX,01/07/2025,09:15:59,85781.87,0,0,0,0,0,0
SNXT50.BSE_IDX,01/07/2025,09:16:07,85772.91,0,0,0,0,0,0
SNXT50.BSE_IDX,01/07/2025,09:16:15,85778.01,0,0,0,0,0,0
SNXT50.BSE_IDX,01/07/2025,09:16:24,85787.92,0,0,0,0,0,0
SNXT50.BSE_IDX,01/07/2025,09:16:31,85790.73,0,0,0,0,0,0
SNXT50.BSE_IDX,01/07/2025,09:16:39,85786.96,0,0,0,0,0,0
SNXT50.BSE_IDX,01/07/2025,09:16:48,85788.58,0,0,0,0,0,0
SNXT50.BSE_IDX,01/07/2025,09:16:55,85783.46,0,0,0,0,0,0
SNXT50.BSE_IDX,01/07/2025,09:17:03,85785.9,0,0,0,0,0,0
SNXT50.BSE_IDX,01/07/2025,09:17:12,85791.24,0,0,0,0,0,0
SNXT50.BSE_IDX,01/07/2025,09:17:19,85771.67,0,0,0,0,0,0
SNXT50.BSE_IDX,01/07/2025,09:17:27,85775.43,0,0,0,0,0,0
SNXT50.BSE_IDX,01/07/2025,09:17:35,85774.75,0,0,0,0,0,0
SNXT50.BSE_IDX,01/07/2025,09:17:44,85783.93,0,0,0,0,0,0
SNXT50.BSE_IDX,01/07/2025,09:17:51,85784.94,0,0,0,0,0,0
SNXT50.BSE_IDX,01/07/2025,09:17:59,85807.23,0,0,0,0,0,0
SNXT50.BSE_IDX,01/07/2025,09:18:07,85803.78,0,0,0,0,0,0
SNXT50.BSE_IDX,01/07/2025,09:18:15,85766.67,0,0,0,0,0,0
SNXT50.BSE_IDX,01/07/2025,09:18:23,85760.24,0,0,0,0,0,0
SNXT50.BSE_IDX,01/07/2025,09:18:31,85756.28,0,0,0,0,0,0
SNXT50.BSE_IDX,01/07/2025,09:18:39,85767.51,0,0,0,0,0,0
SNXT50.BSE_IDX,01/07/2025,09:18:47,85755.88,0,0,0,0,0,0
SNXT50.BSE_IDX,01/07/2025,09:18:56,85764.18,0,0,0,0,0,0
SNXT50.BSE_IDX,01/07/2025,09:19:03,85763.1,0,0,0,0,0,0
SNXT50.BSE_IDX,01/07/2025,09:19:11,85740.68,0,0,0,0,0,0
SNXT50.BSE_IDX,01/07/2025,09:19:19,85750.75,0,0,0,0,0,0
SNXT50.BSE_IDX,01/07/2025,09:19:28,85753.17,0,0,0,0,0,0
SNXT50.BSE_IDX,01/07/2025,09:19:35,85753.65,0,0,0,0,0,0
SNXT50.BSE_IDX,01/07/2025,09:19:43,85750.03,0,0,0,0,0,0
SNXT50.BSE_IDX,01/07/2025,09:19:52,85746.84,0,0,0,0,0,0
SNXT50.BSE_IDX,01/07/2025,09:19:59,85755.34,0,0,0,0,0,0
SNXT50.BSE_IDX,01/07/2025,09:20:07,85762.52,0,0,0,0,0,0
SNXT50.BSE_IDX,01/07/2025,09:20:15,85762.61,0,0,0,0,0,0
SNXT50.BSE_IDX,01/07/2025,09:20:24,85740.55,0,0,0,0,0,0
SNXT50.BSE_IDX,01/07/2025,09:20:31,85746.61,0,0,0,0,0,0
SNXT50.BSE_IDX,01/07/2025,09:20:39,85739.34,0,0,0,0,0,0
SNXT50.BSE_IDX,01/07/2025,09:20:47,85734.98,0,0,0,0,0,0
SNXT50.BSE_IDX,01/07/2025,09:20:55,85720.86,0,0,0,0,0,0
SNXT50.BSE_IDX,01/07/2025,09:21:03,85719.26,0,0,0,0,0,0
SNXT50.BSE_IDX,01/07/2025,09:21:11,85738.01,0,0,0,0,0,0
SNXT50.BSE_IDX,01/07/2025,09:21:19,85767.61,0,0,0,0,0,0
SNXT50.BSE_IDX,01/07/2025,09:21:27,85758.86,0,0,0,0,0,0
SNXT50.BSE_IDX,01/07/2025,09:21:36,85757.55,0,0,0,0,0,0
SNXT50.BSE_IDX,01/07/2025,09:21:43,85747.43,0,0,0,0,0,0
SNXT50.BSE_IDX,01/07/2025,09:21:51,85745.8,0,0,0,0,0,0
SNXT50.BSE_IDX,01/07/2025,09:21:59,85741.41,0,0,0,0,0,0
SNXT50.BSE_IDX,01/07/2025,09:22:07,85745.89,0,0,0,0,0,0
SNXT50.BSE_IDX,01/07/2025,09:22:15,85755.17,0,0,0,0,0,0
SNXT50.BSE_IDX,01/07/2025,09:22:23,85764.2,0,0,0,0,0,0
SNXT50.BSE_IDX,01/07/2025,09:22:31,85769.71,0,0,0,0,0,0
SNXT50.BSE_IDX,01/07/2025,09:22:39,85779.18,0,0,0,0,0,0
SNXT50.BSE_IDX,01/07/2025,09:22:47,85769.02,0,0,0,0,0,0
SNXT50.BSE_IDX,01/07/2025,09:22:55,85767.41,0,0,0,0,0,0
SNXT50.BSE_IDX,01/07/2025,09:23:03,85773.53,0,0,0,0,0,0
SNXT50.BSE_IDX,01/07/2025,09:23:11,85781.43,0,0,0,0,0,0
SNXT50.BSE_IDX,01/07/2025,09:23:19,85772.47,0,0,0,0,0,0
SNXT50.BSE_IDX,01/07/2025,09:23:27,85774.08,0,0,0,0,0,0
SNXT50.BSE_IDX,01/07/2025,09:23:35,85769.71,0,0,0,0,0,0
SNXT50.BSE_IDX,01/07/2025,09:23:44,85766.63,0,0,0,0,0,0
SNXT50.BSE_IDX,01/07/2025,09:23:51,85769.39,0,0,0,0,0,0
SNXT50.BSE_IDX,01/07/2025,09:23:59,85778.8,0,0,0,0,0,0
SNXT50.BSE_IDX,01/07/2025,09:24:08,85783.65,0,0,0,0,0,0
SNXT50.BSE_IDX,01/07/2025,09:24:15,85778.81,0,0,0,0,0,0
SNXT50.BSE_IDX,01/07/2025,09:24:23,85773.81,0,0,0,0,0,0
SNXT50.BSE_IDX,01/07/2025,09:24:32,85781.04,0,0,0,0,0,0
SNXT50.BSE_IDX,01/07/2025,09:24:39,85786.38,0,0,0,0,0,0
SNXT50.BSE_IDX,01/07/2025,09:24:48,85793.78,0,0,0,0,0,0
SNXT50.BSE_IDX,01/07/2025,09:24:57,85799.68,0,0,0,0,0,0
SNXT50.BSE_IDX,01/07/2025,09:25:03,85798.38,0,0,0,0,0,0
SNXT50.BSE_IDX,01/07/2025,09:25:12,85791.96,0,0,0,0,0,0
SNXT50.BSE_IDX,01/07/2025,09:25:19,85797.59,0,0,0,0,0,0
SNXT50.BSE_IDX,01/07/2025,09:25:29,85791.34,0,0,0,0,0,0
SNXT50.BSE_IDX,01/07/2025,09:25:35,85792.02,0,0,0,0,0,0
SNXT50.BSE_IDX,01/07/2025,09:25:43,85786.11,0,0,0,0,0,0
SNXT50.BSE_IDX,01/07/2025,09:25:51,85781.74,0,0,0,0,0,0
SNXT50.BSE_IDX,01/07/2025,09:25:59,85786.04,0,0,0,0,0,0
SNXT50.BSE_IDX,01/07/2025,09:26:08,85784.99,0,0,0,0,0,0
SNXT50.BSE_IDX,01/07/2025,09:26:15,85791.97,0,0,0,0,0,0
SNXT50.BSE_IDX,01/07/2025,09:26:24,85787.5,0,0,0,0,0,0
SNXT50.BSE_IDX,01/07/2025,09:26:31,85789.22,0,0,0,0,0,0
SNXT50.BSE_IDX,01/07/2025,09:26:39,85792.9,0,0,0,0,0,0
SNXT50.BSE_IDX,01/07/2025,09:26:48,85788.72,0,0,0,0,0,0
SNXT50.BSE_IDX,01/07/2025,09:26:55,85801.77,0,0,0,0,0,0
SNXT50.BSE_IDX,01/07/2025,09:27:04,85804.45,0,0,0,0,0,0
SNXT50.BSE_IDX,01/07/2025,09:27:12,85799.92,0,0,0,0,0,0
SNXT50.BSE_IDX,01/07/2025,09:27:19,85805.59,0,0,0,0,0,0
SNXT50.BSE_IDX,01/07/2025,09:27:28,85802.19,0,0,0,0,0,0
SNXT50.BSE_IDX,01/07/2025,09:27:36,85797.08,0,0,0,0,0,0
SNXT50.BSE_IDX,01/07/2025,09:27:44,85789.85,0,0,0,0,0,0
SNXT50.BSE_IDX,01/07/2025,09:27:51,85798.63,0,0,0,0,0,0
SNXT50.BSE_IDX,01/07/2025,09:28:00,85795.74,0,0,0,0,0,0
SNXT50.BSE_IDX,01/07/2025,09:28:08,85779.01,0,0,0,0,0,0
SNXT50.BSE_IDX,01/07/2025,09:28:16,85768.56,0,0,0,0,0,0
SNXT50.BSE_IDX,01/07/2025,09:28:24,85757.93,0,0,0,0,0,0
SNXT50.BSE_IDX,01/07/2025,09:28:32,85749.72,0,0,0,0,0,0
SNXT50.BSE_IDX,01/07/2025,09:28:40,85753.28,0,0,0,0,0,0
SNXT50.BSE_IDX,01/07/2025,09:28:48,85762.26,0,0,0,0,0,0
SNXT50.BSE_IDX,01/07/2025,09:28:56,85767.43,0,0,0,0,0,0
SNXT50.BSE_IDX,01/07/2025,09:29:04,85761.94,0,0,0,0,0,0
SNXT50.BSE_IDX,01/07/2025,09:29:12,85757.76,0,0,0,0,0,0
SNXT50.BSE_IDX,01/07/2025,09:29:20,85757.01,0,0,0,0,0,0
SNXT50.BSE_IDX,01/07/2025,09:29:28,85757.85,0,0,0,0,0,0
SNXT50.BSE_IDX,01/07/2025,09:29:36,85761.55,0,0,0,0,0,0
SNXT50.BSE_IDX,01/07/2025,09:29:44,85773.78,0,0,0,0,0,0
SNXT50.BSE_IDX,01/07/2025,09:29:52,85774.83,0,0,0,0,0,0
SNXT50.BSE_IDX,01/07/2025,09:30:00,85774.1,0,0,0,0,0,0
SNXT50.BSE_IDX,01/07/2025,09:30:08,85793.85,0,0,0,0,0,0
SNXT50.BSE_IDX,01/07/2025,09:30:16,85809.95,0,0,0,0,0,0
SNXT50.BSE_IDX,01/07/2025,09:30:24,85822.01,0,0,0,0,0,0
SNXT50.BSE_IDX,01/07/2025,09:30:32,85832.03,0,0,0,0,0,0
SNXT50.BSE_IDX,01/07/2025,09:30:40,85827.43,0,0,0,0,0,0
SNXT50.BSE_IDX,01/07/2025,09:30:48,85838.12,0,0,0,0,0,0
SNXT50.BSE_IDX,01/07/2025,09:30:56,85822.27,0,0,0,0,0,0
SNXT50.BSE_IDX,01/07/2025,09:31:04,85818.15,0,0,0,0,0,0
SNXT50.BSE_IDX,01/07/2025,09:31:12,85806.9,0,0,0,0,0,0
SNXT50.BSE_IDX,01/07/2025,09:31:20,85797.18,0,0,0,0,0,0
SNXT50.BSE_IDX,01/07/2025,09:31:28,85784.58,0,0,0,0,0,0
SNXT50.BSE_IDX,01/07/2025,09:31:36,85774.86,0,0,0,0,0,0
SNXT50.BSE_IDX,01/07/2025,09:31:44,85766.19,0,0,0,0,0,0
SNXT50.BSE_IDX,01/07/2025,09:31:52,85773.32,0,0,0,0,0,0
SNXT50.BSE_IDX,01/07/2025,09:32:00,85775.14,0,0,0,0,0,0
SNXT50.BSE_IDX,01/07/2025,09:32:08,85774.01,0,0,0,0,0,0
SNXT50.BSE_IDX,01/07/2025,09:32:16,85769.18,0,0,0,0,0,0
SNXT50.BSE_IDX,01/07/2025,09:32:24,85772.35,0,0,0,0,0,0
SNXT50.BSE_IDX,01/07/2025,09:32:32,85774.09,0,0,0,0,0,0
SNXT50.BSE_IDX,01/07/2025,09:32:40,85789.02,0,0,0,0,0,0
SNXT50.BSE_IDX,01/07/2025,09:32:48,85793.35,0,0,0,0,0,0
SNXT50.BSE_IDX,01/07/2025,09:32:56,85789.24,0,0,0,0,0,0
SNXT50.BSE_IDX,01/07/2025,09:33:04,85789.55,0,0,0,0,0,0
SNXT50.BSE_IDX,01/07/2025,09:33:12,85792.84,0,0,0,0,0,0
SNXT50.BSE_IDX,01/07/2025,09:33:20,85790.86,0,0,0,0,0,0
SNXT50.BSE_IDX,01/07/2025,09:33:28,85795.94,0,0,0,0,0,0
SNXT50.BSE_IDX,01/07/2025,09:33:36,85798.65,0,0,0,0,0,0
SNXT50.BSE_IDX,01/07/2025,09:33:44,85785.84,0,0,0,0,0,0
SNXT50.BSE_IDX,01/07/2025,09:33:52,85788.79,0,0,0,0,0,0
SNXT50.BSE_IDX,01/07/2025,09:34:00,85787.64,0,0,0,0,0,0
SNXT50.BSE_IDX,01/07/2025,09:34:08,85780.42,0,0,0,0,0,0
SNXT50.BSE_IDX,01/07/2025,09:34:16,85772.17,0,0,0,0,0,0
SNXT50.BSE_IDX,01/07/2025,09:34:24,85785.23,0,0,0,0,0,0
SNXT50.BSE_IDX,01/07/2025,09:34:32,85795.26,0,0,0,0,0,0
SNXT50.BSE_IDX,01/07/2025,09:34:40,85794.36,0,0,0,0,0,0
SNXT50.BSE_IDX,01/07/2025,09:34:48,85805.11,0,0,0,0,0,0
SNXT50.BSE_IDX,01/07/2025,09:34:56,85809.39,0,0,0,0,0,0
SNXT50.BSE_IDX,01/07/2025,09:35:05,85799.02,0,0,0,0,0,0
SNXT50.BSE_IDX,01/07/2025,09:35:12,85795.89,0,0,0,0,0,0
SNXT50.BSE_IDX,01/07/2025,09:35:20,85793.35,0,0,0,0,0,0
SNXT50.BSE_IDX,01/07/2025,09:35:28,85788.17,0,0,0,0,0,0
SNXT50.BSE_IDX,01/07/2025,09:35:36,85788.45,0,0,0,0,0,0
SNXT50.BSE_IDX,01/07/2025,09:35:44,85792.41,0,0,0,0,0,0
SNXT50.BSE_IDX,01/07/2025,09:35:52,85788.83,0,0,0,0,0,0
SNXT50.BSE_IDX,01/07/2025,09:36:00,85798.96,0,0,0,0,0,0
SNXT50.BSE_IDX,01/07/2025,09:36:08,85786.25,0,0,0,0,0,0
SNXT50.BSE_IDX,01/07/2025,09:36:16,85785.93,0,0,0,0,0,0
SNXT50.BSE_IDX,01/07/2025,09:36:24,85777.15,0,0,0,0,0,0
SNXT50.BSE_IDX,01/07/2025,09:36:33,85768.92,0,0,0,0,0,0
SNXT50.BSE_IDX,01/07/2025,09:36:40,85774.62,0,0,0,0,0,0
SNXT50.BSE_IDX,01/07/2025,09:36:48,85774.91,0,0,0,0,0,0
SNXT50.BSE_IDX,01/07/2025,09:36:56,85780.61,0,0,0,0,0,0
SNXT50.BSE_IDX,01/07/2025,09:37:04,85768.99,0,0,0,0,0,0
SNXT50.BSE_IDX,01/07/2025,09:37:12,85774.46,0,0,0,0,0,0
SNXT50.BSE_IDX,01/07/2025,09:37:20,85772.61,0,0,0,0,0,0
SNXT50.BSE_IDX,01/07/2025,09:37:28,85766.31,0,0,0,0,0,0
SNXT50.BSE_IDX,01/07/2025,09:37:36,85759.08,0,0,0,0,0,0
SNXT50.BSE_IDX,01/07/2025,09:37:44,85754.69,0,0,0,0,0,0
SNXT50.BSE_IDX,01/07/2025,09:37:52,85752.38,0,0,0,0,0,0
SNXT50.BSE_IDX,01/07/2025,09:38:00,85747.14,0,0,0,0,0,0
SNXT50.BSE_IDX,01/07/2025,09:38:08,85740.31,0,0,0,0,0,0
SNXT50.BSE_IDX,01/07/2025,09:38:16,85722.24,0,0,0,0,0,0
SNXT50.BSE_IDX,01/07/2025,09:38:24,85723.43,0,0,0,0,0,0
SNXT50.BSE_IDX,01/07/2025,09:38:32,85716.27,0,0,0,0,0,0
SNXT50.BSE_IDX,01/07/2025,09:38:40,85702.16,0,0,0,0,0,0
SNXT50.BSE_IDX,01/07/2025,09:38:48,85702.5,0,0,0,0,0,0
SNXT50.BSE_IDX,01/07/2025,09:38:56,85694.68,0,0,0,0,0,0
SNXT50.BSE_IDX,01/07/2025,09:39:04,85683.77,0,0,0,0,0,0
SNXT50.BSE_IDX,01/07/2025,09:39:12,85680.24,0,0,0,0,0,0
SNXT50.BSE_IDX,01/07/2025,09:39:20,85689.83,0,0,0,0,0,0
SNXT50.BSE_IDX,01/07/2025,09:39:28,85684.09,0,0,0,0,0,0
SNXT50.BSE_IDX,01/07/2025,09:39:36,85683.36,0,0,0,0,0,0
SNXT50.BSE_IDX,01/07/2025,09:39:44,85699.42,0,0,0,0,0,0
SNXT50.BSE_IDX,01/07/2025,09:39:52,85703.32,0,0,0,0,0,0
SNXT50.BSE_IDX,01/07/2025,09:40:00,85701.89,0,0,0,0,0,0
SNXT50.BSE_IDX,01/07/2025,09:40:08,85709.98,0,0,0,0,0,0
SNXT50.BSE_IDX,01/07/2025,09:40:16,85712.1,0,0,0,0,0,0
SNXT50.BSE_IDX,01/07/2025,09:40:24,85717.11,0,0,0,0,0,0
SNXT50.BSE_IDX,01/07/2025,09:40:32,85718.92,0,0,0,0,0,0
SNXT50.BSE_IDX,01/07/2025,09:40:40,85704.21,0,0,0,0,0,0
SNXT50.BSE_IDX,01/07/2025,09:40:48,85710.15,0,0,0,0,0,0
SNXT50.BSE_IDX,01/07/2025,09:40:56,85692.03,0,0,0,0,0,0
SNXT50.BSE_IDX,01/07/2025,09:41:04,85676.19,0,0,0,0,0,0
SNXT50.BSE_IDX,01/07/2025,09:41:12,85672.64,0,0,0,0,0,0
SNXT50.BSE_IDX,01/07/2025,09:41:20,85680.68,0,0,0,0,0,0
SNXT50.BSE_IDX,01/07/2025,09:41:28,85683.15,0,0,0,0,0,0
SNXT50.BSE_IDX,01/07/2025,09:41:36,85691.03,0,0,0,0,0,0
SNXT50.BSE_IDX,01/07/2025,09:41:44,85692.79,0,0,0,0,0,0
SNXT50.BSE_IDX,01/07/2025,09:41:52,85684.62,0,0,0,0,0,0
SNXT50.BSE_IDX,01/07/2025,09:42:00,85692.46,0,0,0,0,0,0
SNXT50.BSE_IDX,01/07/2025,09:42:08,85705.81,0,0,0,0,0,0
SNXT50.BSE_IDX,01/07/2025,09:42:16,85693.12,0,0,0,0,0,0
SNXT50.BSE_IDX,01/07/2025,09:42:24,85687.23,0,0,0,0,0,0
SNXT50.BSE_IDX,01/07/2025,09:42:32,85696.36,0,0,0,0,0,0
SNXT50.BSE_IDX,01/07/2025,09:42:40,85689.82,0,0,0,0,0,0
SNXT50.BSE_IDX,01/07/2025,09:42:48,85699.71,0,0,0,0,0,0
SNXT50.BSE_IDX,01/07/2025,09:42:56,85699.19,0,0,0,0,0,0
SNXT50.BSE_IDX,01/07/2025,09:43:04,85697.68,0,0,0,0,0,0
SNXT50.BSE_IDX,01/07/2025,09:43:12,85700.19,0,0,0,0,0,0
SNXT50.BSE_IDX,01/07/2025,09:43:20,85699.36,0,0,0,0,0,0
SNXT50.BSE_IDX,01/07/2025,09:43:28,85697.58,0,0,0,0,0,0
SNXT50.BSE_IDX,01/07/2025,09:43:36,85705.1,0,0,0,0,0,0
SNXT50.BSE_IDX,01/07/2025,09:43:44,85710.04,0,0,0,0,0,0
SNXT50.BSE_IDX,01/07/2025,09:43:53,85710.16,0,0,0,0,0,0
SNXT50.BSE_IDX,01/07/2025,09:44:00,85709.93,0,0,0,0,0,0
SNXT50.BSE_IDX,01/07/2025,09:44:08,85708.15,0,0,0,0,0,0
SNXT50.BSE_IDX,01/07/2025,09:44:16,85706.97,0,0,0,0,0,0
SNXT50.BSE_IDX,01/07/2025,09:44:24,85696.99,0,0,0,0,0,0
SNXT50.BSE_IDX,01/07/2025,09:44:32,85702.97,0,0,0,0,0,0
SNXT50.BSE_IDX,01/07/2025,09:44:40,85690.75,0,0,0,0,0,0
SNXT50.BSE_IDX,01/07/2025,09:44:48,85683.75,0,0,0,0,0,0
SNXT50.BSE_IDX,01/07/2025,09:44:56,85676.62,0,0,0,0,0,0
SNXT50.BSE_IDX,01/07/2025,09:45:05,85671.45,0,0,0,0,0,0
SNXT50.BSE_IDX,01/07/2025,09:45:12,85649.66,0,0,0,0,0,0
SNXT50.BSE_IDX,01/07/2025,09:45:20,85634.87,0,0,0,0,0,0
SNXT50.BSE_IDX,01/07/2025,09:45:28,85632.53,0,0,0,0,0,0
SNXT50.BSE_IDX,01/07/2025,09:45:36,85629.04,0,0,0,0,0,0
SNXT50.BSE_IDX,01/07/2025,09:45:44,85614.07,0,0,0,0,0,0
SNXT50.BSE_IDX,01/07/2025,09:45:52,85623.1,0,0,0,0,0,0
SNXT50.BSE_IDX,01/07/2025,09:46:01,85627.4,0,0,0,0,0,0
SNXT50.BSE_IDX,01/07/2025,09:46:08,85630.91,0,0,0,0,0,0
SNXT50.BSE_IDX,01/07/2025,09:46:16,85635.26,0,0,0,0,0,0
SNXT50.BSE_IDX,01/07/2025,09:46:24,85637.64,0,0,0,0,0,0
SNXT50.BSE_IDX,01/07/2025,09:46:32,85626.71,0,0,0,0,0,0
SNXT50.BSE_IDX,01/07/2025,09:46:40,85634.51,0,0,0,0,0,0
SNXT50.BSE_IDX,01/07/2025,09:46:48,85632.4,0,0,0,0,0,0
SNXT50.BSE_IDX,01/07/2025,09:46:56,85629.46,0,0,0,0,0,0
SNXT50.BSE_IDX,01/07/2025,09:47:04,85629.66,0,0,0,0,0,0
SNXT50.BSE_IDX,01/07/2025,09:47:12,85631.99,0,0,0,0,0,0
SNXT50.BSE_IDX,01/07/2025,09:47:20,85633.03,0,0,0,0,0,0
SNXT50.BSE_IDX,01/07/2025,09:47:28,85638.69,0,0,0,0,0,0
SNXT50.BSE_IDX,01/07/2025,09:47:36,85637.39,0,0,0,0,0,0
SNXT50.BSE_IDX,01/07/2025,09:47:44,85628.78,0,0,0,0,0,0
SNXT50.BSE_IDX,01/07/2025,09:47:52,85625.88,0,0,0,0,0,0
SNXT50.BSE_IDX,01/07/2025,09:48:00,85632.92,0,0,0,0,0,0
SNXT50.BSE_IDX,01/07/2025,09:48:08,85637.2,0,0,0,0,0,0
SNXT50.BSE_IDX,01/07/2025,09:48:16,85650.91,0,0,0,0,0,0
SNXT50.BSE_IDX,01/07/2025,09:48:24,85661.05,0,0,0,0,0,0
SNXT50.BSE_IDX,01/07/2025,09:48:32,85675.82,0,0,0,0,0,0
SNXT50.BSE_IDX,01/07/2025,09:48:40,85669.79,0,0,0,0,0,0
SNXT50.BSE_IDX,01/07/2025,09:48:48,85662.75,0,0,0,0,0,0
SNXT50.BSE_IDX,01/07/2025,09:48:56,85664.26,0,0,0,0,0,0
SNXT50.BSE_IDX,01/07/2025,09:49:04,85669.03,0,0,0,0,0,0
SNXT50.BSE_IDX,01/07/2025,09:49:12,85667.84,0,0,0,0,0,0
SNXT50.BSE_IDX,01/07/2025,09:49:20,85666.07,0,0,0,0,0,0
SNXT50.BSE_IDX,01/07/2025,09:49:28,85660.16,0,0,0,0,0,0
SNXT50.BSE_IDX,01/07/2025,09:49:36,85662.07,0,0,0,0,0,0
SNXT50.BSE_IDX,01/07/2025,09:49:44,85677.5,0,0,0,0,0,0
SNXT50.BSE_IDX,01/07/2025,09:49:52,85668.77,0,0,0,0,0,0
SNXT50.BSE_IDX,01/07/2025,09:50:00,85668.92,0,0,0,0,0,0
SNXT50.BSE_IDX,01/07/2025,09:50:08,85672.51,0,0,0,0,0,0
SNXT50.BSE_IDX,01/07/2025,09:50:16,85685.25,0,0,0,0,0,0
SNXT50.BSE_IDX,01/07/2025,09:50:24,85681.63,0,0,0,0,0,0
SNXT50.BSE_IDX,01/07/2025,09:50:32,85675.41,0,0,0,0,0,0
SNXT50.BSE_IDX,01/07/2025,09:50:40,85669.04,0,0,0,0,0,0
SNXT50.BSE_IDX,01/07/2025,09:50:48,85668.11,0,0,0,0,0,0
SNXT50.BSE_IDX,01/07/2025,09:50:57,85657.1,0,0,0,0,0,0
SNXT50.BSE_IDX,01/07/2025,09:51:04,85655.83,0,0,0,0,0,0
SNXT50.BSE_IDX,01/07/2025,09:51:12,85656.05,0,0,0,0,0,0
SNXT50.BSE_IDX,01/07/2025,09:51:20,85650.42,0,0,0,0,0,0
SNXT50.BSE_IDX,01/07/2025,09:51:28,85644.5,0,0,0,0,0,0
SNXT50.BSE_IDX,01/07/2025,09:51:37,85633.85,0,0,0,0,0,0
SNXT50.BSE_IDX,01/07/2025,09:51:44,85635.63,0,0,0,0,0,0
SNXT50.BSE_IDX,01/07/2025,09:51:52,85636.58,0,0,0,0,0,0
SNXT50.BSE_IDX,01/07/2025,09:52:01,85638.69,0,0,0,0,0,0
SNXT50.BSE_IDX,01/07/2025,09:52:08,85631.88,0,0,0,0,0,0
SNXT50.BSE_IDX,01/07/2025,09:52:17,85629.1,0,0,0,0,0,0
SNXT50.BSE_IDX,01/07/2025,09:52:24,85628.6,0,0,0,0,0,0
SNXT50.BSE_IDX,01/07/2025,09:52:32,85621.49,0,0,0,0,0,0
SNXT50.BSE_IDX,01/07/2025,09:52:40,85624.78,0,0,0,0,0,0
SNXT50.BSE_IDX,01/07/2025,09:52:48,85624.72,0,0,0,0,0,0
SNXT50.BSE_IDX,01/07/2025,09:52:57,85620.34,0,0,0,0,0,0
SNXT50.BSE_IDX,01/07/2025,09:53:04,85627.96,0,0,0,0,0,0
SNXT50.BSE_IDX,01/07/2025,09:53:13,85627.9,0,0,0,0,0,0
SNXT50.BSE_IDX,01/07/2025,09:53:20,85631.06,0,0,0,0,0,0
SNXT50.BSE_IDX,01/07/2025,09:53:28,85644.03,0,0,0,0,0,0
SNXT50.BSE_IDX,01/07/2025,09:53:36,85647.59,0,0,0,0,0,0
SNXT50.BSE_IDX,01/07/2025,09:53:44,85646.38,0,0,0,0,0,0
SNXT50.BSE_IDX,01/07/2025,09:53:52,85641.75,0,0,0,0,0,0
SNXT50.BSE_IDX,01/07/2025,09:54:00,85630.47,0,0,0,0,0,0
SNXT50.BSE_IDX,01/07/2025,09:54:08,85628.41,0,0,0,0,0,0
SNXT50.BSE_IDX,01/07/2025,09:54:16,85604.28,0,0,0,0,0,0
SNXT50.BSE_IDX,01/07/2025,09:54:24,85600.6,0,0,0,0,0,0
SNXT50.BSE_IDX,01/07/2025,09:54:32,85599.53,0,0,0,0,0,0
SNXT50.BSE_IDX,01/07/2025,09:54:40,85594,0,0,0,0,0,0
SNXT50.BSE_IDX,01/07/2025,09:54:48,85593.31,0,0,0,0,0,0
SNXT50.BSE_IDX,01/07/2025,09:54:56,85598.37,0,0,0,0,0,0
SNXT50.BSE_IDX,01/07/2025,09:55:04,85593.94,0,0,0,0,0,0
SNXT50.BSE_IDX,01/07/2025,09:55:12,85589.68,0,0,0,0,0,0
SNXT50.BSE_IDX,01/07/2025,09:55:20,85588.08,0,0,0,0,0,0
SNXT50.BSE_IDX,01/07/2025,09:55:28,85586.9,0,0,0,0,0,0
SNXT50.BSE_IDX,01/07/2025,09:55:36,85591.13,0,0,0,0,0,0
SNXT50.BSE_IDX,01/07/2025,09:55:44,85574.86,0,0,0,0,0,0
SNXT50.BSE_IDX,01/07/2025,09:55:52,85565.67,0,0,0,0,0,0
SNXT50.BSE_IDX,01/07/2025,09:56:00,85569.48,0,0,0,0,0,0
SNXT50.BSE_IDX,01/07/2025,09:56:08,85580.58,0,0,0,0,0,0
SNXT50.BSE_IDX,01/07/2025,09:56:16,85573.44,0,0,0,0,0,0
SNXT50.BSE_IDX,01/07/2025,09:56:25,85575,0,0,0,0,0,0
SNXT50.BSE_IDX,01/07/2025,09:56:32,85572.45,0,0,0,0,0,0
SNXT50.BSE_IDX,01/07/2025,09:56:41,85575.73,0,0,0,0,0,0
SNXT50.BSE_IDX,01/07/2025,09:56:48,85580.12,0,0,0,0,0,0
SNXT50.BSE_IDX,01/07/2025,09:56:57,85577.18,0,0,0,0,0,0
SNXT50.BSE_IDX,01/07/2025,09:57:04,85576.81,0,0,0,0,0,0
SNXT50.BSE_IDX,01/07/2025,09:57:12,85588.3,0,0,0,0,0,0
SNXT50.BSE_IDX,01/07/2025,09:57:20,85597.55,0,0,0,0,0,0
SNXT50.BSE_IDX,01/07/2025,09:57:28,85606.16,0,0,0,0,0,0
SNXT50.BSE_IDX,01/07/2025,09:57:36,85604.5,0,0,0,0,0,0
SNXT50.BSE_IDX,01/07/2025,09:57:44,85609.7,0,0,0,0,0,0
SNXT50.BSE_IDX,01/07/2025,09:57:52,85615.05,0,0,0,0,0,0
SNXT50.BSE_IDX,01/07/2025,09:58:00,85613,0,0,0,0,0,0
SNXT50.BSE_IDX,01/07/2025,09:58:08,85612.34,0,0,0,0,0,0
SNXT50.BSE_IDX,01/07/2025,09:58:16,85615.84,0,0,0,0,0,0
SNXT50.BSE_IDX,01/07/2025,09:58:24,85616.9,0,0,0,0,0,0
SNXT50.BSE_IDX,01/07/2025,09:58:32,85631.04,0,0,0,0,0,0
SNXT50.BSE_IDX,01/07/2025,09:58:40,85639.27,0,0,0,0,0,0
SNXT50.BSE_IDX,01/07/2025,09:58:48,85648.27,0,0,0,0,0,0
SNXT50.BSE_IDX,01/07/2025,09:58:56,85653.41,0,0,0,0,0,0
SNXT50.BSE_IDX,01/07/2025,09:59:05,85647.96,0,0,0,0,0,0
SNXT50.BSE_IDX,01/07/2025,09:59:12,85651.86,0,0,0,0,0,0
SNXT50.BSE_IDX,01/07/2025,09:59:20,85660.15,0,0,0,0,0,0
SNXT50.BSE_IDX,01/07/2025,09:59:28,85664.6,0,0,0,0,0,0
SNXT50.BSE_IDX,01/07/2025,09:59:36,85672.51,0,0,0,0,0,0
SNXT50.BSE_IDX,01/07/2025,09:59:45,85669.58,0,0,0,0,0,0
SNXT50.BSE_IDX,01/07/2025,09:59:52,85662.21,0,0,0,0,0,0
SNXT50.BSE_IDX,01/07/2025,10:00:00,85663.35,0,0,0,0,0,0
SNXT50.BSE_IDX,01/07/2025,10:00:08,85679.99,0,0,0,0,0,0
SNXT50.BSE_IDX,01/07/2025,10:00:16,85683.35,0,0,0,0,0,0
SNXT50.BSE_IDX,01/07/2025,10:00:24,85687.52,0,0,0,0,0,0
SNXT50.BSE_IDX,01/07/2025,10:00:32,85684.5,0,0,0,0,0,0
SNXT50.BSE_IDX,01/07/2025,10:00:40,85679.79,0,0,0,0,0,0
SNXT50.BSE_IDX,01/07/2025,10:00:48,85675.86,0,0,0,0,0,0
SNXT50.BSE_IDX,01/07/2025,10:00:56,85672.19,0,0,0,0,0,0
SNXT50.BSE_IDX,01/07/2025,10:01:04,85661.51,0,0,0,0,0,0
SNXT50.BSE_IDX,01/07/2025,10:01:12,85664.4,0,0,0,0,0,0
SNXT50.BSE_IDX,01/07/2025,10:01:21,85668.79,0,0,0,0,0,0
SNXT50.BSE_IDX,01/07/2025,10:01:28,85663.63,0,0,0,0,0,0
SNXT50.BSE_IDX,01/07/2025,10:01:36,85673.58,0,0,0,0,0,0
SNXT50.BSE_IDX,01/07/2025,10:01:44,85669.24,0,0,0,0,0,0
SNXT50.BSE_IDX,01/07/2025,10:01:52,85660.98,0,0,0,0,0,0
SNXT50.BSE_IDX,01/07/2025,10:02:00,85660.91,0,0,0,0,0,0
SNXT50.BSE_IDX,01/07/2025,10:02:08,85659.85,0,0,0,0,0,0
SNXT50.BSE_IDX,01/07/2025,10:02:17,85669.11,0,0,0,0,0,0
SNXT50.BSE_IDX,01/07/2025,10:02:24,85654.82,0,0,0,0,0,0
SNXT50.BSE_IDX,01/07/2025,10:02:32,85644.61,0,0,0,0,0,0
SNXT50.BSE_IDX,01/07/2025,10:02:41,85642.35,0,0,0,0,0,0
SNXT50.BSE_IDX,01/07/2025,10:02:49,85651.35,0,0,0,0,0,0
SNXT50.BSE_IDX,01/07/2025,10:02:56,85644.65,0,0,0,0,0,0
SNXT50.BSE_IDX,01/07/2025,10:03:04,85630.85,0,0,0,0,0,0
SNXT50.BSE_IDX,01/07/2025,10:03:13,85623.1,0,0,0,0,0,0
SNXT50.BSE_IDX,01/07/2025,10:03:20,85609.18,0,0,0,0,0,0
SNXT50.BSE_IDX,01/07/2025,10:03:29,85605.52,0,0,0,0,0,0
SNXT50.BSE_IDX,01/07/2025,10:03:37,85600.1,0,0,0,0,0,0
SNXT50.BSE_IDX,01/07/2025,10:03:45,85605.99,0,0,0,0,0,0
SNXT50.BSE_IDX,01/07/2025,10:03:53,85602.57,0,0,0,0,0,0
SNXT50.BSE_IDX,01/07/2025,10:04:01,85601.65,0,0,0,0,0,0
SNXT50.BSE_IDX,01/07/2025,10:04:09,85603.59,0,0,0,0,0,0
SNXT50.BSE_IDX,01/07/2025,10:04:17,85605.03,0,0,0,0,0,0
SNXT50.BSE_IDX,01/07/2025,10:04:25,85605.48,0,0,0,0,0,0
SNXT50.BSE_IDX,01/07/2025,10:04:33,85602.11,0,0,0,0,0,0
SNXT50.BSE_IDX,01/07/2025,10:04:41,85611.59,0,0,0,0,0,0
SNXT50.BSE_IDX,01/07/2025,10:04:50,85615.39,0,0,0,0,0,0
SNXT50.BSE_IDX,01/07/2025,10:04:57,85614.72,0,0,0,0,0,0
SNXT50.BSE_IDX,01/07/2025,10:05:05,85611.93,0,0,0,0,0,0
SNXT50.BSE_IDX,01/07/2025,10:05:14,85601.28,0,0,0,0,0,0
SNXT50.BSE_IDX,01/07/2025,10:05:21,85600.99,0,0,0,0,0,0
SNXT50.BSE_IDX,01/07/2025,10:05:29,85606.51,0,0,0,0,0,0
SNXT50.BSE_IDX,01/07/2025,10:05:37,85607.56,0,0,0,0,0,0
SNXT50.BSE_IDX,01/07/2025,10:05:45,85618.93,0,0,0,0,0,0
SNXT50.BSE_IDX,01/07/2025,10:05:53,85627.59,0,0,0,0,0,0
SNXT50.BSE_IDX,01/07/2025,10:06:01,85631.07,0,0,0,0,0,0
SNXT50.BSE_IDX,01/07/2025,10:06:09,85642.4,0,0,0,0,0,0
SNXT50.BSE_IDX,01/07/2025,10:06:17,85636.46,0,0,0,0,0,0
SNXT50.BSE_IDX,01/07/2025,10:06:25,85648.14,0,0,0,0,0,0
SNXT50.BSE_IDX,01/07/2025,10:06:33,85650.62,0,0,0,0,0,0
SNXT50.BSE_IDX,01/07/2025,10:06:41,85658.52,0,0,0,0,0,0
SNXT50.BSE_IDX,01/07/2025,10:06:49,85659.74,0,0,0,0,0,0
SNXT50.BSE_IDX,01/07/2025,10:06:57,85661.39,0,0,0,0,0,0
SNXT50.BSE_IDX,01/07/2025,10:07:05,85670.07,0,0,0,0,0,0
SNXT50.BSE_IDX,01/07/2025,10:07:13,85675.7,0,0,0,0,0,0
SNXT50.BSE_IDX,01/07/2025,10:07:21,85678.74,0,0,0,0,0,0
SNXT50.BSE_IDX,01/07/2025,10:07:29,85679.83,0,0,0,0,0,0
SNXT50.BSE_IDX,01/07/2025,10:07:37,85688.15,0,0,0,0,0,0
SNXT50.BSE_IDX,01/07/2025,10:07:45,85694.94,0,0,0,0,0,0
SNXT50.BSE_IDX,01/07/2025,10:07:53,85692.45,0,0,0,0,0,0
SNXT50.BSE_IDX,01/07/2025,10:08:01,85691.83,0,0,0,0,0,0
SNXT50.BSE_IDX,01/07/2025,10:08:09,85691.58,0,0,0,0,0,0
SNXT50.BSE_IDX,01/07/2025,10:08:17,85695.57,0,0,0,0,0,0
SNXT50.BSE_IDX,01/07/2025,10:08:25,85704.53,0,0,0,0,0,0
SNXT50.BSE_IDX,01/07/2025,10:08:33,85696.98,0,0,0,0,0,0
SNXT50.BSE_IDX,01/07/2025,10:08:41,85693.54,0,0,0,0,0,0
SNXT50.BSE_IDX,01/07/2025,10:08:49,85688.5,0,0,0,0,0,0
SNXT50.BSE_IDX,01/07/2025,10:08:57,85676.93,0,0,0,0,0,0
SNXT50.BSE_IDX,01/07/2025,10:09:05,85659.61,0,0,0,0,0,0
SNXT50.BSE_IDX,01/07/2025,10:09:13,85659.78,0,0,0,0,0,0
SNXT50.BSE_IDX,01/07/2025,10:09:21,85657.04,0,0,0,0,0,0
SNXT50.BSE_IDX,01/07/2025,10:09:29,85655.57,0,0,0,0,0,0
SNXT50.BSE_IDX,01/07/2025,10:09:37,85652.36,0,0,0,0,0,0
SNXT50.BSE_IDX,01/07/2025,10:09:45,85651.43,0,0,0,0,0,0
SNXT50.BSE_IDX,01/07/2025,10:09:53,85654.99,0,0,0,0,0,0
SNXT50.BSE_IDX,01/07/2025,10:10:01,85654.75,0,0,0,0,0,0
SNXT50.BSE_IDX,01/07/2025,10:10:09,85648.85,0,0,0,0,0,0
SNXT50.BSE_IDX,01/07/2025,10:10:17,85656.27,0,0,0,0,0,0
SNXT50.BSE_IDX,01/07/2025,10:10:25,85662.77,0,0,0,0,0,0
SNXT50.BSE_IDX,01/07/2025,10:10:33,85661.41,0,0,0,0,0,0
SNXT50.BSE_IDX,01/07/2025,10:10:41,85658.96,0,0,0,0,0,0
SNXT50.BSE_IDX,01/07/2025,10:10:49,85660.19,0,0,0,0,0,0
SNXT50.BSE_IDX,01/07/2025,10:10:57,85664.33,0,0,0,0,0,0
SNXT50.BSE_IDX,01/07/2025,10:11:05,85664.4,0,0,0,0,0,0
SNXT50.BSE_IDX,01/07/2025,10:11:13,85665.47,0,0,0,0,0,0
SNXT50.BSE_IDX,01/07/2025,10:11:22,85659.99,0,0,0,0,0,0
SNXT50.BSE_IDX,01/07/2025,10:11:29,85655.37,0,0,0,0,0,0
SNXT50.BSE_IDX,01/07/2025,10:11:37,85648.29,0,0,0,0,0,0
SNXT50.BSE_IDX,01/07/2025,10:11:45,85644.21,0,0,0,0,0,0
SNXT50.BSE_IDX,01/07/2025,10:11:53,85636.28,0,0,0,0,0,0
SNXT50.BSE_IDX,01/07/2025,10:12:01,85629.21,0,0,0,0,0,0
SNXT50.BSE_IDX,01/07/2025,10:12:09,85619.48,0,0,0,0,0,0
SNXT50.BSE_IDX,01/07/2025,10:12:17,85604.95,0,0,0,0,0,0
SNXT50.BSE_IDX,01/07/2025,10:12:25,85593.32,0,0,0,0,0,0
SNXT50.BSE_IDX,01/07/2025,10:12:33,85593.3,0,0,0,0,0,0
SNXT50.BSE_IDX,01/07/2025,10:12:41,85588.15,0,0,0,0,0,0
SNXT50.BSE_IDX,01/07/2025,10:12:49,85587.87,0,0,0,0,0,0
SNXT50.BSE_IDX,01/07/2025,10:12:57,85577.65,0,0,0,0,0,0
SNXT50.BSE_IDX,01/07/2025,10:13:05,85575.84,0,0,0,0,0,0
SNXT50.BSE_IDX,01/07/2025,10:13:13,85575.1,0,0,0,0,0,0
SNXT50.BSE_IDX,01/07/2025,10:13:21,85591.01,0,0,0,0,0,0
SNXT50.BSE_IDX,01/07/2025,10:13:29,85580.98,0,0,0,0,0,0
SNXT50.BSE_IDX,01/07/2025,10:13:37,85573.59,0,0,0,0,0,0
SNXT50.BSE_IDX,01/07/2025,10:13:45,85581.04,0,0,0,0,0,0
SNXT50.BSE_IDX,01/07/2025,10:13:53,85572.31,0,0,0,0,0,0
SNXT50.BSE_IDX,01/07/2025,10:14:01,85550.39,0,0,0,0,0,0
SNXT50.BSE_IDX,01/07/2025,10:14:09,85548,0,0,0,0,0,0
SNXT50.BSE_IDX,01/07/2025,10:14:17,85540.85,0,0,0,0,0,0
SNXT50.BSE_IDX,01/07/2025,10:14:25,85535.44,0,0,0,0,0,0
SNXT50.BSE_IDX,01/07/2025,10:14:33,85532.36,0,0,0,0,0,0
SNXT50.BSE_IDX,01/07/2025,10:14:41,85533.08,0,0,0,0,0,0
SNXT50.BSE_IDX,01/07/2025,10:14:49,85528.41,0,0,0,0,0,0
SNXT50.BSE_IDX,01/07/2025,10:14:57,85523.68,0,0,0,0,0,0
SNXT50.BSE_IDX,01/07/2025,10:15:05,85518.17,0,0,0,0,0,0
SNXT50.BSE_IDX,01/07/2025,10:15:13,85501.32,0,0,0,0,0,0
SNXT50.BSE_IDX,01/07/2025,10:15:21,85493.49,0,0,0,0,0,0
SNXT50.BSE_IDX,01/07/2025,10:15:29,85489.43,0,0,0,0,0,0
SNXT50.BSE_IDX,01/07/2025,10:15:37,85496.85,0,0,0,0,0,0
SNXT50.BSE_IDX,01/07/2025,10:15:45,85502.06,0,0,0,0,0,0
SNXT50.BSE_IDX,01/07/2025,10:15:53,85499.58,0,0,0,0,0,0
SNXT50.BSE_IDX,01/07/2025,10:16:01,85495.42,0,0,0,0,0,0
SNXT50.BSE_IDX,01/07/2025,10:16:09,85505.48,0,0,0,0,0,0
SNXT50.BSE_IDX,01/07/2025,10:16:17,85515.53,0,0,0,0,0,0
SNXT50.BSE_IDX,01/07/2025,10:16:25,85512.96,0,0,0,0,0,0
SNXT50.BSE_IDX,01/07/2025,10:16:33,85521.28,0,0,0,0,0,0
SNXT50.BSE_IDX,01/07/2025,10:16:41,85529.06,0,0,0,0,0,0
SNXT50.BSE_IDX,01/07/2025,10:16:49,85523.7,0,0,0,0,0,0
SNXT50.BSE_IDX,01/07/2025,10:16:57,85524.42,0,0,0,0,0,0
SNXT50.BSE_IDX,01/07/2025,10:17:05,85527.43,0,0,0,0,0,0
SNXT50.BSE_IDX,01/07/2025,10:17:13,85523.77,0,0,0,0,0,0
SNXT50.BSE_IDX,01/07/2025,10:17:21,85535.26,0,0,0,0,0,0
SNXT50.BSE_IDX,01/07/2025,10:17:29,85543.6,0,0,0,0,0,0
SNXT50.BSE_IDX,01/07/2025,10:17:37,85549.96,0,0,0,0,0,0
SNXT50.BSE_IDX,01/07/2025,10:17:45,85561.19,0,0,0,0,0,0
SNXT50.BSE_IDX,01/07/2025,10:17:53,85574.9,0,0,0,0,0,0
SNXT50.BSE_IDX,01/07/2025,10:18:01,85580.36,0,0,0,0,0,0
SNXT50.BSE_IDX,01/07/2025,10:18:09,85588.17,0,0,0,0,0,0
SNXT50.BSE_IDX,01/07/2025,10:18:17,85595.42,0,0,0,0,0,0
SNXT50.BSE_IDX,01/07/2025,10:18:25,85592.8,0,0,0,0,0,0
SNXT50.BSE_IDX,01/07/2025,10:18:33,85592.4,0,0,0,0,0,0
SNXT50.BSE_IDX,01/07/2025,10:18:41,85590.01,0,0,0,0,0,0
SNXT50.BSE_IDX,01/07/2025,10:18:49,85589.49,0,0,0,0,0,0
SNXT50.BSE_IDX,01/07/2025,10:18:57,85585.76,0,0,0,0,0,0
SNXT50.BSE_IDX,01/07/2025,10:19:05,85568.62,0,0,0,0,0,0
SNXT50.BSE_IDX,01/07/2025,10:19:13,85574.83,0,0,0,0,0,0
SNXT50.BSE_IDX,01/07/2025,10:19:21,85577.8,0,0,0,0,0,0
SNXT50.BSE_IDX,01/07/2025,10:19:29,85579.4,0,0,0,0,0,0
SNXT50.BSE_IDX,01/07/2025,10:19:37,85576.69,0,0,0,0,0,0
SNXT50.BSE_IDX,01/07/2025,10:19:45,85574.33,0,0,0,0,0,0
SNXT50.BSE_IDX,01/07/2025,10:19:53,85557.28,0,0,0,0,0,0
SNXT50.BSE_IDX,01/07/2025,10:20:01,85567.13,0,0,0,0,0,0
SNXT50.BSE_IDX,01/07/2025,10:20:09,85567.39,0,0,0,0,0,0
SNXT50.BSE_IDX,01/07/2025,10:20:17,85573.55,0,0,0,0,0,0
SNXT50.BSE_IDX,01/07/2025,10:20:25,85572.1,0,0,0,0,0,0
SNXT50.BSE_IDX,01/07/2025,10:20:33,85576.19,0,0,0,0,0,0
SNXT50.BSE_IDX,01/07/2025,10:20:41,85574.39,0,0,0,0,0,0
SNXT50.BSE_IDX,01/07/2025,10:20:49,85569.88,0,0,0,0,0,0
SNXT50.BSE_IDX,01/07/2025,10:20:57,85562.65,0,0,0,0,0,0
SNXT50.BSE_IDX,01/07/2025,10:21:05,85554,0,0,0,0,0,0
SNXT50.BSE_IDX,01/07/2025,10:21:13,85549.07,0,0,0,0,0,0
SNXT50.BSE_IDX,01/07/2025,10:21:21,85539.93,0,0,0,0,0,0
SNXT50.BSE_IDX,01/07/2025,10:21:29,85539.17,0,0,0,0,0,0
SNXT50.BSE_IDX,01/07/2025,10:21:37,85537.62,0,0,0,0,0,0
SNXT50.BSE_IDX,01/07/2025,10:21:45,85530.82,0,0,0,0,0,0
SNXT50.BSE_IDX,01/07/2025,10:21:53,85534.91,0,0,0,0,0,0
SNXT50.BSE_IDX,01/07/2025,10:22:01,85535.71,0,0,0,0,0,0
SNXT50.BSE_IDX,01/07/2025,10:22:09,85545.39,0,0,0,0,0,0
SNXT50.BSE_IDX,01/07/2025,10:22:17,85534.15,0,0,0,0,0,0
SNXT50.BSE_IDX,01/07/2025,10:22:25,85535.33,0,0,0,0,0,0
SNXT50.BSE_IDX,01/07/2025,10:22:33,85538.59,0,0,0,0,0,0
SNXT50.BSE_IDX,01/07/2025,10:22:41,85532.03,0,0,0,0,0,0
SNXT50.BSE_IDX,01/07/2025,10:22:49,85527.46,0,0,0,0,0,0
SNXT50.BSE_IDX,01/07/2025,10:22:57,85525.66,0,0,0,0,0,0
SNXT50.BSE_IDX,01/07/2025,10:23:05,85524.02,0,0,0,0,0,0
SNXT50.BSE_IDX,01/07/2025,10:23:13,85525.04,0,0,0,0,0,0
SNXT50.BSE_IDX,01/07/2025,10:23:21,85530.21,0,0,0,0,0,0
SNXT50.BSE_IDX,01/07/2025,10:23:29,85538.49,0,0,0,0,0,0
SNXT50.BSE_IDX,01/07/2025,10:23:37,85538.66,0,0,0,0,0,0
SNXT50.BSE_IDX,01/07/2025,10:23:45,85541.07,0,0,0,0,0,0
SNXT50.BSE_IDX,01/07/2025,10:23:53,85541.43,0,0,0,0,0,0
SNXT50.BSE_IDX,01/07/2025,10:24:01,85545,0,0,0,0,0,0
SNXT50.BSE_IDX,01/07/2025,10:24:09,85537.68,0,0,0,0,0,0
SNXT50.BSE_IDX,01/07/2025,10:24:17,85532.48,0,0,0,0,0,0
SNXT50.BSE_IDX,01/07/2025,10:24:25,85525.88,0,0,0,0,0,0
SNXT50.BSE_IDX,01/07/2025,10:24:33,85501.7,0,0,0,0,0,0
SNXT50.BSE_IDX,01/07/2025,10:24:41,85500.09,0,0,0,0,0,0
SNXT50.BSE_IDX,01/07/2025,10:24:49,85491.09,0,0,0,0,0,0
SNXT50.BSE_IDX,01/07/2025,10:24:57,85497.04,0,0,0,0,0,0
SNXT50.BSE_IDX,01/07/2025,10:25:05,85500.69,0,0,0,0,0,0
SNXT50.BSE_IDX,01/07/2025,10:25:13,85502.72,0,0,0,0,0,0
SNXT50.BSE_IDX,01/07/2025,10:25:21,85501.23,0,0,0,0,0,0
SNXT50.BSE_IDX,01/07/2025,10:25:29,85496.48,0,0,0,0,0,0
SNXT50.BSE_IDX,01/07/2025,10:25:37,85495.61,0,0,0,0,0,0
SNXT50.BSE_IDX,01/07/2025,10:25:45,85486.36,0,0,0,0,0,0
SNXT50.BSE_IDX,01/07/2025,10:25:53,85483.51,0,0,0,0,0,0
SNXT50.BSE_IDX,01/07/2025,10:26:01,85482.69,0,0,0,0,0,0
SNXT50.BSE_IDX,01/07/2025,10:26:09,85487.97,0,0,0,0,0,0
SNXT50.BSE_IDX,01/07/2025,10:26:17,85487.75,0,0,0,0,0,0
SNXT50.BSE_IDX,01/07/2025,10:26:25,85490.15,0,0,0,0,0,0
SNXT50.BSE_IDX,01/07/2025,10:26:33,85497.54,0,0,0,0,0,0
SNXT50.BSE_IDX,01/07/2025,10:26:41,85498.2,0,0,0,0,0,0
SNXT50.BSE_IDX,01/07/2025,10:26:49,85494.45,0,0,0,0,0,0
SNXT50.BSE_IDX,01/07/2025,10:26:57,85503.17,0,0,0,0,0,0
SNXT50.BSE_IDX,01/07/2025,10:27:05,85505.76,0,0,0,0,0,0
SNXT50.BSE_IDX,01/07/2025,10:27:13,85507.21,0,0,0,0,0,0
SNXT50.BSE_IDX,01/07/2025,10:27:21,85513.59,0,0,0,0,0,0
SNXT50.BSE_IDX,01/07/2025,10:27:29,85514.51,0,0,0,0,0,0
SNXT50.BSE_IDX,01/07/2025,10:27:37,85510.25,0,0,0,0,0,0
SNXT50.BSE_IDX,01/07/2025,10:27:45,85503.24,0,0,0,0,0,0
SNXT50.BSE_IDX,01/07/2025,10:27:53,85509.34,0,0,0,0,0,0
SNXT50.BSE_IDX,01/07/2025,10:28:01,85520.15,0,0,0,0,0,0
SNXT50.BSE_IDX,01/07/2025,10:28:09,85528.07,0,0,0,0,0,0
SNXT50.BSE_IDX,01/07/2025,10:28:17,85523.69,0,0,0,0,0,0
SNXT50.BSE_IDX,01/07/2025,10:28:25,85519.11,0,0,0,0,0,0
SNXT50.BSE_IDX,01/07/2025,10:28:33,85521.25,0,0,0,0,0,0
SNXT50.BSE_IDX,01/07/2025,10:28:41,85510.94,0,0,0,0,0,0
SNXT50.BSE_IDX,01/07/2025,10:28:49,85522.83,0,0,0,0,0,0
SNXT50.BSE_IDX,01/07/2025,10:28:57,85520.5,0,0,0,0,0,0
SNXT50.BSE_IDX,01/07/2025,10:29:05,85510.16,0,0,0,0,0,0
SNXT50.BSE_IDX,01/07/2025,10:29:13,85518.72,0,0,0,0,0,0
SNXT50.BSE_IDX,01/07/2025,10:29:21,85519.21,0,0,0,0,0,0
SNXT50.BSE_IDX,01/07/2025,10:29:29,85519.73,0,0,0,0,0,0
SNXT50.BSE_IDX,01/07/2025,10:29:37,85514.16,0,0,0,0,0,0
SNXT50.BSE_IDX,01/07/2025,10:29:46,85509.93,0,0,0,0,0,0
SNXT50.BSE_IDX,01/07/2025,10:29:54,85510.42,0,0,0,0,0,0
SNXT50.BSE_IDX,01/07/2025,10:30:01,85507.44,0,0,0,0,0,0
SNXT50.BSE_IDX,01/07/2025,10:30:09,85506.57,0,0,0,0,0,0
SNXT50.BSE_IDX,01/07/2025,10:30:17,85508.57,0,0,0,0,0,0
SNXT50.BSE_IDX,01/07/2025,10:30:25,85517.26,0,0,0,0,0,0
SNXT50.BSE_IDX,01/07/2025,10:30:33,85518.37,0,0,0,0,0,0
SNXT50.BSE_IDX,01/07/2025,10:30:41,85526.41,0,0,0,0,0,0
SNXT50.BSE_IDX,01/07/2025,10:30:49,85520.71,0,0,0,0,0,0
SNXT50.BSE_IDX,01/07/2025,10:30:57,85524.81,0,0,0,0,0,0
SNXT50.BSE_IDX,01/07/2025,10:31:05,85517.44,0,0,0,0,0,0
SNXT50.BSE_IDX,01/07/2025,10:31:13,85518.17,0,0,0,0,0,0
SNXT50.BSE_IDX,01/07/2025,10:31:21,85511.36,0,0,0,0,0,0
SNXT50.BSE_IDX,01/07/2025,10:31:29,85500.04,0,0,0,0,0,0
SNXT50.BSE_IDX,01/07/2025,10:31:37,85507.63,0,0,0,0,0,0
SNXT50.BSE_IDX,01/07/2025,10:31:45,85502.17,0,0,0,0,0,0
SNXT50.BSE_IDX,01/07/2025,10:31:53,85505.05,0,0,0,0,0,0
SNXT50.BSE_IDX,01/07/2025,10:32:01,85504.1,0,0,0,0,0,0
SNXT50.BSE_IDX,01/07/2025,10:32:09,85506.59,0,0,0,0,0,0
SNXT50.BSE_IDX,01/07/2025,10:32:17,85507.92,0,0,0,0,0,0
SNXT50.BSE_IDX,01/07/2025,10:32:25,85512.02,0,0,0,0,0,0
SNXT50.BSE_IDX,01/07/2025,10:32:33,85513.76,0,0,0,0,0,0
SNXT50.BSE_IDX,01/07/2025,10:32:41,85520.93,0,0,0,0,0,0
SNXT50.BSE_IDX,01/07/2025,10:32:49,85517.67,0,0,0,0,0,0
SNXT50.BSE_IDX,01/07/2025,10:32:57,85519.9,0,0,0,0,0,0
SNXT50.BSE_IDX,01/07/2025,10:33:05,85513.12,0,0,0,0,0,0
SNXT50.BSE_IDX,01/07/2025,10:33:13,85513.33,0,0,0,0,0,0
SNXT50.BSE_IDX,01/07/2025,10:33:21,85517.04,0,0,0,0,0,0
SNXT50.BSE_IDX,01/07/2025,10:33:29,85516.1,0,0,0,0,0,0
SNXT50.BSE_IDX,01/07/2025,10:33:37,85529.65,0,0,0,0,0,0
SNXT50.BSE_IDX,01/07/2025,10:33:45,85535.21,0,0,0,0,0,0
SNXT50.BSE_IDX,01/07/2025,10:33:53,85535.18,0,0,0,0,0,0
SNXT50.BSE_IDX,01/07/2025,10:34:01,85535.11,0,0,0,0,0,0
SNXT50.BSE_IDX,01/07/2025,10:34:09,85529.23,0,0,0,0,0,0
SNXT50.BSE_IDX,01/07/2025,10:34:17,85530.54,0,0,0,0,0,0
SNXT50.BSE_IDX,01/07/2025,10:34:25,85531.09,0,0,0,0,0,0
SNXT50.BSE_IDX,01/07/2025,10:34:33,85528.83,0,0,0,0,0,0
SNXT50.BSE_IDX,01/07/2025,10:34:41,85532.35,0,0,0,0,0,0
SNXT50.BSE_IDX,01/07/2025,10:34:49,85527.68,0,0,0,0,0,0
SNXT50.BSE_IDX,01/07/2025,10:34:58,85519.05,0,0,0,0,0,0
SNXT50.BSE_IDX,01/07/2025,10:35:06,85514.63,0,0,0,0,0,0
SNXT50.BSE_IDX,01/07/2025,10:35:14,85511.55,0,0,0,0,0,0
SNXT50.BSE_IDX,01/07/2025,10:35:21,85514.98,0,0,0,0,0,0
SNXT50.BSE_IDX,01/07/2025,10:35:29,85518.41,0,0,0,0,0,0
SNXT50.BSE_IDX,01/07/2025,10:35:37,85510.32,0,0,0,0,0,0
SNXT50.BSE_IDX,01/07/2025,10:35:45,85504.71,0,0,0,0,0,0
SNXT50.BSE_IDX,01/07/2025,10:35:54,85508.75,0,0,0,0,0,0
SNXT50.BSE_IDX,01/07/2025,10:36:02,85502.63,0,0,0,0,0,0
SNXT50.BSE_IDX,01/07/2025,10:36:10,85495.92,0,0,0,0,0,0
SNXT50.BSE_IDX,01/07/2025,10:36:17,85496.62,0,0,0,0,0,0
SNXT50.BSE_IDX,01/07/2025,10:36:25,85485.79,0,0,0,0,0,0
SNXT50.BSE_IDX,01/07/2025,10:36:34,85488.75,0,0,0,0,0,0
SNXT50.BSE_IDX,01/07/2025,10:36:42,85488.27,0,0,0,0,0,0
SNXT50.BSE_IDX,01/07/2025,10:36:49,85478.55,0,0,0,0,0,0
SNXT50.BSE_IDX,01/07/2025,10:36:58,85468.3,0,0,0,0,0,0
SNXT50.BSE_IDX,01/07/2025,10:37:05,85467.63,0,0,0,0,0,0
SNXT50.BSE_IDX,01/07/2025,10:37:14,85468.38,0,0,0,0,0,0
SNXT50.BSE_IDX,01/07/2025,10:37:21,85465.36,0,0,0,0,0,0
SNXT50.BSE_IDX,01/07/2025,10:37:30,85465.07,0,0,0,0,0,0
SNXT50.BSE_IDX,01/07/2025,10:37:38,85461.15,0,0,0,0,0,0
SNXT50.BSE_IDX,01/07/2025,10:37:46,85453.14,0,0,0,0,0,0
SNXT50.BSE_IDX,01/07/2025,10:37:54,85453,0,0,0,0,0,0
SNXT50.BSE_IDX,01/07/2025,10:38:02,85452.95,0,0,0,0,0,0
SNXT50.BSE_IDX,01/07/2025,10:38:10,85455.5,0,0,0,0,0,0
SNXT50.BSE_IDX,01/07/2025,10:38:18,85454.41,0,0,0,0,0,0
SNXT50.BSE_IDX,01/07/2025,10:38:26,85459.84,0,0,0,0,0,0
SNXT50.BSE_IDX,01/07/2025,10:38:34,85460.05,0,0,0,0,0,0
SNXT50.BSE_IDX,01/07/2025,10:38:42,85464.52,0,0,0,0,0,0
SNXT50.BSE_IDX,01/07/2025,10:38:50,85460.58,0,0,0,0,0,0
SNXT50.BSE_IDX,01/07/2025,10:38:58,85463.85,0,0,0,0,0,0
SNXT50.BSE_IDX,01/07/2025,10:39:06,85470.02,0,0,0,0,0,0
SNXT50.BSE_IDX,01/07/2025,10:39:14,85477.12,0,0,0,0,0,0
SNXT50.BSE_IDX,01/07/2025,10:39:22,85487.39,0,0,0,0,0,0
SNXT50.BSE_IDX,01/07/2025,10:39:30,85482.25,0,0,0,0,0,0
SNXT50.BSE_IDX,01/07/2025,10:39:38,85483.76,0,0,0,0,0,0
SNXT50.BSE_IDX,01/07/2025,10:39:46,85489.09,0,0,0,0,0,0
SNXT50.BSE_IDX,01/07/2025,10:39:54,85490.63,0,0,0,0,0,0
SNXT50.BSE_IDX,01/07/2025,10:40:02,85492.08,0,0,0,0,0,0
SNXT50.BSE_IDX,01/07/2025,10:40:10,85480.89,0,0,0,0,0,0
SNXT50.BSE_IDX,01/07/2025,10:40:18,85484.89,0,0,0,0,0,0
SNXT50.BSE_IDX,01/07/2025,10:40:26,85482.07,0,0,0,0,0,0
SNXT50.BSE_IDX,01/07/2025,10:40:34,85470.83,0,0,0,0,0,0
SNXT50.BSE_IDX,01/07/2025,10:40:42,85469.08,0,0,0,0,0,0
SNXT50.BSE_IDX,01/07/2025,10:40:50,85463.09,0,0,0,0,0,0
SNXT50.BSE_IDX,01/07/2025,10:40:58,85457.43,0,0,0,0,0,0
SNXT50.BSE_IDX,01/07/2025,10:41:06,85451.14,0,0,0,0,0,0
SNXT50.BSE_IDX,01/07/2025,10:41:14,85452.16,0,0,0,0,0,0
SNXT50.BSE_IDX,01/07/2025,10:41:22,85460.38,0,0,0,0,0,0
SNXT50.BSE_IDX,01/07/2025,10:41:30,85460.21,0,0,0,0,0,0
SNXT50.BSE_IDX,01/07/2025,10:41:38,85467.45,0,0,0,0,0,0
SNXT50.BSE_IDX,01/07/2025,10:41:46,85469.69,0,0,0,0,0,0
SNXT50.BSE_IDX,01/07/2025,10:41:54,85468.62,0,0,0,0,0,0
SNXT50.BSE_IDX,01/07/2025,10:42:02,85474.76,0,0,0,0,0,0
SNXT50.BSE_IDX,01/07/2025,10:42:10,85478.7,0,0,0,0,0,0
SNXT50.BSE_IDX,01/07/2025,10:42:18,85481.87,0,0,0,0,0,0
SNXT50.BSE_IDX,01/07/2025,10:42:26,85473.99,0,0,0,0,0,0
SNXT50.BSE_IDX,01/07/2025,10:42:34,85475.93,0,0,0,0,0,0
SNXT50.BSE_IDX,01/07/2025,10:42:42,85468.29,0,0,0,0,0,0
SNXT50.BSE_IDX,01/07/2025,10:42:50,85464.5,0,0,0,0,0,0
SNXT50.BSE_IDX,01/07/2025,10:42:58,85463.37,0,0,0,0,0,0
SNXT50.BSE_IDX,01/07/2025,10:43:06,85471.75,0,0,0,0,0,0
SNXT50.BSE_IDX,01/07/2025,10:43:14,85470.89,0,0,0,0,0,0
SNXT50.BSE_IDX,01/07/2025,10:43:22,85473.38,0,0,0,0,0,0
SNXT50.BSE_IDX,01/07/2025,10:43:30,85472.43,0,0,0,0,0,0
SNXT50.BSE_IDX,01/07/2025,10:43:38,85462.46,0,0,0,0,0,0
SNXT50.BSE_IDX,01/07/2025,10:43:46,85459.56,0,0,0,0,0,0
SNXT50.BSE_IDX,01/07/2025,10:43:54,85452.45,0,0,0,0,0,0
SNXT50.BSE_IDX,01/07/2025,10:44:02,85453.7,0,0,0,0,0,0
SNXT50.BSE_IDX,01/07/2025,10:44:10,85453.94,0,0,0,0,0,0
SNXT50.BSE_IDX,01/07/2025,10:44:18,85454.19,0,0,0,0,0,0
SNXT50.BSE_IDX,01/07/2025,10:44:26,85444.85,0,0,0,0,0,0
SNXT50.BSE_IDX,01/07/2025,10:44:34,85438.75,0,0,0,0,0,0
SNXT50.BSE_IDX,01/07/2025,10:44:42,85438.57,0,0,0,0,0,0
SNXT50.BSE_IDX,01/07/2025,10:44:50,85436.37,0,0,0,0,0,0
SNXT50.BSE_IDX,01/07/2025,10:44:58,85432.06,0,0,0,0,0,0
SNXT50.BSE_IDX,01/07/2025,10:45:07,85418.37,0,0,0,0,0,0
SNXT50.BSE_IDX,01/07/2025,10:45:14,85403.39,0,0,0,0,0,0
SNXT50.BSE_IDX,01/07/2025,10:45:22,85397.39,0,0,0,0,0,0
SNXT50.BSE_IDX,01/07/2025,10:45:30,85400.2,0,0,0,0,0,0
SNXT50.BSE_IDX,01/07/2025,10:45:38,85402.09,0,0,0,0,0,0
SNXT50.BSE_IDX,01/07/2025,10:45:46,85406.66,0,0,0,0,0,0
SNXT50.BSE_IDX,01/07/2025,10:45:54,85405.16,0,0,0,0,0,0
SNXT50.BSE_IDX,01/07/2025,10:46:02,85402.7,0,0,0,0,0,0
SNXT50.BSE_IDX,01/07/2025,10:46:10,85396.86,0,0,0,0,0,0
SNXT50.BSE_IDX,01/07/2025,10:46:18,85386.82,0,0,0,0,0,0
SNXT50.BSE_IDX,01/07/2025,10:46:26,85388.3,0,0,0,0,0,0
SNXT50.BSE_IDX,01/07/2025,10:46:34,85390.29,0,0,0,0,0,0
SNXT50.BSE_IDX,01/07/2025,10:46:42,85396.31,0,0,0,0,0,0
SNXT50.BSE_IDX,01/07/2025,10:46:50,85397.32,0,0,0,0,0,0
SNXT50.BSE_IDX,01/07/2025,10:46:58,85395.12,0,0,0,0,0,0
SNXT50.BSE_IDX,01/07/2025,10:47:06,85395.64,0,0,0,0,0,0
SNXT50.BSE_IDX,01/07/2025,10:47:14,85393.07,0,0,0,0,0,0
SNXT50.BSE_IDX,01/07/2025,10:47:22,85385.14,0,0,0,0,0,0
SNXT50.BSE_IDX,01/07/2025,10:47:30,85378.85,0,0,0,0,0,0
SNXT50.BSE_IDX,01/07/2025,10:47:38,85382.26,0,0,0,0,0,0
SNXT50.BSE_IDX,01/07/2025,10:47:46,85385.99,0,0,0,0,0,0
SNXT50.BSE_IDX,01/07/2025,10:47:54,85388.74,0,0,0,0,0,0
SNXT50.BSE_IDX,01/07/2025,10:48:02,85386.06,0,0,0,0,0,0
SNXT50.BSE_IDX,01/07/2025,10:48:10,85391.57,0,0,0,0,0,0
SNXT50.BSE_IDX,01/07/2025,10:48:18,85393.72,0,0,0,0,0,0
SNXT50.BSE_IDX,01/07/2025,10:48:26,85400.87,0,0,0,0,0,0
SNXT50.BSE_IDX,01/07/2025,10:48:34,85403.02,0,0,0,0,0,0
SNXT50.BSE_IDX,01/07/2025,10:48:42,85405.21,0,0,0,0,0,0
SNXT50.BSE_IDX,01/07/2025,10:48:50,85397.72,0,0,0,0,0,0
SNXT50.BSE_IDX,01/07/2025,10:48:58,85400.89,0,0,0,0,0,0
SNXT50.BSE_IDX,01/07/2025,10:49:06,85387.19,0,0,0,0,0,0
SNXT50.BSE_IDX,01/07/2025,10:49:14,85368.41,0,0,0,0,0,0
SNXT50.BSE_IDX,01/07/2025,10:49:22,85363.47,0,0,0,0,0,0
SNXT50.BSE_IDX,01/07/2025,10:49:30,85359.49,0,0,0,0,0,0
SNXT50.BSE_IDX,01/07/2025,10:49:38,85354.43,0,0,0,0,0,0
SNXT50.BSE_IDX,01/07/2025,10:49:46,85352.57,0,0,0,0,0,0
SNXT50.BSE_IDX,01/07/2025,10:49:54,85351.57,0,0,0,0,0,0
SNXT50.BSE_IDX,01/07/2025,10:50:02,85348.79,0,0,0,0,0,0
SNXT50.BSE_IDX,01/07/2025,10:50:10,85337.64,0,0,0,0,0,0
SNXT50.BSE_IDX,01/07/2025,10:50:18,85339.32,0,0,0,0,0,0
SNXT50.BSE_IDX,01/07/2025,10:50:26,85337.72,0,0,0,0,0,0
SNXT50.BSE_IDX,01/07/2025,10:50:34,85346.57,0,0,0,0,0,0
SNXT50.BSE_IDX,01/07/2025,10:50:42,85342.06,0,0,0,0,0,0
SNXT50.BSE_IDX,01/07/2025,10:50:50,85338.16,0,0,0,0,0,0
SNXT50.BSE_IDX,01/07/2025,10:50:58,85343.58,0,0,0,0,0,0
SNXT50.BSE_IDX,01/07/2025,10:51:06,85343.12,0,0,0,0,0,0
SNXT50.BSE_IDX,01/07/2025,10:51:14,85334.81,0,0,0,0,0,0
SNXT50.BSE_IDX,01/07/2025,10:51:22,85337.65,0,0,0,0,0,0
SNXT50.BSE_IDX,01/07/2025,10:51:30,85340.47,0,0,0,0,0,0
SNXT50.BSE_IDX,01/07/2025,10:51:38,85337.82,0,0,0,0,0,0
SNXT50.BSE_IDX,01/07/2025,10:51:46,85337.36,0,0,0,0,0,0
SNXT50.BSE_IDX,01/07/2025,10:51:54,85331.26,0,0,0,0,0,0
SNXT50.BSE_IDX,01/07/2025,10:52:02,85324.93,0,0,0,0,0,0
SNXT50.BSE_IDX,01/07/2025,10:52:10,85322.31,0,0,0,0,0,0
SNXT50.BSE_IDX,01/07/2025,10:52:18,85317.14,0,0,0,0,0,0
SNXT50.BSE_IDX,01/07/2025,10:52:26,85305.48,0,0,0,0,0,0
SNXT50.BSE_IDX,01/07/2025,10:52:34,85303.16,0,0,0,0,0,0
SNXT50.BSE_IDX,01/07/2025,10:52:43,85290.2,0,0,0,0,0,0
SNXT50.BSE_IDX,01/07/2025,10:52:50,85283.2,0,0,0,0,0,0
SNXT50.BSE_IDX,01/07/2025,10:52:58,85274.87,0,0,0,0,0,0
SNXT50.BSE_IDX,01/07/2025,10:53:06,85274.65,0,0,0,0,0,0
SNXT50.BSE_IDX,01/07/2025,10:53:14,85258.38,0,0,0,0,0,0
SNXT50.BSE_IDX,01/07/2025,10:53:22,85267.98,0,0,0,0,0,0
SNXT50.BSE_IDX,01/07/2025,10:53:30,85269.7,0,0,0,0,0,0
SNXT50.BSE_IDX,01/07/2025,10:53:38,85271.06,0,0,0,0,0,0
SNXT50.BSE_IDX,01/07/2025,10:53:46,85276.45,0,0,0,0,0,0
SNXT50.BSE_IDX,01/07/2025,10:53:54,85274.73,0,0,0,0,0,0
SNXT50.BSE_IDX,01/07/2025,10:54:02,85285.37,0,0,0,0,0,0
SNXT50.BSE_IDX,01/07/2025,10:54:10,85288.83,0,0,0,0,0,0
SNXT50.BSE_IDX,01/07/2025,10:54:18,85284.54,0,0,0,0,0,0
SNXT50.BSE_IDX,01/07/2025,10:54:26,85295.25,0,0,0,0,0,0
SNXT50.BSE_IDX,01/07/2025,10:54:34,85294.34,0,0,0,0,0,0
SNXT50.BSE_IDX,01/07/2025,10:54:42,85300.52,0,0,0,0,0,0
SNXT50.BSE_IDX,01/07/2025,10:54:51,85303.04,0,0,0,0,0,0
SNXT50.BSE_IDX,01/07/2025,10:54:58,85301.37,0,0,0,0,0,0
SNXT50.BSE_IDX,01/07/2025,10:55:06,85300.54,0,0,0,0,0,0
SNXT50.BSE_IDX,01/07/2025,10:55:14,85299.63,0,0,0,0,0,0
SNXT50.BSE_IDX,01/07/2025,10:55:22,85302.71,0,0,0,0,0,0
SNXT50.BSE_IDX,01/07/2025,10:55:30,85294.96,0,0,0,0,0,0
SNXT50.BSE_IDX,01/07/2025,10:55:38,85293.64,0,0,0,0,0,0
SNXT50.BSE_IDX,01/07/2025,10:55:46,85295.89,0,0,0,0,0,0
SNXT50.BSE_IDX,01/07/2025,10:55:54,85289.55,0,0,0,0,0,0
SNXT50.BSE_IDX,01/07/2025,10:56:02,85280.11,0,0,0,0,0,0
SNXT50.BSE_IDX,01/07/2025,10:56:10,85280.25,0,0,0,0,0,0
SNXT50.BSE_IDX,01/07/2025,10:56:18,85282.29,0,0,0,0,0,0
SNXT50.BSE_IDX,01/07/2025,10:56:26,85280.64,0,0,0,0,0,0
SNXT50.BSE_IDX,01/07/2025,10:56:34,85283.4,0,0,0,0,0,0
SNXT50.BSE_IDX,01/07/2025,10:56:42,85278.73,0,0,0,0,0,0
SNXT50.BSE_IDX,01/07/2025,10:56:50,85281.06,0,0,0,0,0,0
SNXT50.BSE_IDX,01/07/2025,10:56:58,85281.3,0,0,0,0,0,0
SNXT50.BSE_IDX,01/07/2025,10:57:06,85270.96,0,0,0,0,0,0
SNXT50.BSE_IDX,01/07/2025,10:57:14,85263.35,0,0,0,0,0,0
SNXT50.BSE_IDX,01/07/2025,10:57:22,85260.04,0,0,0,0,0,0
SNXT50.BSE_IDX,01/07/2025,10:57:30,85260.98,0,0,0,0,0,0
SNXT50.BSE_IDX,01/07/2025,10:57:39,85269.32,0,0,0,0,0,0
SNXT50.BSE_IDX,01/07/2025,10:57:46,85278.88,0,0,0,0,0,0
SNXT50.BSE_IDX,01/07/2025,10:57:54,85269.14,0,0,0,0,0,0
SNXT50.BSE_IDX,01/07/2025,10:58:02,85262.21,0,0,0,0,0,0
SNXT50.BSE_IDX,01/07/2025,10:58:10,85265.36,0,0,0,0,0,0
SNXT50.BSE_IDX,01/07/2025,10:58:18,85260.52,0,0,0,0,0,0
SNXT50.BSE_IDX,01/07/2025,10:58:26,85264.55,0,0,0,0,0,0
SNXT50.BSE_IDX,01/07/2025,10:58:34,85260.22,0,0,0,0,0,0
SNXT50.BSE_IDX,01/07/2025,10:58:42,85263.2,0,0,0,0,0,0
SNXT50.BSE_IDX,01/07/2025,10:58:50,85259.56,0,0,0,0,0,0
SNXT50.BSE_IDX,01/07/2025,10:58:58,85258.97,0,0,0,0,0,0
SNXT50.BSE_IDX,01/07/2025,10:59:06,85254.44,0,0,0,0,0,0
SNXT50.BSE_IDX,01/07/2025,10:59:14,85254.16,0,0,0,0,0,0
SNXT50.BSE_IDX,01/07/2025,10:59:22,85245.87,0,0,0,0,0,0
SNXT50.BSE_IDX,01/07/2025,10:59:30,85245.1,0,0,0,0,0,0
SNXT50.BSE_IDX,01/07/2025,10:59:38,85244.12,0,0,0,0,0,0
SNXT50.BSE_IDX,01/07/2025,10:59:47,85234.61,0,0,0,0,0,0
SNXT50.BSE_IDX,01/07/2025,10:59:55,85228.03,0,0,0,0,0,0
SNXT50.BSE_IDX,01/07/2025,11:00:03,85226.38,0,0,0,0,0,0
SNXT50.BSE_IDX,01/07/2025,11:00:11,85220.09,0,0,0,0,0,0
SNXT50.BSE_IDX,01/07/2025,11:00:18,85227.75,0,0,0,0,0,0
SNXT50.BSE_IDX,01/07/2025,11:00:26,85228.57,0,0,0,0,0,0
SNXT50.BSE_IDX,01/07/2025,11:00:34,85228.94,0,0,0,0,0,0
SNXT50.BSE_IDX,01/07/2025,11:00:42,85225.43,0,0,0,0,0,0
SNXT50.BSE_IDX,01/07/2025,11:00:50,85218.93,0,0,0,0,0,0
SNXT50.BSE_IDX,01/07/2025,11:00:58,85212.88,0,0,0,0,0,0
SNXT50.BSE_IDX,01/07/2025,11:01:06,85219.31,0,0,0,0,0,0
SNXT50.BSE_IDX,01/07/2025,11:01:15,85220.12,0,0,0,0,0,0
SNXT50.BSE_IDX,01/07/2025,11:01:22,85216.02,0,0,0,0,0,0
SNXT50.BSE_IDX,01/07/2025,11:01:30,85216.09,0,0,0,0,0,0
SNXT50.BSE_IDX,01/07/2025,11:01:38,85219.46,0,0,0,0,0,0
SNXT50.BSE_IDX,01/07/2025,11:01:46,85219.73,0,0,0,0,0,0
SNXT50.BSE_IDX,01/07/2025,11:01:54,85222.74,0,0,0,0,0,0
SNXT50.BSE_IDX,01/07/2025,11:02:02,85228.81,0,0,0,0,0,0
SNXT50.BSE_IDX,01/07/2025,11:02:10,85226.97,0,0,0,0,0,0
SNXT50.BSE_IDX,01/07/2025,11:02:18,85227.34,0,0,0,0,0,0
SNXT50.BSE_IDX,01/07/2025,11:02:27,85223.23,0,0,0,0,0,0
SNXT50.BSE_IDX,01/07/2025,11:02:34,85222.22,0,0,0,0,0,0
SNXT50.BSE_IDX,01/07/2025,11:02:42,85218.43,0,0,0,0,0,0
SNXT50.BSE_IDX,01/07/2025,11:02:51,85219.94,0,0,0,0,0,0
SNXT50.BSE_IDX,01/07/2025,11:02:58,85210.17,0,0,0,0,0,0
SNXT50.BSE_IDX,01/07/2025,11:03:06,85204.95,0,0,0,0,0,0
SNXT50.BSE_IDX,01/07/2025,11:03:14,85204.53,0,0,0,0,0,0
SNXT50.BSE_IDX,01/07/2025,11:03:22,85205.13,0,0,0,0,0,0
SNXT50.BSE_IDX,01/07/2025,11:03:31,85199.2,0,0,0,0,0,0
SNXT50.BSE_IDX,01/07/2025,11:03:38,85193.4,0,0,0,0,0,0
SNXT50.BSE_IDX,01/07/2025,11:03:46,85197.65,0,0,0,0,0,0
SNXT50.BSE_IDX,01/07/2025,11:03:54,85202.1,0,0,0,0,0,0
SNXT50.BSE_IDX,01/07/2025,11:04:02,85201.31,0,0,0,0,0,0
SNXT50.BSE_IDX,01/07/2025,11:04:10,85201.63,0,0,0,0,0,0
SNXT50.BSE_IDX,01/07/2025,11:04:18,85199.04,0,0,0,0,0,0
SNXT50.BSE_IDX,01/07/2025,11:04:27,85198.34,0,0,0,0,0,0
SNXT50.BSE_IDX,01/07/2025,11:04:34,85198.23,0,0,0,0,0,0
SNXT50.BSE_IDX,01/07/2025,11:04:42,85203.5,0,0,0,0,0,0
SNXT50.BSE_IDX,01/07/2025,11:04:51,85205.25,0,0,0,0,0,0
SNXT50.BSE_IDX,01/07/2025,11:04:58,85205.35,0,0,0,0,0,0
SNXT50.BSE_IDX,01/07/2025,11:05:06,85205.05,0,0,0,0,0,0
SNXT50.BSE_IDX,01/07/2025,11:05:14,85218.96,0,0,0,0,0,0
SNXT50.BSE_IDX,01/07/2025,11:05:22,85216.69,0,0,0,0,0,0
SNXT50.BSE_IDX,01/07/2025,11:05:30,85223.71,0,0,0,0,0,0
SNXT50.BSE_IDX,01/07/2025,11:05:38,85228.36,0,0,0,0,0,0
SNXT50.BSE_IDX,01/07/2025,11:05:46,85231.73,0,0,0,0,0,0
SNXT50.BSE_IDX,01/07/2025,11:05:54,85238.83,0,0,0,0,0,0
SNXT50.BSE_IDX,01/07/2025,11:06:02,85247.39,0,0,0,0,0,0
SNXT50.BSE_IDX,01/07/2025,11:06:11,85253.46,0,0,0,0,0,0
SNXT50.BSE_IDX,01/07/2025,11:06:19,85260.21,0,0,0,0,0,0
SNXT50.BSE_IDX,01/07/2025,11:06:26,85265.87,0,0,0,0,0,0
SNXT50.BSE_IDX,01/07/2025,11:06:34,85270.48,0,0,0,0,0,0
SNXT50.BSE_IDX,01/07/2025,11:06:42,85268.97,0,0,0,0,0,0
SNXT50.BSE_IDX,01/07/2025,11:06:50,85276.27,0,0,0,0,0,0
SNXT50.BSE_IDX,01/07/2025,11:06:58,85279.38,0,0,0,0,0,0
SNXT50.BSE_IDX,01/07/2025,11:07:06,85289.52,0,0,0,0,0,0
SNXT50.BSE_IDX,01/07/2025,11:07:15,85299.16,0,0,0,0,0,0
SNXT50.BSE_IDX,01/07/2025,11:07:22,85301.56,0,0,0,0,0,0
SNXT50.BSE_IDX,01/07/2025,11:07:30,85303.74,0,0,0,0,0,0
SNXT50.BSE_IDX,01/07/2025,11:07:38,85304.82,0,0,0,0,0,0
SNXT50.BSE_IDX,01/07/2025,11:07:46,85311.41,0,0,0,0,0,0
SNXT50.BSE_IDX,01/07/2025,11:07:54,85312.24,0,0,0,0,0,0
SNXT50.BSE_IDX,01/07/2025,11:08:02,85316.96,0,0,0,0,0,0
SNXT50.BSE_IDX,01/07/2025,11:08:11,85319.62,0,0,0,0,0,0
SNXT50.BSE_IDX,01/07/2025,11:08:18,85321.93,0,0,0,0,0,0
SNXT50.BSE_IDX,01/07/2025,11:08:27,85324.76,0,0,0,0,0,0
SNXT50.BSE_IDX,01/07/2025,11:08:35,85329.07,0,0,0,0,0,0
SNXT50.BSE_IDX,01/07/2025,11:08:43,85327.67,0,0,0,0,0,0
SNXT50.BSE_IDX,01/07/2025,11:08:51,85329.85,0,0,0,0,0,0
SNXT50.BSE_IDX,01/07/2025,11:08:58,85331.04,0,0,0,0,0,0
SNXT50.BSE_IDX,01/07/2025,11:09:07,85329.84,0,0,0,0,0,0
SNXT50.BSE_IDX,01/07/2025,11:09:15,85330.25,0,0,0,0,0,0
SNXT50.BSE_IDX,01/07/2025,11:09:23,85327.53,0,0,0,0,0,0
SNXT50.BSE_IDX,01/07/2025,11:09:31,85333.04,0,0,0,0,0,0
SNXT50.BSE_IDX,01/07/2025,11:09:39,85331.38,0,0,0,0,0,0
SNXT50.BSE_IDX,01/07/2025,11:09:46,85339.25,0,0,0,0,0,0
SNXT50.BSE_IDX,01/07/2025,11:09:55,85340.38,0,0,0,0,0,0
SNXT50.BSE_IDX,01/07/2025,11:10:03,85339.56,0,0,0,0,0,0
SNXT50.BSE_IDX,01/07/2025,11:10:11,85340.61,0,0,0,0,0,0
SNXT50.BSE_IDX,01/07/2025,11:10:19,85335.93,0,0,0,0,0,0
SNXT50.BSE_IDX,01/07/2025,11:10:27,85331.88,0,0,0,0,0,0
SNXT50.BSE_IDX,01/07/2025,11:10:35,85337.56,0,0,0,0,0,0
SNXT50.BSE_IDX,01/07/2025,11:10:43,85345.28,0,0,0,0,0,0
SNXT50.BSE_IDX,01/07/2025,11:10:51,85350.45,0,0,0,0,0,0
SNXT50.BSE_IDX,01/07/2025,11:10:59,85355.21,0,0,0,0,0,0
SNXT50.BSE_IDX,01/07/2025,11:11:07,85348.81,0,0,0,0,0,0
SNXT50.BSE_IDX,01/07/2025,11:11:15,85348.9,0,0,0,0,0,0
SNXT50.BSE_IDX,01/07/2025,11:11:23,85339.93,0,0,0,0,0,0
SNXT50.BSE_IDX,01/07/2025,11:11:31,85332.85,0,0,0,0,0,0
SNXT50.BSE_IDX,01/07/2025,11:11:39,85332.7,0,0,0,0,0,0
SNXT50.BSE_IDX,01/07/2025,11:11:47,85329.01,0,0,0,0,0,0
SNXT50.BSE_IDX,01/07/2025,11:11:55,85329.31,0,0,0,0,0,0
SNXT50.BSE_IDX,01/07/2025,11:12:03,85333.86,0,0,0,0,0,0
SNXT50.BSE_IDX,01/07/2025,11:12:11,85334.06,0,0,0,0,0,0
SNXT50.BSE_IDX,01/07/2025,11:12:19,85335.61,0,0,0,0,0,0
SNXT50.BSE_IDX,01/07/2025,11:12:27,85332.45,0,0,0,0,0,0
SNXT50.BSE_IDX,01/07/2025,11:12:35,85334.35,0,0,0,0,0,0
SNXT50.BSE_IDX,01/07/2025,11:12:43,85335.33,0,0,0,0,0,0
SNXT50.BSE_IDX,01/07/2025,11:12:51,85328.82,0,0,0,0,0,0
SNXT50.BSE_IDX,01/07/2025,11:12:59,85329.79,0,0,0,0,0,0
SNXT50.BSE_IDX,01/07/2025,11:13:07,85331.39,0,0,0,0,0,0
SNXT50.BSE_IDX,01/07/2025,11:13:16,85329.25,0,0,0,0,0,0
SNXT50.BSE_IDX,01/07/2025,11:13:23,85330.57,0,0,0,0,0,0
SNXT50.BSE_IDX,01/07/2025,11:13:31,85330.57,0,0,0,0,0,0
SNXT50.BSE_IDX,01/07/2025,11:13:39,85331.43,0,0,0,0,0,0
SNXT50.BSE_IDX,01/07/2025,11:13:47,85332.07,0,0,0,0,0,0
SNXT50.BSE_IDX,01/07/2025,11:13:55,85339.57,0,0,0,0,0,0
SNXT50.BSE_IDX,01/07/2025,11:14:03,85341.48,0,0,0,0,0,0
SNXT50.BSE_IDX,01/07/2025,11:14:11,85344.41,0,0,0,0,0,0
SNXT50.BSE_IDX,01/07/2025,11:14:19,85342.2,0,0,0,0,0,0
SNXT50.BSE_IDX,01/07/2025,11:14:27,85345.63,0,0,0,0,0,0
SNXT50.BSE_IDX,01/07/2025,11:14:35,85347.25,0,0,0,0,0,0
SNXT50.BSE_IDX,01/07/2025,11:14:43,85343.9,0,0,0,0,0,0
SNXT50.BSE_IDX,01/07/2025,11:14:51,85346.21,0,0,0,0,0,0
SNXT50.BSE_IDX,01/07/2025,11:14:59,85352.51,0,0,0,0,0,0
SNXT50.BSE_IDX,01/07/2025,11:15:07,85354.5,0,0,0,0,0,0
SNXT50.BSE_IDX,01/07/2025,11:15:15,85353.38,0,0,0,0,0,0
SNXT50.BSE_IDX,01/07/2025,11:15:23,85357.66,0,0,0,0,0,0
SNXT50.BSE_IDX,01/07/2025,11:15:31,85355.9,0,0,0,0,0,0
SNXT50.BSE_IDX,01/07/2025,11:15:39,85359.94,0,0,0,0,0,0
SNXT50.BSE_IDX,01/07/2025,11:15:47,85362.36,0,0,0,0,0,0
SNXT50.BSE_IDX,01/07/2025,11:15:56,85358.68,0,0,0,0,0,0
SNXT50.BSE_IDX,01/07/2025,11:16:03,85358.93,0,0,0,0,0,0
SNXT50.BSE_IDX,01/07/2025,11:16:11,85360.87,0,0,0,0,0,0
SNXT50.BSE_IDX,01/07/2025,11:16:19,85356.46,0,0,0,0,0,0
SNXT50.BSE_IDX,01/07/2025,11:16:27,85351.94,0,0,0,0,0,0
SNXT50.BSE_IDX,01/07/2025,11:16:35,85340.74,0,0,0,0,0,0
SNXT50.BSE_IDX,01/07/2025,11:16:43,85335.23,0,0,0,0,0,0
SNXT50.BSE_IDX,01/07/2025,11:16:51,85334.26,0,0,0,0,0,0
SNXT50.BSE_IDX,01/07/2025,11:16:59,85325.84,0,0,0,0,0,0
SNXT50.BSE_IDX,01/07/2025,11:17:07,85332.75,0,0,0,0,0,0
SNXT50.BSE_IDX,01/07/2025,11:17:15,85339.28,0,0,0,0,0,0
SNXT50.BSE_IDX,01/07/2025,11:17:23,85348.64,0,0,0,0,0,0
SNXT50.BSE_IDX,01/07/2025,11:17:31,85355.51,0,0,0,0,0,0
SNXT50.BSE_IDX,01/07/2025,11:17:39,85362.7,0,0,0,0,0,0
SNXT50.BSE_IDX,01/07/2025,11:17:47,85370.36,0,0,0,0,0,0
SNXT50.BSE_IDX,01/07/2025,11:17:57,85373.5,0,0,0,0,0,0
SNXT50.BSE_IDX,01/07/2025,11:18:03,85379.68,0,0,0,0,0,0
SNXT50.BSE_IDX,01/07/2025,11:18:11,85377.78,0,0,0,0,0,0
SNXT50.BSE_IDX,01/07/2025,11:18:19,85377.95,0,0,0,0,0,0
SNXT50.BSE_IDX,01/07/2025,11:18:27,85378.12,0,0,0,0,0,0
SNXT50.BSE_IDX,01/07/2025,11:18:35,85383.51,0,0,0,0,0,0
SNXT50.BSE_IDX,01/07/2025,11:18:44,85385.01,0,0,0,0,0,0
SNXT50.BSE_IDX,01/07/2025,11:18:51,85388.91,0,0,0,0,0,0
SNXT50.BSE_IDX,01/07/2025,11:18:59,85373.3,0,0,0,0,0,0
SNXT50.BSE_IDX,01/07/2025,11:19:08,85369.23,0,0,0,0,0,0
SNXT50.BSE_IDX,01/07/2025,11:19:15,85371.4,0,0,0,0,0,0
SNXT50.BSE_IDX,01/07/2025,11:19:23,85373.49,0,0,0,0,0,0
SNXT50.BSE_IDX,01/07/2025,11:19:31,85358.38,0,0,0,0,0,0
SNXT50.BSE_IDX,01/07/2025,11:19:39,85356.16,0,0,0,0,0,0
SNXT50.BSE_IDX,01/07/2025,11:19:47,85343.38,0,0,0,0,0,0
SNXT50.BSE_IDX,01/07/2025,11:19:55,85336.95,0,0,0,0,0,0
SNXT50.BSE_IDX,01/07/2025,11:20:03,85339.59,0,0,0,0,0,0
SNXT50.BSE_IDX,01/07/2025,11:20:11,85334.75,0,0,0,0,0,0
SNXT50.BSE_IDX,01/07/2025,11:20:19,85331.41,0,0,0,0,0,0
SNXT50.BSE_IDX,01/07/2025,11:20:27,85335.87,0,0,0,0,0,0
SNXT50.BSE_IDX,01/07/2025,11:20:35,85347.69,0,0,0,0,0,0
SNXT50.BSE_IDX,01/07/2025,11:20:43,85349.5,0,0,0,0,0,0
SNXT50.BSE_IDX,01/07/2025,11:20:51,85346.29,0,0,0,0,0,0
SNXT50.BSE_IDX,01/07/2025,11:20:59,85347.08,0,0,0,0,0,0
SNXT50.BSE_IDX,01/07/2025,11:21:07,85351.72,0,0,0,0,0,0
SNXT50.BSE_IDX,01/07/2025,11:21:15,85354.71,0,0,0,0,0,0
SNXT50.BSE_IDX,01/07/2025,11:21:24,85357.31,0,0,0,0,0,0
SNXT50.BSE_IDX,01/07/2025,11:21:31,85351.73,0,0,0,0,0,0
SNXT50.BSE_IDX,01/07/2025,11:21:39,85351.5,0,0,0,0,0,0
SNXT50.BSE_IDX,01/07/2025,11:21:47,85357.43,0,0,0,0,0,0
SNXT50.BSE_IDX,01/07/2025,11:21:56,85350.67,0,0,0,0,0,0
SNXT50.BSE_IDX,01/07/2025,11:22:03,85354.61,0,0,0,0,0,0
SNXT50.BSE_IDX,01/07/2025,11:22:11,85356.73,0,0,0,0,0,0
SNXT50.BSE_IDX,01/07/2025,11:22:19,85359.8,0,0,0,0,0,0
SNXT50.BSE_IDX,01/07/2025,11:22:28,85359.95,0,0,0,0,0,0
SNXT50.BSE_IDX,01/07/2025,11:22:35,85357.81,0,0,0,0,0,0
SNXT50.BSE_IDX,01/07/2025,11:22:43,85353.55,0,0,0,0,0,0
SNXT50.BSE_IDX,01/07/2025,11:22:51,85348.39,0,0,0,0,0,0
SNXT50.BSE_IDX,01/07/2025,11:22:59,85349.02,0,0,0,0,0,0
SNXT50.BSE_IDX,01/07/2025,11:23:07,85353.12,0,0,0,0,0,0
SNXT50.BSE_IDX,01/07/2025,11:23:15,85355.63,0,0,0,0,0,0
SNXT50.BSE_IDX,01/07/2025,11:23:23,85348.99,0,0,0,0,0,0
SNXT50.BSE_IDX,01/07/2025,11:23:31,85346.16,0,0,0,0,0,0
SNXT50.BSE_IDX,01/07/2025,11:23:39,85348.16,0,0,0,0,0,0
SNXT50.BSE_IDX,01/07/2025,11:23:47,85350.56,0,0,0,0,0,0
SNXT50.BSE_IDX,01/07/2025,11:23:55,85353.72,0,0,0,0,0,0
SNXT50.BSE_IDX,01/07/2025,11:24:04,85354.99,0,0,0,0,0,0
SNXT50.BSE_IDX,01/07/2025,11:24:11,85361.16,0,0,0,0,0,0
SNXT50.BSE_IDX,01/07/2025,11:24:19,85362.97,0,0,0,0,0,0
SNXT50.BSE_IDX,01/07/2025,11:24:27,85365.02,0,0,0,0,0,0
SNXT50.BSE_IDX,01/07/2025,11:24:35,85366.56,0,0,0,0,0,0
SNXT50.BSE_IDX,01/07/2025,11:24:43,85367.97,0,0,0,0,0,0
SNXT50.BSE_IDX,01/07/2025,11:24:52,85371.01,0,0,0,0,0,0
SNXT50.BSE_IDX,01/07/2025,11:25:00,85368.78,0,0,0,0,0,0
SNXT50.BSE_IDX,01/07/2025,11:25:07,85366.87,0,0,0,0,0,0
SNXT50.BSE_IDX,01/07/2025,11:25:15,85371.03,0,0,0,0,0,0
SNXT50.BSE_IDX,01/07/2025,11:25:23,85360.71,0,0,0,0,0,0
SNXT50.BSE_IDX,01/07/2025,11:25:31,85358.76,0,0,0,0,0,0
SNXT50.BSE_IDX,01/07/2025,11:25:41,85365.3,0,0,0,0,0,0
SNXT50.BSE_IDX,01/07/2025,11:25:47,85361.2,0,0,0,0,0,0
SNXT50.BSE_IDX,01/07/2025,11:25:55,85358.04,0,0,0,0,0,0
SNXT50.BSE_IDX,01/07/2025,11:26:03,85354.3,0,0,0,0,0,0
SNXT50.BSE_IDX,01/07/2025,11:26:11,85359.09,0,0,0,0,0,0
SNXT50.BSE_IDX,01/07/2025,11:26:19,85356.29,0,0,0,0,0,0
SNXT50.BSE_IDX,01/07/2025,11:26:27,85359.57,0,0,0,0,0,0
SNXT50.BSE_IDX,01/07/2025,11:26:35,85363.28,0,0,0,0,0,0
SNXT50.BSE_IDX,01/07/2025,11:26:43,85362.43,0,0,0,0,0,0
SNXT50.BSE_IDX,01/07/2025,11:26:51,85362.44,0,0,0,0,0,0
SNXT50.BSE_IDX,01/07/2025,11:26:59,85368.19,0,0,0,0,0,0
SNXT50.BSE_IDX,01/07/2025,11:27:07,85369.63,0,0,0,0,0,0
SNXT50.BSE_IDX,01/07/2025,11:27:15,85365.49,0,0,0,0,0,0
SNXT50.BSE_IDX,01/07/2025,11:27:23,85365.12,0,0,0,0,0,0
SNXT50.BSE_IDX,01/07/2025,11:27:31,85366.51,0,0,0,0,0,0
SNXT50.BSE_IDX,01/07/2025,11:27:39,85369.17,0,0,0,0,0,0
SNXT50.BSE_IDX,01/07/2025,11:27:47,85366.43,0,0,0,0,0,0
SNXT50.BSE_IDX,01/07/2025,11:27:55,85364.49,0,0,0,0,0,0
SNXT50.BSE_IDX,01/07/2025,11:28:03,85364.97,0,0,0,0,0,0
SNXT50.BSE_IDX,01/07/2025,11:28:11,85367.06,0,0,0,0,0,0
SNXT50.BSE_IDX,01/07/2025,11:28:19,85363.84,0,0,0,0,0,0
SNXT50.BSE_IDX,01/07/2025,11:28:27,85363.29,0,0,0,0,0,0
SNXT50.BSE_IDX,01/07/2025,11:28:36,85376.39,0,0,0,0,0,0
SNXT50.BSE_IDX,01/07/2025,11:28:43,85369.24,0,0,0,0,0,0
SNXT50.BSE_IDX,01/07/2025,11:28:51,85370.65,0,0,0,0,0,0
SNXT50.BSE_IDX,01/07/2025,11:28:59,85376.81,0,0,0,0,0,0
SNXT50.BSE_IDX,01/07/2025,11:29:07,85372.11,0,0,0,0,0,0
SNXT50.BSE_IDX,01/07/2025,11:29:16,85367.48,0,0,0,0,0,0
SNXT50.BSE_IDX,01/07/2025,11:29:24,85366.16,0,0,0,0,0,0
SNXT50.BSE_IDX,01/07/2025,11:29:31,85366.55,0,0,0,0,0,0
SNXT50.BSE_IDX,01/07/2025,11:29:39,85373.74,0,0,0,0,0,0
SNXT50.BSE_IDX,01/07/2025,11:29:47,85376.66,0,0,0,0,0,0
SNXT50.BSE_IDX,01/07/2025,11:29:55,85380.08,0,0,0,0,0,0
SNXT50.BSE_IDX,01/07/2025,11:30:03,85383.21,0,0,0,0,0,0
SNXT50.BSE_IDX,01/07/2025,11:30:11,85382.18,0,0,0,0,0,0
SNXT50.BSE_IDX,01/07/2025,11:30:19,85393,0,0,0,0,0,0
SNXT50.BSE_IDX,01/07/2025,11:30:27,85390.64,0,0,0,0,0,0
SNXT50.BSE_IDX,01/07/2025,11:30:35,85395.95,0,0,0,0,0,0
SNXT50.BSE_IDX,01/07/2025,11:30:43,85397.45,0,0,0,0,0,0
SNXT50.BSE_IDX,01/07/2025,11:30:51,85385.61,0,0,0,0,0,0
SNXT50.BSE_IDX,01/07/2025,11:30:59,85382.14,0,0,0,0,0,0
SNXT50.BSE_IDX,01/07/2025,11:31:07,85389.93,0,0,0,0,0,0
SNXT50.BSE_IDX,01/07/2025,11:31:15,85385.34,0,0,0,0,0,0
SNXT50.BSE_IDX,01/07/2025,11:31:23,85379.06,0,0,0,0,0,0
SNXT50.BSE_IDX,01/07/2025,11:31:31,85379.9,0,0,0,0,0,0
SNXT50.BSE_IDX,01/07/2025,11:31:39,85379.36,0,0,0,0,0,0
SNXT50.BSE_IDX,01/07/2025,11:31:47,85378.22,0,0,0,0,0,0
SNXT50.BSE_IDX,01/07/2025,11:31:55,85380.9,0,0,0,0,0,0
SNXT50.BSE_IDX,01/07/2025,11:32:04,85377.91,0,0,0,0,0,0
SNXT50.BSE_IDX,01/07/2025,11:32:11,85376.28,0,0,0,0,0,0
SNXT50.BSE_IDX,01/07/2025,11:32:19,85374.93,0,0,0,0,0,0
SNXT50.BSE_IDX,01/07/2025,11:32:27,85371.95,0,0,0,0,0,0
SNXT50.BSE_IDX,01/07/2025,11:32:35,85367.65,0,0,0,0,0,0
SNXT50.BSE_IDX,01/07/2025,11:32:43,85366.09,0,0,0,0,0,0
SNXT50.BSE_IDX,01/07/2025,11:32:51,85363.1,0,0,0,0,0,0
SNXT50.BSE_IDX,01/07/2025,11:32:59,85347.12,0,0,0,0,0,0
SNXT50.BSE_IDX,01/07/2025,11:33:07,85338.65,0,0,0,0,0,0
SNXT50.BSE_IDX,01/07/2025,11:33:15,85334.06,0,0,0,0,0,0
SNXT50.BSE_IDX,01/07/2025,11:33:23,85328.3,0,0,0,0,0,0
SNXT50.BSE_IDX,01/07/2025,11:33:31,85330.6,0,0,0,0,0,0
SNXT50.BSE_IDX,01/07/2025,11:33:39,85331.46,0,0,0,0,0,0
SNXT50.BSE_IDX,01/07/2025,11:33:47,85331,0,0,0,0,0,0
SNXT50.BSE_IDX,01/07/2025,11:33:55,85331.4,0,0,0,0,0,0
SNXT50.BSE_IDX,01/07/2025,11:34:03,85327.74,0,0,0,0,0,0
SNXT50.BSE_IDX,01/07/2025,11:34:12,85332.31,0,0,0,0,0,0
SNXT50.BSE_IDX,01/07/2025,11:34:19,85331.25,0,0,0,0,0,0
SNXT50.BSE_IDX,01/07/2025,11:34:27,85328.39,0,0,0,0,0,0
SNXT50.BSE_IDX,01/07/2025,11:34:35,85325.96,0,0,0,0,0,0
SNXT50.BSE_IDX,01/07/2025,11:34:43,85326.51,0,0,0,0,0,0
SNXT50.BSE_IDX,01/07/2025,11:34:51,85321.72,0,0,0,0,0,0
SNXT50.BSE_IDX,01/07/2025,11:34:59,85314.21,0,0,0,0,0,0
SNXT50.BSE_IDX,01/07/2025,11:35:07,85312.45,0,0,0,0,0,0
SNXT50.BSE_IDX,01/07/2025,11:35:16,85314.69,0,0,0,0,0,0
SNXT50.BSE_IDX,01/07/2025,11:35:23,85312.88,0,0,0,0,0,0
SNXT50.BSE_IDX,01/07/2025,11:35:32,85308.33,0,0,0,0,0,0
SNXT50.BSE_IDX,01/07/2025,11:35:39,85312.09,0,0,0,0,0,0
SNXT50.BSE_IDX,01/07/2025,11:35:47,85310.67,0,0,0,0,0,0
SNXT50.BSE_IDX,01/07/2025,11:35:55,85317.26,0,0,0,0,0,0
SNXT50.BSE_IDX,01/07/2025,11:36:04,85312.26,0,0,0,0,0,0
SNXT50.BSE_IDX,01/07/2025,11:36:11,85315.18,0,0,0,0,0,0
SNXT50.BSE_IDX,01/07/2025,11:36:19,85310.75,0,0,0,0,0,0
SNXT50.BSE_IDX,01/07/2025,11:36:28,85310.93,0,0,0,0,0,0
SNXT50.BSE_IDX,01/07/2025,11:36:35,85310.92,0,0,0,0,0,0
SNXT50.BSE_IDX,01/07/2025,11:36:43,85318.28,0,0,0,0,0,0
SNXT50.BSE_IDX,01/07/2025,11:36:54,85319.9,0,0,0,0,0,0
SNXT50.BSE_IDX,01/07/2025,11:36:59,85317.44,0,0,0,0,0,0
SNXT50.BSE_IDX,01/07/2025,11:37:07,85318.13,0,0,0,0,0,0
SNXT50.BSE_IDX,01/07/2025,11:37:15,85320,0,0,0,0,0,0
SNXT50.BSE_IDX,01/07/2025,11:37:23,85316.32,0,0,0,0,0,0
SNXT50.BSE_IDX,01/07/2025,11:37:31,85316.69,0,0,0,0,0,0
SNXT50.BSE_IDX,01/07/2025,11:37:41,85315.4,0,0,0,0,0,0
SNXT50.BSE_IDX,01/07/2025,11:37:47,85319.08,0,0,0,0,0,0
SNXT50.BSE_IDX,01/07/2025,11:37:55,85313.91,0,0,0,0,0,0
SNXT50.BSE_IDX,01/07/2025,11:38:03,85318.38,0,0,0,0,0,0
SNXT50.BSE_IDX,01/07/2025,11:38:11,85313.95,0,0,0,0,0,0
SNXT50.BSE_IDX,01/07/2025,11:38:20,85312.12,0,0,0,0,0,0
SNXT50.BSE_IDX,01/07/2025,11:38:27,85310.51,0,0,0,0,0,0
SNXT50.BSE_IDX,01/07/2025,11:38:35,85315.35,0,0,0,0,0,0
SNXT50.BSE_IDX,01/07/2025,11:38:43,85315.27,0,0,0,0,0,0
SNXT50.BSE_IDX,01/07/2025,11:38:51,85315.37,0,0,0,0,0,0
SNXT50.BSE_IDX,01/07/2025,11:38:59,85316.52,0,0,0,0,0,0
SNXT50.BSE_IDX,01/07/2025,11:39:07,85316.23,0,0,0,0,0,0
SNXT50.BSE_IDX,01/07/2025,11:39:16,85321.06,0,0,0,0,0,0
SNXT50.BSE_IDX,01/07/2025,11:39:23,85324.32,0,0,0,0,0,0
SNXT50.BSE_IDX,01/07/2025,11:39:31,85329.82,0,0,0,0,0,0
SNXT50.BSE_IDX,01/07/2025,11:39:39,85330.18,0,0,0,0,0,0
SNXT50.BSE_IDX,01/07/2025,11:39:47,85330.54,0,0,0,0,0,0
SNXT50.BSE_IDX,01/07/2025,11:39:55,85329.36,0,0,0,0,0,0
SNXT50.BSE_IDX,01/07/2025,11:40:03,85332.59,0,0,0,0,0,0
SNXT50.BSE_IDX,01/07/2025,11:40:11,85337.07,0,0,0,0,0,0
SNXT50.BSE_IDX,01/07/2025,11:40:19,85335.91,0,0,0,0,0,0
SNXT50.BSE_IDX,01/07/2025,11:40:27,85338.15,0,0,0,0,0,0
SNXT50.BSE_IDX,01/07/2025,11:40:35,85344.16,0,0,0,0,0,0
SNXT50.BSE_IDX,01/07/2025,11:40:43,85345.52,0,0,0,0,0,0
SNXT50.BSE_IDX,01/07/2025,11:40:51,85349.11,0,0,0,0,0,0
SNXT50.BSE_IDX,01/07/2025,11:41:00,85339.12,0,0,0,0,0,0
SNXT50.BSE_IDX,01/07/2025,11:41:07,85337.32,0,0,0,0,0,0
SNXT50.BSE_IDX,01/07/2025,11:41:15,85337.72,0,0,0,0,0,0
SNXT50.BSE_IDX,01/07/2025,11:41:24,85348.72,0,0,0,0,0,0
SNXT50.BSE_IDX,01/07/2025,11:41:32,85344.37,0,0,0,0,0,0
SNXT50.BSE_IDX,01/07/2025,11:41:39,85349.22,0,0,0,0,0,0
SNXT50.BSE_IDX,01/07/2025,11:41:48,85349.82,0,0,0,0,0,0
SNXT50.BSE_IDX,01/07/2025,11:41:56,85351.02,0,0,0,0,0,0
SNXT50.BSE_IDX,01/07/2025,11:42:04,85355.21,0,0,0,0,0,0
SNXT50.BSE_IDX,01/07/2025,11:42:12,85356.82,0,0,0,0,0,0
SNXT50.BSE_IDX,01/07/2025,11:42:20,85358.62,0,0,0,0,0,0
SNXT50.BSE_IDX,01/07/2025,11:42:28,85358.76,0,0,0,0,0,0
SNXT50.BSE_IDX,01/07/2025,11:42:36,85358.61,0,0,0,0,0,0
SNXT50.BSE_IDX,01/07/2025,11:42:44,85355.03,0,0,0,0,0,0
SNXT50.BSE_IDX,01/07/2025,11:42:52,85358.45,0,0,0,0,0,0
SNXT50.BSE_IDX,01/07/2025,11:43:00,85363.16,0,0,0,0,0,0
SNXT50.BSE_IDX,01/07/2025,11:43:08,85372.66,0,0,0,0,0,0
SNXT50.BSE_IDX,01/07/2025,11:43:16,85373.97,0,0,0,0,0,0
SNXT50.BSE_IDX,01/07/2025,11:43:24,85373.61,0,0,0,0,0,0
SNXT50.BSE_IDX,01/07/2025,11:43:32,85370.04,0,0,0,0,0,0
SNXT50.BSE_IDX,01/07/2025,11:43:40,85366.02,0,0,0,0,0,0
SNXT50.BSE_IDX,01/07/2025,11:43:48,85366.38,0,0,0,0,0,0
SNXT50.BSE_IDX,01/07/2025,11:43:56,85364.95,0,0,0,0,0,0
SNXT50.BSE_IDX,01/07/2025,11:44:04,85361.75,0,0,0,0,0,0
SNXT50.BSE_IDX,01/07/2025,11:44:12,85367.99,0,0,0,0,0,0
SNXT50.BSE_IDX,01/07/2025,11:44:20,85368.39,0,0,0,0,0,0
SNXT50.BSE_IDX,01/07/2025,11:44:28,85366.06,0,0,0,0,0,0
SNXT50.BSE_IDX,01/07/2025,11:44:36,85366.06,0,0,0,0,0,0
SNXT50.BSE_IDX,01/07/2025,11:44:44,85368.28,0,0,0,0,0,0
SNXT50.BSE_IDX,01/07/2025,11:44:52,85365.54,0,0,0,0,0,0
SNXT50.BSE_IDX,01/07/2025,11:45:00,85366.21,0,0,0,0,0,0
SNXT50.BSE_IDX,01/07/2025,11:45:08,85365.26,0,0,0,0,0,0
SNXT50.BSE_IDX,01/07/2025,11:45:16,85364.04,0,0,0,0,0,0
SNXT50.BSE_IDX,01/07/2025,11:45:24,85362.86,0,0,0,0,0,0
SNXT50.BSE_IDX,01/07/2025,11:45:32,85361.12,0,0,0,0,0,0
SNXT50.BSE_IDX,01/07/2025,11:45:40,85360.72,0,0,0,0,0,0
SNXT50.BSE_IDX,01/07/2025,11:45:48,85358.38,0,0,0,0,0,0
SNXT50.BSE_IDX,01/07/2025,11:45:56,85357.76,0,0,0,0,0,0
SNXT50.BSE_IDX,01/07/2025,11:46:04,85355.86,0,0,0,0,0,0
SNXT50.BSE_IDX,01/07/2025,11:46:12,85359.86,0,0,0,0,0,0
SNXT50.BSE_IDX,01/07/2025,11:46:20,85359.19,0,0,0,0,0,0
SNXT50.BSE_IDX,01/07/2025,11:46:28,85357.51,0,0,0,0,0,0
SNXT50.BSE_IDX,01/07/2025,11:46:36,85361.01,0,0,0,0,0,0
SNXT50.BSE_IDX,01/07/2025,11:46:44,85355.86,0,0,0,0,0,0
SNXT50.BSE_IDX,01/07/2025,11:46:52,85352.8,0,0,0,0,0,0
SNXT50.BSE_IDX,01/07/2025,11:47:00,85352.48,0,0,0,0,0,0
SNXT50.BSE_IDX,01/07/2025,11:47:08,85349.12,0,0,0,0,0,0
SNXT50.BSE_IDX,01/07/2025,11:47:16,85343.68,0,0,0,0,0,0
SNXT50.BSE_IDX,01/07/2025,11:47:24,85343.23,0,0,0,0,0,0
SNXT50.BSE_IDX,01/07/2025,11:47:32,85344.83,0,0,0,0,0,0
SNXT50.BSE_IDX,01/07/2025,11:47:40,85346.92,0,0,0,0,0,0
SNXT50.BSE_IDX,01/07/2025,11:47:48,85347.7,0,0,0,0,0,0
SNXT50.BSE_IDX,01/07/2025,11:47:56,85340.35,0,0,0,0,0,0
SNXT50.BSE_IDX,01/07/2025,11:48:04,85338,0,0,0,0,0,0
SNXT50.BSE_IDX,01/07/2025,11:48:12,85341.71,0,0,0,0,0,0
SNXT50.BSE_IDX,01/07/2025,11:48:20,85343.81,0,0,0,0,0,0
SNXT50.BSE_IDX,01/07/2025,11:48:28,85346.2,0,0,0,0,0,0
SNXT50.BSE_IDX,01/07/2025,11:48:36,85351.43,0,0,0,0,0,0
SNXT50.BSE_IDX,01/07/2025,11:48:44,85353.59,0,0,0,0,0,0
SNXT50.BSE_IDX,01/07/2025,11:48:52,85353.73,0,0,0,0,0,0
SNXT50.BSE_IDX,01/07/2025,11:49:01,85359.18,0,0,0,0,0,0
SNXT50.BSE_IDX,01/07/2025,11:49:09,85355.59,0,0,0,0,0,0
SNXT50.BSE_IDX,01/07/2025,11:49:16,85352.99,0,0,0,0,0,0
SNXT50.BSE_IDX,01/07/2025,11:49:24,85352.9,0,0,0,0,0,0
SNXT50.BSE_IDX,01/07/2025,11:49:32,85352.18,0,0,0,0,0,0
SNXT50.BSE_IDX,01/07/2025,11:49:40,85351.84,0,0,0,0,0,0
SNXT50.BSE_IDX,01/07/2025,11:49:49,85347.23,0,0,0,0,0,0
SNXT50.BSE_IDX,01/07/2025,11:49:56,85346.99,0,0,0,0,0,0
SNXT50.BSE_IDX,01/07/2025,11:50:04,85340.14,0,0,0,0,0,0
SNXT50.BSE_IDX,01/07/2025,11:50:12,85332.06,0,0,0,0,0,0
SNXT50.BSE_IDX,01/07/2025,11:50:20,85333.65,0,0,0,0,0,0
SNXT50.BSE_IDX,01/07/2025,11:50:28,85336.86,0,0,0,0,0,0
SNXT50.BSE_IDX,01/07/2025,11:50:36,85333.64,0,0,0,0,0,0
SNXT50.BSE_IDX,01/07/2025,11:50:44,85334.38,0,0,0,0,0,0
SNXT50.BSE_IDX,01/07/2025,11:50:52,85334.65,0,0,0,0,0,0
SNXT50.BSE_IDX,01/07/2025,11:51:00,85332.8,0,0,0,0,0,0
SNXT50.BSE_IDX,01/07/2025,11:51:08,85331.57,0,0,0,0,0,0
SNXT50.BSE_IDX,01/07/2025,11:51:16,85329.11,0,0,0,0,0,0
SNXT50.BSE_IDX,01/07/2025,11:51:24,85320.92,0,0,0,0,0,0
SNXT50.BSE_IDX,01/07/2025,11:51:32,85317.71,0,0,0,0,0,0
SNXT50.BSE_IDX,01/07/2025,11:51:40,85319.59,0,0,0,0,0,0
SNXT50.BSE_IDX,01/07/2025,11:51:48,85319.07,0,0,0,0,0,0
SNXT50.BSE_IDX,01/07/2025,11:51:56,85321.62,0,0,0,0,0,0
SNXT50.BSE_IDX,01/07/2025,11:52:04,85324.07,0,0,0,0,0,0
SNXT50.BSE_IDX,01/07/2025,11:52:12,85315.8,0,0,0,0,0,0
SNXT50.BSE_IDX,01/07/2025,11:52:20,85313.37,0,0,0,0,0,0
SNXT50.BSE_IDX,01/07/2025,11:52:28,85318.71,0,0,0,0,0,0
SNXT50.BSE_IDX,01/07/2025,11:52:36,85320.43,0,0,0,0,0,0
SNXT50.BSE_IDX,01/07/2025,11:52:44,85313.67,0,0,0,0,0,0
SNXT50.BSE_IDX,01/07/2025,11:52:52,85310.99,0,0,0,0,0,0
SNXT50.BSE_IDX,01/07/2025,11:53:00,85305.26,0,0,0,0,0,0
SNXT50.BSE_IDX,01/07/2025,11:53:08,85293.88,0,0,0,0,0,0
SNXT50.BSE_IDX,01/07/2025,11:53:16,85294.59,0,0,0,0,0,0
SNXT50.BSE_IDX,01/07/2025,11:53:24,85294.61,0,0,0,0,0,0
SNXT50.BSE_IDX,01/07/2025,11:53:32,85290.23,0,0,0,0,0,0
SNXT50.BSE_IDX,01/07/2025,11:53:40,85290.6,0,0,0,0,0,0
SNXT50.BSE_IDX,01/07/2025,11:53:48,85286.18,0,0,0,0,0,0
SNXT50.BSE_IDX,01/07/2025,11:53:56,85284.09,0,0,0,0,0,0
SNXT50.BSE_IDX,01/07/2025,11:54:04,85273.26,0,0,0,0,0,0
SNXT50.BSE_IDX,01/07/2025,11:54:12,85268.69,0,0,0,0,0,0
SNXT50.BSE_IDX,01/07/2025,11:54:20,85261.4,0,0,0,0,0,0
SNXT50.BSE_IDX,01/07/2025,11:54:28,85255.02,0,0,0,0,0,0
SNXT50.BSE_IDX,01/07/2025,11:54:36,85253.07,0,0,0,0,0,0
SNXT50.BSE_IDX,01/07/2025,11:54:44,85250.13,0,0,0,0,0,0
SNXT50.BSE_IDX,01/07/2025,11:54:52,85237.15,0,0,0,0,0,0
SNXT50.BSE_IDX,01/07/2025,11:55:00,85238.35,0,0,0,0,0,0
SNXT50.BSE_IDX,01/07/2025,11:55:08,85241.88,0,0,0,0,0,0
SNXT50.BSE_IDX,01/07/2025,11:55:17,85239.41,0,0,0,0,0,0
SNXT50.BSE_IDX,01/07/2025,11:55:24,85241.56,0,0,0,0,0,0
SNXT50.BSE_IDX,01/07/2025,11:55:32,85237.24,0,0,0,0,0,0
SNXT50.BSE_IDX,01/07/2025,11:55:40,85240.39,0,0,0,0,0,0
SNXT50.BSE_IDX,01/07/2025,11:55:48,85237.35,0,0,0,0,0,0
SNXT50.BSE_IDX,01/07/2025,11:55:56,85233.7,0,0,0,0,0,0
SNXT50.BSE_IDX,01/07/2025,11:56:05,85233.42,0,0,0,0,0,0
SNXT50.BSE_IDX,01/07/2025,11:56:12,85228.59,0,0,0,0,0,0
SNXT50.BSE_IDX,01/07/2025,11:56:20,85220.09,0,0,0,0,0,0
SNXT50.BSE_IDX,01/07/2025,11:56:28,85212.71,0,0,0,0,0,0
SNXT50.BSE_IDX,01/07/2025,11:56:36,85213.2,0,0,0,0,0,0
SNXT50.BSE_IDX,01/07/2025,11:56:44,85209.01,0,0,0,0,0,0
SNXT50.BSE_IDX,01/07/2025,11:56:52,85209.02,0,0,0,0,0,0
SNXT50.BSE_IDX,01/07/2025,11:57:00,85208.64,0,0,0,0,0,0
SNXT50.BSE_IDX,01/07/2025,11:57:08,85202.64,0,0,0,0,0,0
SNXT50.BSE_IDX,01/07/2025,11:57:16,85201.7,0,0,0,0,0,0
SNXT50.BSE_IDX,01/07/2025,11:57:24,85203.15,0,0,0,0,0,0
SNXT50.BSE_IDX,01/07/2025,11:57:32,85203.65,0,0,0,0,0,0
SNXT50.BSE_IDX,01/07/2025,11:57:40,85201.39,0,0,0,0,0,0
SNXT50.BSE_IDX,01/07/2025,11:57:48,85199.36,0,0,0,0,0,0
SNXT50.BSE_IDX,01/07/2025,11:57:56,85197.77,0,0,0,0,0,0
SNXT50.BSE_IDX,01/07/2025,11:58:04,85197.72,0,0,0,0,0,0
SNXT50.BSE_IDX,01/07/2025,11:58:12,85192.19,0,0,0,0,0,0
SNXT50.BSE_IDX,01/07/2025,11:58:20,85199.69,0,0,0,0,0,0
SNXT50.BSE_IDX,01/07/2025,11:58:28,85200.53,0,0,0,0,0,0
SNXT50.BSE_IDX,01/07/2025,11:58:36,85200,0,0,0,0,0,0
SNXT50.BSE_IDX,01/07/2025,11:58:44,85200.58,0,0,0,0,0,0
SNXT50.BSE_IDX,01/07/2025,11:58:52,85205.22,0,0,0,0,0,0
SNXT50.BSE_IDX,01/07/2025,11:59:00,85206.86,0,0,0,0,0,0
SNXT50.BSE_IDX,01/07/2025,11:59:08,85206,0,0,0,0,0,0
SNXT50.BSE_IDX,01/07/2025,11:59:16,85206.77,0,0,0,0,0,0
SNXT50.BSE_IDX,01/07/2025,11:59:24,85217.41,0,0,0,0,0,0
SNXT50.BSE_IDX,01/07/2025,11:59:32,85227.88,0,0,0,0,0,0
SNXT50.BSE_IDX,01/07/2025,11:59:40,85236.98,0,0,0,0,0,0
SNXT50.BSE_IDX,01/07/2025,11:59:48,85240.48,0,0,0,0,0,0
SNXT50.BSE_IDX,01/07/2025,11:59:56,85238.54,0,0,0,0,0,0
SNXT50.BSE_IDX,01/07/2025,12:00:05,85244.21,0,0,0,0,0,0
SNXT50.BSE_IDX,01/07/2025,12:00:12,85244.73,0,0,0,0,0,0
SNXT50.BSE_IDX,01/07/2025,12:00:20,85241.93,0,0,0,0,0,0
SNXT50.BSE_IDX,01/07/2025,12:00:28,85241.52,0,0,0,0,0,0
SNXT50.BSE_IDX,01/07/2025,12:00:37,85238.21,0,0,0,0,0,0
SNXT50.BSE_IDX,01/07/2025,12:00:44,85233.82,0,0,0,0,0,0
SNXT50.BSE_IDX,01/07/2025,12:00:52,85233.47,0,0,0,0,0,0
SNXT50.BSE_IDX,01/07/2025,12:01:00,85234.65,0,0,0,0,0,0
SNXT50.BSE_IDX,01/07/2025,12:01:08,85230.13,0,0,0,0,0,0
SNXT50.BSE_IDX,01/07/2025,12:01:16,85228.69,0,0,0,0,0,0
SNXT50.BSE_IDX,01/07/2025,12:01:24,85232.54,0,0,0,0,0,0
SNXT50.BSE_IDX,01/07/2025,12:01:32,85239.35,0,0,0,0,0,0
SNXT50.BSE_IDX,01/07/2025,12:01:40,85241.67,0,0,0,0,0,0
SNXT50.BSE_IDX,01/07/2025,12:01:48,85239.47,0,0,0,0,0,0
SNXT50.BSE_IDX,01/07/2025,12:01:57,85235.12,0,0,0,0,0,0
SNXT50.BSE_IDX,01/07/2025,12:02:04,85233.93,0,0,0,0,0,0
SNXT50.BSE_IDX,01/07/2025,12:02:12,85230.22,0,0,0,0,0,0
SNXT50.BSE_IDX,01/07/2025,12:02:20,85228.12,0,0,0,0,0,0
SNXT50.BSE_IDX,01/07/2025,12:02:28,85227.97,0,0,0,0,0,0
SNXT50.BSE_IDX,01/07/2025,12:02:36,85226.11,0,0,0,0,0,0
SNXT50.BSE_IDX,01/07/2025,12:02:44,85225.56,0,0,0,0,0,0
SNXT50.BSE_IDX,01/07/2025,12:02:52,85226.03,0,0,0,0,0,0
SNXT50.BSE_IDX,01/07/2025,12:03:00,85228.55,0,0,0,0,0,0
SNXT50.BSE_IDX,01/07/2025,12:03:08,85230.88,0,0,0,0,0,0
SNXT50.BSE_IDX,01/07/2025,12:03:17,85230.09,0,0,0,0,0,0
SNXT50.BSE_IDX,01/07/2025,12:03:24,85222.07,0,0,0,0,0,0
SNXT50.BSE_IDX,01/07/2025,12:03:32,85221.79,0,0,0,0,0,0
SNXT50.BSE_IDX,01/07/2025,12:03:40,85222.47,0,0,0,0,0,0
SNXT50.BSE_IDX,01/07/2025,12:03:48,85224.39,0,0,0,0,0,0
SNXT50.BSE_IDX,01/07/2025,12:03:56,85231.99,0,0,0,0,0,0
SNXT50.BSE_IDX,01/07/2025,12:04:04,85228.77,0,0,0,0,0,0
SNXT50.BSE_IDX,01/07/2025,12:04:12,85228.96,0,0,0,0,0,0
SNXT50.BSE_IDX,01/07/2025,12:04:20,85228.35,0,0,0,0,0,0
SNXT50.BSE_IDX,01/07/2025,12:04:28,85231.72,0,0,0,0,0,0
SNXT50.BSE_IDX,01/07/2025,12:04:36,85230.43,0,0,0,0,0,0
SNXT50.BSE_IDX,01/07/2025,12:04:44,85232.04,0,0,0,0,0,0
SNXT50.BSE_IDX,01/07/2025,12:04:52,85229.3,0,0,0,0,0,0
SNXT50.BSE_IDX,01/07/2025,12:05:01,85228.2,0,0,0,0,0,0
SNXT50.BSE_IDX,01/07/2025,12:05:08,85225.49,0,0,0,0,0,0
SNXT50.BSE_IDX,01/07/2025,12:05:16,85232.83,0,0,0,0,0,0
SNXT50.BSE_IDX,01/07/2025,12:05:24,85229.41,0,0,0,0,0,0
SNXT50.BSE_IDX,01/07/2025,12:05:32,85232.28,0,0,0,0,0,0
SNXT50.BSE_IDX,01/07/2025,12:05:40,85227.63,0,0,0,0,0,0
SNXT50.BSE_IDX,01/07/2025,12:05:48,85222.56,0,0,0,0,0,0
SNXT50.BSE_IDX,01/07/2025,12:05:56,85223.65,0,0,0,0,0,0
SNXT50.BSE_IDX,01/07/2025,12:06:04,85227.12,0,0,0,0,0,0
SNXT50.BSE_IDX,01/07/2025,12:06:12,85240.73,0,0,0,0,0,0
SNXT50.BSE_IDX,01/07/2025,12:06:20,85244.1,0,0,0,0,0,0
SNXT50.BSE_IDX,01/07/2025,12:06:28,85238.96,0,0,0,0,0,0
SNXT50.BSE_IDX,01/07/2025,12:06:36,85232.87,0,0,0,0,0,0
SNXT50.BSE_IDX,01/07/2025,12:06:44,85229.16,0,0,0,0,0,0
SNXT50.BSE_IDX,01/07/2025,12:06:53,85220.55,0,0,0,0,0,0
SNXT50.BSE_IDX,01/07/2025,12:07:00,85216.02,0,0,0,0,0,0
SNXT50.BSE_IDX,01/07/2025,12:07:08,85219.2,0,0,0,0,0,0
SNXT50.BSE_IDX,01/07/2025,12:07:16,85219.13,0,0,0,0,0,0
SNXT50.BSE_IDX,01/07/2025,12:07:24,85217.62,0,0,0,0,0,0
SNXT50.BSE_IDX,01/07/2025,12:07:32,85220.31,0,0,0,0,0,0
SNXT50.BSE_IDX,01/07/2025,12:07:40,85222.59,0,0,0,0,0,0
SNXT50.BSE_IDX,01/07/2025,12:07:48,85222.98,0,0,0,0,0,0
SNXT50.BSE_IDX,01/07/2025,12:07:56,85217.41,0,0,0,0,0,0
SNXT50.BSE_IDX,01/07/2025,12:08:04,85219.53,0,0,0,0,0,0
SNXT50.BSE_IDX,01/07/2025,12:08:12,85210.79,0,0,0,0,0,0
SNXT50.BSE_IDX,01/07/2025,12:08:20,85204.05,0,0,0,0,0,0
SNXT50.BSE_IDX,01/07/2025,12:08:28,85213.59,0,0,0,0,0,0
SNXT50.BSE_IDX,01/07/2025,12:08:36,85208.44,0,0,0,0,0,0
SNXT50.BSE_IDX,01/07/2025,12:08:44,85211.37,0,0,0,0,0,0
SNXT50.BSE_IDX,01/07/2025,12:08:52,85210.29,0,0,0,0,0,0
SNXT50.BSE_IDX,01/07/2025,12:09:00,85208.46,0,0,0,0,0,0
SNXT50.BSE_IDX,01/07/2025,12:09:08,85219.5,0,0,0,0,0,0
SNXT50.BSE_IDX,01/07/2025,12:09:16,85219.73,0,0,0,0,0,0
SNXT50.BSE_IDX,01/07/2025,12:09:25,85219.28,0,0,0,0,0,0
SNXT50.BSE_IDX,01/07/2025,12:09:32,85228.01,0,0,0,0,0,0
SNXT50.BSE_IDX,01/07/2025,12:09:40,85219.43,0,0,0,0,0,0
SNXT50.BSE_IDX,01/07/2025,12:09:48,85215.74,0,0,0,0,0,0
SNXT50.BSE_IDX,01/07/2025,12:09:57,85214.09,0,0,0,0,0,0
SNXT50.BSE_IDX,01/07/2025,12:10:05,85212.87,0,0,0,0,0,0
SNXT50.BSE_IDX,01/07/2025,12:10:13,85212.07,0,0,0,0,0,0
SNXT50.BSE_IDX,01/07/2025,12:10:22,85216.63,0,0,0,0,0,0
SNXT50.BSE_IDX,01/07/2025,12:10:28,85217.96,0,0,0,0,0,0
SNXT50.BSE_IDX,01/07/2025,12:10:36,85219.66,0,0,0,0,0,0
SNXT50.BSE_IDX,01/07/2025,12:10:45,85215.81,0,0,0,0,0,0
SNXT50.BSE_IDX,01/07/2025,12:10:52,85215.11,0,0,0,0,0,0
SNXT50.BSE_IDX,01/07/2025,12:11:00,85217.15,0,0,0,0,0,0
SNXT50.BSE_IDX,01/07/2025,12:11:08,85216.43,0,0,0,0,0,0
SNXT50.BSE_IDX,01/07/2025,12:11:17,85218.67,0,0,0,0,0,0
SNXT50.BSE_IDX,01/07/2025,12:11:24,85211.81,0,0,0,0,0,0
SNXT50.BSE_IDX,01/07/2025,12:11:32,85216.14,0,0,0,0,0,0
SNXT50.BSE_IDX,01/07/2025,12:11:40,85213.97,0,0,0,0,0,0
SNXT50.BSE_IDX,01/07/2025,12:11:49,85215.74,0,0,0,0,0,0
SNXT50.BSE_IDX,01/07/2025,12:11:57,85224.89,0,0,0,0,0,0
SNXT50.BSE_IDX,01/07/2025,12:12:05,85237.21,0,0,0,0,0,0
SNXT50.BSE_IDX,01/07/2025,12:12:13,85238.53,0,0,0,0,0,0
SNXT50.BSE_IDX,01/07/2025,12:12:21,85250.78,0,0,0,0,0,0
SNXT50.BSE_IDX,01/07/2025,12:12:29,85251.75,0,0,0,0,0,0
SNXT50.BSE_IDX,01/07/2025,12:12:37,85257.12,0,0,0,0,0,0
SNXT50.BSE_IDX,01/07/2025,12:12:45,85254.19,0,0,0,0,0,0
SNXT50.BSE_IDX,01/07/2025,12:12:53,85256.12,0,0,0,0,0,0
SNXT50.BSE_IDX,01/07/2025,12:13:01,85257.88,0,0,0,0,0,0
SNXT50.BSE_IDX,01/07/2025,12:13:09,85261.85,0,0,0,0,0,0
SNXT50.BSE_IDX,01/07/2025,12:13:17,85261.37,0,0,0,0,0,0
SNXT50.BSE_IDX,01/07/2025,12:13:25,85263.88,0,0,0,0,0,0
SNXT50.BSE_IDX,01/07/2025,12:13:33,85265.65,0,0,0,0,0,0
SNXT50.BSE_IDX,01/07/2025,12:13:41,85274.1,0,0,0,0,0,0
SNXT50.BSE_IDX,01/07/2025,12:13:49,85274.97,0,0,0,0,0,0
SNXT50.BSE_IDX,01/07/2025,12:13:57,85279.69,0,0,0,0,0,0
SNXT50.BSE_IDX,01/07/2025,12:14:05,85280.57,0,0,0,0,0,0
SNXT50.BSE_IDX,01/07/2025,12:14:13,85276.7,0,0,0,0,0,0
SNXT50.BSE_IDX,01/07/2025,12:14:21,85276.34,0,0,0,0,0,0
SNXT50.BSE_IDX,01/07/2025,12:14:29,85271.55,0,0,0,0,0,0
SNXT50.BSE_IDX,01/07/2025,12:14:37,85267.82,0,0,0,0,0,0
SNXT50.BSE_IDX,01/07/2025,12:14:46,85269.84,0,0,0,0,0,0
SNXT50.BSE_IDX,01/07/2025,12:14:54,85264.93,0,0,0,0,0,0
SNXT50.BSE_IDX,01/07/2025,12:15:01,85266.02,0,0,0,0,0,0
SNXT50.BSE_IDX,01/07/2025,12:15:09,85270.1,0,0,0,0,0,0
SNXT50.BSE_IDX,01/07/2025,12:15:17,85273.69,0,0,0,0,0,0
SNXT50.BSE_IDX,01/07/2025,12:15:25,85277.19,0,0,0,0,0,0
SNXT50.BSE_IDX,01/07/2025,12:15:33,85273.85,0,0,0,0,0,0
SNXT50.BSE_IDX,01/07/2025,12:15:41,85279.71,0,0,0,0,0,0
SNXT50.BSE_IDX,01/07/2025,12:15:49,85284.22,0,0,0,0,0,0
SNXT50.BSE_IDX,01/07/2025,12:15:57,85290.56,0,0,0,0,0,0
SNXT50.BSE_IDX,01/07/2025,12:16:05,85291.26,0,0,0,0,0,0
SNXT50.BSE_IDX,01/07/2025,12:16:13,85290.56,0,0,0,0,0,0
SNXT50.BSE_IDX,01/07/2025,12:16:21,85284.94,0,0,0,0,0,0
SNXT50.BSE_IDX,01/07/2025,12:16:29,85288.58,0,0,0,0,0,0
SNXT50.BSE_IDX,01/07/2025,12:16:37,85284.84,0,0,0,0,0,0
SNXT50.BSE_IDX,01/07/2025,12:16:45,85286.76,0,0,0,0,0,0
SNXT50.BSE_IDX,01/07/2025,12:16:53,85286.08,0,0,0,0,0,0
SNXT50.BSE_IDX,01/07/2025,12:17:01,85288.18,0,0,0,0,0,0
SNXT50.BSE_IDX,01/07/2025,12:17:09,85285.09,0,0,0,0,0,0
SNXT50.BSE_IDX,01/07/2025,12:17:17,85287.12,0,0,0,0,0,0
SNXT50.BSE_IDX,01/07/2025,12:17:25,85288.65,0,0,0,0,0,0
SNXT50.BSE_IDX,01/07/2025,12:17:33,85289.22,0,0,0,0,0,0
SNXT50.BSE_IDX,01/07/2025,12:17:41,85291.4,0,0,0,0,0,0
SNXT50.BSE_IDX,01/07/2025,12:17:49,85290.35,0,0,0,0,0,0
SNXT50.BSE_IDX,01/07/2025,12:17:57,85290.26,0,0,0,0,0,0
SNXT50.BSE_IDX,01/07/2025,12:18:05,85302.6,0,0,0,0,0,0
SNXT50.BSE_IDX,01/07/2025,12:18:13,85301.37,0,0,0,0,0,0
SNXT50.BSE_IDX,01/07/2025,12:18:21,85303,0,0,0,0,0,0
SNXT50.BSE_IDX,01/07/2025,12:18:29,85301.16,0,0,0,0,0,0
SNXT50.BSE_IDX,01/07/2025,12:18:37,85296.74,0,0,0,0,0,0
SNXT50.BSE_IDX,01/07/2025,12:18:45,85302.82,0,0,0,0,0,0
SNXT50.BSE_IDX,01/07/2025,12:18:53,85309.52,0,0,0,0,0,0
SNXT50.BSE_IDX,01/07/2025,12:19:01,85312.79,0,0,0,0,0,0
SNXT50.BSE_IDX,01/07/2025,12:19:09,85313.73,0,0,0,0,0,0
SNXT50.BSE_IDX,01/07/2025,12:19:17,85316.24,0,0,0,0,0,0
SNXT50.BSE_IDX,01/07/2025,12:19:25,85318.42,0,0,0,0,0,0
SNXT50.BSE_IDX,01/07/2025,12:19:33,85322.41,0,0,0,0,0,0
SNXT50.BSE_IDX,01/07/2025,12:19:41,85335,0,0,0,0,0,0
SNXT50.BSE_IDX,01/07/2025,12:19:49,85345.16,0,0,0,0,0,0
SNXT50.BSE_IDX,01/07/2025,12:19:57,85346.41,0,0,0,0,0,0
SNXT50.BSE_IDX,01/07/2025,12:20:05,85349.47,0,0,0,0,0,0
SNXT50.BSE_IDX,01/07/2025,12:20:13,85346.66,0,0,0,0,0,0
SNXT50.BSE_IDX,01/07/2025,12:20:21,85357.72,0,0,0,0,0,0
SNXT50.BSE_IDX,01/07/2025,12:20:29,85360.76,0,0,0,0,0,0
SNXT50.BSE_IDX,01/07/2025,12:20:37,85361.79,0,0,0,0,0,0
SNXT50.BSE_IDX,01/07/2025,12:20:45,85363.97,0,0,0,0,0,0
SNXT50.BSE_IDX,01/07/2025,12:20:53,85358.06,0,0,0,0,0,0
SNXT50.BSE_IDX,01/07/2025,12:21:01,85354.42,0,0,0,0,0,0
SNXT50.BSE_IDX,01/07/2025,12:21:09,85355.04,0,0,0,0,0,0
SNXT50.BSE_IDX,01/07/2025,12:21:17,85346.32,0,0,0,0,0,0
SNXT50.BSE_IDX,01/07/2025,12:21:25,85343.72,0,0,0,0,0,0
SNXT50.BSE_IDX,01/07/2025,12:21:33,85339.63,0,0,0,0,0,0
SNXT50.BSE_IDX,01/07/2025,12:21:41,85349.74,0,0,0,0,0,0
SNXT50.BSE_IDX,01/07/2025,12:21:49,85365.77,0,0,0,0,0,0
SNXT50.BSE_IDX,01/07/2025,12:21:57,85375.42,0,0,0,0,0,0
SNXT50.BSE_IDX,01/07/2025,12:22:05,85378.76,0,0,0,0,0,0
SNXT50.BSE_IDX,01/07/2025,12:22:13,85379.73,0,0,0,0,0,0
SNXT50.BSE_IDX,01/07/2025,12:22:21,85383.05,0,0,0,0,0,0
SNXT50.BSE_IDX,01/07/2025,12:22:29,85385.73,0,0,0,0,0,0
SNXT50.BSE_IDX,01/07/2025,12:22:37,85388.5,0,0,0,0,0,0
SNXT50.BSE_IDX,01/07/2025,12:22:45,85390.48,0,0,0,0,0,0
SNXT50.BSE_IDX,01/07/2025,12:22:53,85393.01,0,0,0,0,0,0
SNXT50.BSE_IDX,01/07/2025,12:23:02,85400.02,0,0,0,0,0,0
SNXT50.BSE_IDX,01/07/2025,12:23:09,85394.82,0,0,0,0,0,0
SNXT50.BSE_IDX,01/07/2025,12:23:17,85394.27,0,0,0,0,0,0
SNXT50.BSE_IDX,01/07/2025,12:23:25,85392.27,0,0,0,0,0,0
SNXT50.BSE_IDX,01/07/2025,12:23:33,85395.86,0,0,0,0,0,0
SNXT50.BSE_IDX,01/07/2025,12:23:41,85399.13,0,0,0,0,0,0
SNXT50.BSE_IDX,01/07/2025,12:23:49,85398.42,0,0,0,0,0,0
SNXT50.BSE_IDX,01/07/2025,12:23:57,85392.28,0,0,0,0,0,0
SNXT50.BSE_IDX,01/07/2025,12:24:05,85403.61,0,0,0,0,0,0
SNXT50.BSE_IDX,01/07/2025,12:24:13,85398.53,0,0,0,0,0,0
SNXT50.BSE_IDX,01/07/2025,12:24:21,85398.2,0,0,0,0,0,0
SNXT50.BSE_IDX,01/07/2025,12:24:29,85402.57,0,0,0,0,0,0
SNXT50.BSE_IDX,01/07/2025,12:24:37,85399.92,0,0,0,0,0,0
SNXT50.BSE_IDX,01/07/2025,12:24:45,85399.86,0,0,0,0,0,0
SNXT50.BSE_IDX,01/07/2025,12:24:53,85403.56,0,0,0,0,0,0
SNXT50.BSE_IDX,01/07/2025,12:25:01,85406.62,0,0,0,0,0,0
SNXT50.BSE_IDX,01/07/2025,12:25:09,85404.48,0,0,0,0,0,0
SNXT50.BSE_IDX,01/07/2025,12:25:17,85408.48,0,0,0,0,0,0
SNXT50.BSE_IDX,01/07/2025,12:25:25,85407.09,0,0,0,0,0,0
SNXT50.BSE_IDX,01/07/2025,12:25:33,85402.41,0,0,0,0,0,0
SNXT50.BSE_IDX,01/07/2025,12:25:41,85404.15,0,0,0,0,0,0
SNXT50.BSE_IDX,01/07/2025,12:25:49,85405.91,0,0,0,0,0,0
SNXT50.BSE_IDX,01/07/2025,12:25:57,85409.18,0,0,0,0,0,0
SNXT50.BSE_IDX,01/07/2025,12:26:05,85413.41,0,0,0,0,0,0
SNXT50.BSE_IDX,01/07/2025,12:26:13,85410.13,0,0,0,0,0,0
SNXT50.BSE_IDX,01/07/2025,12:26:21,85411.16,0,0,0,0,0,0
SNXT50.BSE_IDX,01/07/2025,12:26:31,85410.03,0,0,0,0,0,0
SNXT50.BSE_IDX,01/07/2025,12:26:37,85413.75,0,0,0,0,0,0
SNXT50.BSE_IDX,01/07/2025,12:26:45,85413.67,0,0,0,0,0,0
SNXT50.BSE_IDX,01/07/2025,12:26:53,85406.33,0,0,0,0,0,0
SNXT50.BSE_IDX,01/07/2025,12:27:01,85398.83,0,0,0,0,0,0
SNXT50.BSE_IDX,01/07/2025,12:27:09,85400,0,0,0,0,0,0
SNXT50.BSE_IDX,01/07/2025,12:27:17,85395.46,0,0,0,0,0,0
SNXT50.BSE_IDX,01/07/2025,12:27:25,85395.91,0,0,0,0,0,0
SNXT50.BSE_IDX,01/07/2025,12:27:33,85395.78,0,0,0,0,0,0
SNXT50.BSE_IDX,01/07/2025,12:27:41,85393.74,0,0,0,0,0,0
SNXT50.BSE_IDX,01/07/2025,12:27:49,85394.7,0,0,0,0,0,0
SNXT50.BSE_IDX,01/07/2025,12:27:57,85396.14,0,0,0,0,0,0
SNXT50.BSE_IDX,01/07/2025,12:28:05,85397.49,0,0,0,0,0,0
SNXT50.BSE_IDX,01/07/2025,12:28:13,85397,0,0,0,0,0,0
SNXT50.BSE_IDX,01/07/2025,12:28:21,85396.45,0,0,0,0,0,0
SNXT50.BSE_IDX,01/07/2025,12:28:29,85395.69,0,0,0,0,0,0
SNXT50.BSE_IDX,01/07/2025,12:28:37,85396.27,0,0,0,0,0,0
SNXT50.BSE_IDX,01/07/2025,12:28:45,85394.85,0,0,0,0,0,0
SNXT50.BSE_IDX,01/07/2025,12:28:53,85379.6,0,0,0,0,0,0
SNXT50.BSE_IDX,01/07/2025,12:29:01,85371.33,0,0,0,0,0,0
SNXT50.BSE_IDX,01/07/2025,12:29:10,85371.2,0,0,0,0,0,0
SNXT50.BSE_IDX,01/07/2025,12:29:18,85370.3,0,0,0,0,0,0
SNXT50.BSE_IDX,01/07/2025,12:29:25,85378.34,0,0,0,0,0,0
SNXT50.BSE_IDX,01/07/2025,12:29:33,85374.87,0,0,0,0,0,0
SNXT50.BSE_IDX,01/07/2025,12:29:41,85379.63,0,0,0,0,0,0
SNXT50.BSE_IDX,01/07/2025,12:29:49,85372.98,0,0,0,0,0,0
SNXT50.BSE_IDX,01/07/2025,12:29:57,85375.64,0,0,0,0,0,0
SNXT50.BSE_IDX,01/07/2025,12:30:05,85390.61,0,0,0,0,0,0
SNXT50.BSE_IDX,01/07/2025,12:30:13,85391.59,0,0,0,0,0,0
SNXT50.BSE_IDX,01/07/2025,12:30:22,85395.94,0,0,0,0,0,0
SNXT50.BSE_IDX,01/07/2025,12:30:29,85400.82,0,0,0,0,0,0
SNXT50.BSE_IDX,01/07/2025,12:30:37,85403.08,0,0,0,0,0,0
SNXT50.BSE_IDX,01/07/2025,12:30:45,85398.2,0,0,0,0,0,0
SNXT50.BSE_IDX,01/07/2025,12:30:53,85394.02,0,0,0,0,0,0
SNXT50.BSE_IDX,01/07/2025,12:31:01,85391.92,0,0,0,0,0,0
SNXT50.BSE_IDX,01/07/2025,12:31:09,85385.81,0,0,0,0,0,0
SNXT50.BSE_IDX,01/07/2025,12:31:17,85389.04,0,0,0,0,0,0
SNXT50.BSE_IDX,01/07/2025,12:31:25,85385.55,0,0,0,0,0,0
SNXT50.BSE_IDX,01/07/2025,12:31:34,85380.15,0,0,0,0,0,0
SNXT50.BSE_IDX,01/07/2025,12:31:41,85383.23,0,0,0,0,0,0
SNXT50.BSE_IDX,01/07/2025,12:31:49,85379.66,0,0,0,0,0,0
SNXT50.BSE_IDX,01/07/2025,12:31:57,85371.02,0,0,0,0,0,0
SNXT50.BSE_IDX,01/07/2025,12:32:05,85368.52,0,0,0,0,0,0
SNXT50.BSE_IDX,01/07/2025,12:32:13,85368.99,0,0,0,0,0,0
SNXT50.BSE_IDX,01/07/2025,12:32:21,85363.26,0,0,0,0,0,0
SNXT50.BSE_IDX,01/07/2025,12:32:29,85359.1,0,0,0,0,0,0
SNXT50.BSE_IDX,01/07/2025,12:32:37,85355.29,0,0,0,0,0,0
SNXT50.BSE_IDX,01/07/2025,12:32:45,85358.48,0,0,0,0,0,0
SNXT50.BSE_IDX,01/07/2025,12:32:53,85355.13,0,0,0,0,0,0
SNXT50.BSE_IDX,01/07/2025,12:33:01,85354.45,0,0,0,0,0,0
SNXT50.BSE_IDX,01/07/2025,12:33:09,85358.8,0,0,0,0,0,0
SNXT50.BSE_IDX,01/07/2025,12:33:17,85357.5,0,0,0,0,0,0
SNXT50.BSE_IDX,01/07/2025,12:33:26,85354.4,0,0,0,0,0,0
SNXT50.BSE_IDX,01/07/2025,12:33:33,85355.15,0,0,0,0,0,0
SNXT50.BSE_IDX,01/07/2025,12:33:41,85354.82,0,0,0,0,0,0
SNXT50.BSE_IDX,01/07/2025,12:33:49,85350.91,0,0,0,0,0,0
SNXT50.BSE_IDX,01/07/2025,12:33:57,85351.94,0,0,0,0,0,0
SNXT50.BSE_IDX,01/07/2025,12:34:05,85350.6,0,0,0,0,0,0
SNXT50.BSE_IDX,01/07/2025,12:34:13,85348.43,0,0,0,0,0,0
SNXT50.BSE_IDX,01/07/2025,12:34:21,85349.09,0,0,0,0,0,0
SNXT50.BSE_IDX,01/07/2025,12:34:29,85350.61,0,0,0,0,0,0
SNXT50.BSE_IDX,01/07/2025,12:34:37,85354.89,0,0,0,0,0,0
SNXT50.BSE_IDX,01/07/2025,12:34:45,85357.35,0,0,0,0,0,0
SNXT50.BSE_IDX,01/07/2025,12:34:53,85364.17,0,0,0,0,0,0
SNXT50.BSE_IDX,01/07/2025,12:35:01,85368.85,0,0,0,0,0,0
SNXT50.BSE_IDX,01/07/2025,12:35:09,85376.54,0,0,0,0,0,0
SNXT50.BSE_IDX,01/07/2025,12:35:17,85384.76,0,0,0,0,0,0
SNXT50.BSE_IDX,01/07/2025,12:35:25,85392.14,0,0,0,0,0,0
SNXT50.BSE_IDX,01/07/2025,12:35:33,85397.72,0,0,0,0,0,0
SNXT50.BSE_IDX,01/07/2025,12:35:41,85396.15,0,0,0,0,0,0
SNXT50.BSE_IDX,01/07/2025,12:35:49,85398.96,0,0,0,0,0,0
SNXT50.BSE_IDX,01/07/2025,12:35:57,85395.29,0,0,0,0,0,0
SNXT50.BSE_IDX,01/07/2025,12:36:05,85402.49,0,0,0,0,0,0
SNXT50.BSE_IDX,01/07/2025,12:36:13,85403.63,0,0,0,0,0,0
SNXT50.BSE_IDX,01/07/2025,12:36:21,85403.95,0,0,0,0,0,0
SNXT50.BSE_IDX,01/07/2025,12:36:29,85404.75,0,0,0,0,0,0
SNXT50.BSE_IDX,01/07/2025,12:36:37,85406.95,0,0,0,0,0,0
SNXT50.BSE_IDX,01/07/2025,12:36:45,85404.62,0,0,0,0,0,0
SNXT50.BSE_IDX,01/07/2025,12:36:53,85401.39,0,0,0,0,0,0
SNXT50.BSE_IDX,01/07/2025,12:37:01,85401.15,0,0,0,0,0,0
SNXT50.BSE_IDX,01/07/2025,12:37:09,85409.54,0,0,0,0,0,0
SNXT50.BSE_IDX,01/07/2025,12:37:17,85411.82,0,0,0,0,0,0
SNXT50.BSE_IDX,01/07/2025,12:37:25,85405.06,0,0,0,0,0,0
SNXT50.BSE_IDX,01/07/2025,12:37:33,85400.57,0,0,0,0,0,0
SNXT50.BSE_IDX,01/07/2025,12:37:41,85386.84,0,0,0,0,0,0
SNXT50.BSE_IDX,01/07/2025,12:37:49,85384.09,0,0,0,0,0,0
SNXT50.BSE_IDX,01/07/2025,12:37:57,85383.12,0,0,0,0,0,0
SNXT50.BSE_IDX,01/07/2025,12:38:05,85385.55,0,0,0,0,0,0
SNXT50.BSE_IDX,01/07/2025,12:38:13,85380.22,0,0,0,0,0,0
SNXT50.BSE_IDX,01/07/2025,12:38:22,85387.19,0,0,0,0,0,0
SNXT50.BSE_IDX,01/07/2025,12:38:29,85383.22,0,0,0,0,0,0
SNXT50.BSE_IDX,01/07/2025,12:38:39,85390.01,0,0,0,0,0,0
SNXT50.BSE_IDX,01/07/2025,12:38:45,85392.77,0,0,0,0,0,0
SNXT50.BSE_IDX,01/07/2025,12:38:53,85393.63,0,0,0,0,0,0
SNXT50.BSE_IDX,01/07/2025,12:39:01,85387.92,0,0,0,0,0,0
SNXT50.BSE_IDX,01/07/2025,12:39:10,85391.79,0,0,0,0,0,0
SNXT50.BSE_IDX,01/07/2025,12:39:17,85395.93,0,0,0,0,0,0
SNXT50.BSE_IDX,01/07/2025,12:39:25,85399.83,0,0,0,0,0,0
SNXT50.BSE_IDX,01/07/2025,12:39:34,85399.04,0,0,0,0,0,0
SNXT50.BSE_IDX,01/07/2025,12:39:42,85401,0,0,0,0,0,0
SNXT50.BSE_IDX,01/07/2025,12:39:49,85404.28,0,0,0,0,0,0
SNXT50.BSE_IDX,01/07/2025,12:39:57,85402.45,0,0,0,0,0,0
SNXT50.BSE_IDX,01/07/2025,12:40:05,85403.68,0,0,0,0,0,0
SNXT50.BSE_IDX,01/07/2025,12:40:14,85398.35,0,0,0,0,0,0
SNXT50.BSE_IDX,01/07/2025,12:40:21,85409.12,0,0,0,0,0,0
SNXT50.BSE_IDX,01/07/2025,12:40:29,85402.76,0,0,0,0,0,0
SNXT50.BSE_IDX,01/07/2025,12:40:37,85402.05,0,0,0,0,0,0
SNXT50.BSE_IDX,01/07/2025,12:40:45,85403,0,0,0,0,0,0
SNXT50.BSE_IDX,01/07/2025,12:40:54,85399.46,0,0,0,0,0,0
SNXT50.BSE_IDX,01/07/2025,12:41:01,85400.21,0,0,0,0,0,0
SNXT50.BSE_IDX,01/07/2025,12:41:09,85392.75,0,0,0,0,0,0
SNXT50.BSE_IDX,01/07/2025,12:41:17,85390.98,0,0,0,0,0,0
SNXT50.BSE_IDX,01/07/2025,12:41:25,85391.61,0,0,0,0,0,0
SNXT50.BSE_IDX,01/07/2025,12:41:33,85393.36,0,0,0,0,0,0
SNXT50.BSE_IDX,01/07/2025,12:41:41,85395.77,0,0,0,0,0,0
SNXT50.BSE_IDX,01/07/2025,12:41:49,85399.52,0,0,0,0,0,0
SNXT50.BSE_IDX,01/07/2025,12:41:57,85401.47,0,0,0,0,0,0
SNXT50.BSE_IDX,01/07/2025,12:42:05,85404.91,0,0,0,0,0,0
SNXT50.BSE_IDX,01/07/2025,12:42:13,85401.43,0,0,0,0,0,0
SNXT50.BSE_IDX,01/07/2025,12:42:21,85407.12,0,0,0,0,0,0
SNXT50.BSE_IDX,01/07/2025,12:42:29,85407.17,0,0,0,0,0,0
SNXT50.BSE_IDX,01/07/2025,12:42:37,85406.24,0,0,0,0,0,0
SNXT50.BSE_IDX,01/07/2025,12:42:45,85403.36,0,0,0,0,0,0
SNXT50.BSE_IDX,01/07/2025,12:42:53,85412.41,0,0,0,0,0,0
SNXT50.BSE_IDX,01/07/2025,12:43:01,85411.93,0,0,0,0,0,0
SNXT50.BSE_IDX,01/07/2025,12:43:10,85409.43,0,0,0,0,0,0
SNXT50.BSE_IDX,01/07/2025,12:43:17,85410.74,0,0,0,0,0,0
SNXT50.BSE_IDX,01/07/2025,12:43:26,85406.82,0,0,0,0,0,0
SNXT50.BSE_IDX,01/07/2025,12:43:33,85411.05,0,0,0,0,0,0
SNXT50.BSE_IDX,01/07/2025,12:43:41,85411.74,0,0,0,0,0,0
SNXT50.BSE_IDX,01/07/2025,12:43:49,85413.53,0,0,0,0,0,0
SNXT50.BSE_IDX,01/07/2025,12:43:58,85412.3,0,0,0,0,0,0
SNXT50.BSE_IDX,01/07/2025,12:44:05,85403.95,0,0,0,0,0,0
SNXT50.BSE_IDX,01/07/2025,12:44:14,85400.19,0,0,0,0,0,0
SNXT50.BSE_IDX,01/07/2025,12:44:21,85391.78,0,0,0,0,0,0
SNXT50.BSE_IDX,01/07/2025,12:44:29,85381.77,0,0,0,0,0,0
SNXT50.BSE_IDX,01/07/2025,12:44:38,85389.96,0,0,0,0,0,0
SNXT50.BSE_IDX,01/07/2025,12:44:45,85387.75,0,0,0,0,0,0
SNXT50.BSE_IDX,01/07/2025,12:44:53,85388.44,0,0,0,0,0,0
SNXT50.BSE_IDX,01/07/2025,12:45:01,85383.57,0,0,0,0,0,0
SNXT50.BSE_IDX,01/07/2025,12:45:11,85380.77,0,0,0,0,0,0
SNXT50.BSE_IDX,01/07/2025,12:45:17,85382.17,0,0,0,0,0,0
SNXT50.BSE_IDX,01/07/2025,12:45:25,85390.44,0,0,0,0,0,0
SNXT50.BSE_IDX,01/07/2025,12:45:34,85391.37,0,0,0,0,0,0
SNXT50.BSE_IDX,01/07/2025,12:45:42,85391.57,0,0,0,0,0,0
SNXT50.BSE_IDX,01/07/2025,12:45:50,85383.35,0,0,0,0,0,0
SNXT50.BSE_IDX,01/07/2025,12:45:58,85380.86,0,0,0,0,0,0
SNXT50.BSE_IDX,01/07/2025,12:46:06,85378.54,0,0,0,0,0,0
SNXT50.BSE_IDX,01/07/2025,12:46:14,85380.81,0,0,0,0,0,0
SNXT50.BSE_IDX,01/07/2025,12:46:22,85364.43,0,0,0,0,0,0
SNXT50.BSE_IDX,01/07/2025,12:46:30,85358.57,0,0,0,0,0,0
SNXT50.BSE_IDX,01/07/2025,12:46:38,85355.34,0,0,0,0,0,0
SNXT50.BSE_IDX,01/07/2025,12:46:46,85359.28,0,0,0,0,0,0
SNXT50.BSE_IDX,01/07/2025,12:46:54,85353.63,0,0,0,0,0,0
SNXT50.BSE_IDX,01/07/2025,12:47:02,85356.1,0,0,0,0,0,0
SNXT50.BSE_IDX,01/07/2025,12:47:10,85352.7,0,0,0,0,0,0
SNXT50.BSE_IDX,01/07/2025,12:47:18,85353.34,0,0,0,0,0,0
SNXT50.BSE_IDX,01/07/2025,12:47:26,85352.73,0,0,0,0,0,0
SNXT50.BSE_IDX,01/07/2025,12:47:34,85360.71,0,0,0,0,0,0
SNXT50.BSE_IDX,01/07/2025,12:47:42,85356.63,0,0,0,0,0,0
SNXT50.BSE_IDX,01/07/2025,12:47:50,85356.82,0,0,0,0,0,0
SNXT50.BSE_IDX,01/07/2025,12:47:58,85355.74,0,0,0,0,0,0
SNXT50.BSE_IDX,01/07/2025,12:48:06,85353.84,0,0,0,0,0,0
SNXT50.BSE_IDX,01/07/2025,12:48:14,85365.17,0,0,0,0,0,0
SNXT50.BSE_IDX,01/07/2025,12:48:22,85364.53,0,0,0,0,0,0
SNXT50.BSE_IDX,01/07/2025,12:48:30,85365.69,0,0,0,0,0,0
SNXT50.BSE_IDX,01/07/2025,12:48:38,85367.83,0,0,0,0,0,0
SNXT50.BSE_IDX,01/07/2025,12:48:46,85368.51,0,0,0,0,0,0
SNXT50.BSE_IDX,01/07/2025,12:48:54,85367.38,0,0,0,0,0,0
SNXT50.BSE_IDX,01/07/2025,12:49:02,85365.84,0,0,0,0,0,0
SNXT50.BSE_IDX,01/07/2025,12:49:10,85364.1,0,0,0,0,0,0
SNXT50.BSE_IDX,01/07/2025,12:49:18,85363.42,0,0,0,0,0,0
SNXT50.BSE_IDX,01/07/2025,12:49:26,85360.03,0,0,0,0,0,0
SNXT50.BSE_IDX,01/07/2025,12:49:34,85359.95,0,0,0,0,0,0
SNXT50.BSE_IDX,01/07/2025,12:49:42,85360.79,0,0,0,0,0,0
SNXT50.BSE_IDX,01/07/2025,12:49:50,85368.5,0,0,0,0,0,0
SNXT50.BSE_IDX,01/07/2025,12:49:58,85364.18,0,0,0,0,0,0
SNXT50.BSE_IDX,01/07/2025,12:50:06,85366.04,0,0,0,0,0,0
SNXT50.BSE_IDX,01/07/2025,12:50:14,85363.73,0,0,0,0,0,0
SNXT50.BSE_IDX,01/07/2025,12:50:22,85356.69,0,0,0,0,0,0
SNXT50.BSE_IDX,01/07/2025,12:50:30,85358.24,0,0,0,0,0,0
SNXT50.BSE_IDX,01/07/2025,12:50:38,85361.02,0,0,0,0,0,0
SNXT50.BSE_IDX,01/07/2025,12:50:47,85359.53,0,0,0,0,0,0
SNXT50.BSE_IDX,01/07/2025,12:50:54,85365.76,0,0,0,0,0,0
SNXT50.BSE_IDX,01/07/2025,12:51:02,85365.08,0,0,0,0,0,0
SNXT50.BSE_IDX,01/07/2025,12:51:10,85368.87,0,0,0,0,0,0
SNXT50.BSE_IDX,01/07/2025,12:51:19,85373.93,0,0,0,0,0,0
SNXT50.BSE_IDX,01/07/2025,12:51:26,85377.19,0,0,0,0,0,0
SNXT50.BSE_IDX,01/07/2025,12:51:34,85375.76,0,0,0,0,0,0
SNXT50.BSE_IDX,01/07/2025,12:51:42,85376.28,0,0,0,0,0,0
SNXT50.BSE_IDX,01/07/2025,12:51:50,85380.64,0,0,0,0,0,0
SNXT50.BSE_IDX,01/07/2025,12:51:58,85375.72,0,0,0,0,0,0
SNXT50.BSE_IDX,01/07/2025,12:52:06,85375.7,0,0,0,0,0,0
SNXT50.BSE_IDX,01/07/2025,12:52:14,85378.7,0,0,0,0,0,0
SNXT50.BSE_IDX,01/07/2025,12:52:22,85378.17,0,0,0,0,0,0
SNXT50.BSE_IDX,01/07/2025,12:52:30,85375.02,0,0,0,0,0,0
SNXT50.BSE_IDX,01/07/2025,12:52:38,85377.29,0,0,0,0,0,0
SNXT50.BSE_IDX,01/07/2025,12:52:46,85380.43,0,0,0,0,0,0
SNXT50.BSE_IDX,01/07/2025,12:52:54,85385.03,0,0,0,0,0,0
SNXT50.BSE_IDX,01/07/2025,12:53:02,85389.43,0,0,0,0,0,0
SNXT50.BSE_IDX,01/07/2025,12:53:10,85394.53,0,0,0,0,0,0
SNXT50.BSE_IDX,01/07/2025,12:53:18,85391.67,0,0,0,0,0,0
SNXT50.BSE_IDX,01/07/2025,12:53:26,85385.94,0,0,0,0,0,0
SNXT50.BSE_IDX,01/07/2025,12:53:34,85388.43,0,0,0,0,0,0
SNXT50.BSE_IDX,01/07/2025,12:53:42,85387.87,0,0,0,0,0,0
SNXT50.BSE_IDX,01/07/2025,12:53:50,85384.1,0,0,0,0,0,0
SNXT50.BSE_IDX,01/07/2025,12:53:58,85384.07,0,0,0,0,0,0
SNXT50.BSE_IDX,01/07/2025,12:54:06,85382.47,0,0,0,0,0,0
SNXT50.BSE_IDX,01/07/2025,12:54:14,85384.81,0,0,0,0,0,0
