Ticker,Date,Time,LTP,BuyPrice,BuyQty,SellPrice,SellQty,LTQ,OpenInterest
SS6535.BSE_IDX,01/07/2025,09:00:00,34803.3,0,0,0,0,0,0
SS6535.BSE_IDX,01/07/2025,09:00:07,34968.66,0,0,0,0,0,0
SS6535.BSE_IDX,01/07/2025,09:00:15,34968.54,0,0,0,0,0,0
SS6535.BSE_IDX,01/07/2025,09:00:23,34970.29,0,0,0,0,0,0
SS6535.BSE_IDX,01/07/2025,09:00:31,34990.85,0,0,0,0,0,0
SS6535.BSE_IDX,01/07/2025,09:00:39,34937.93,0,0,0,0,0,0
SS6535.BSE_IDX,01/07/2025,09:00:47,34914.84,0,0,0,0,0,0
SS6535.BSE_IDX,01/07/2025,09:00:55,34915.08,0,0,0,0,0,0
SS6535.BSE_IDX,01/07/2025,09:01:03,34907.6,0,0,0,0,0,0
SS6535.BSE_IDX,01/07/2025,09:01:11,34908.39,0,0,0,0,0,0
SS6535.BSE_IDX,01/07/2025,09:01:19,34933.91,0,0,0,0,0,0
SS6535.BSE_IDX,01/07/2025,09:01:27,34920.49,0,0,0,0,0,0
SS6535.BSE_IDX,01/07/2025,09:01:35,34913.81,0,0,0,0,0,0
SS6535.BSE_IDX,01/07/2025,09:01:43,34899.53,0,0,0,0,0,0
SS6535.BSE_IDX,01/07/2025,09:01:51,34873.61,0,0,0,0,0,0
SS6535.BSE_IDX,01/07/2025,09:01:59,34874.37,0,0,0,0,0,0
SS6535.BSE_IDX,01/07/2025,09:02:07,34879.74,0,0,0,0,0,0
SS6535.BSE_IDX,01/07/2025,09:02:15,34880.15,0,0,0,0,0,0
SS6535.BSE_IDX,01/07/2025,09:02:23,34880.15,0,0,0,0,0,0
SS6535.BSE_IDX,01/07/2025,09:02:31,34886.81,0,0,0,0,0,0
SS6535.BSE_IDX,01/07/2025,09:02:39,34886.57,0,0,0,0,0,0
SS6535.BSE_IDX,01/07/2025,09:02:47,34870.16,0,0,0,0,0,0
SS6535.BSE_IDX,01/07/2025,09:02:55,34873.12,0,0,0,0,0,0
SS6535.BSE_IDX,01/07/2025,09:03:03,34910.92,0,0,0,0,0,0
SS6535.BSE_IDX,01/07/2025,09:03:11,34905.94,0,0,0,0,0,0
SS6535.BSE_IDX,01/07/2025,09:03:19,34892.51,0,0,0,0,0,0
SS6535.BSE_IDX,01/07/2025,09:03:27,34890.32,0,0,0,0,0,0
SS6535.BSE_IDX,01/07/2025,09:03:35,34892.97,0,0,0,0,0,0
SS6535.BSE_IDX,01/07/2025,09:03:43,34885.01,0,0,0,0,0,0
SS6535.BSE_IDX,01/07/2025,09:03:51,34879.15,0,0,0,0,0,0
SS6535.BSE_IDX,01/07/2025,09:03:59,34861.68,0,0,0,0,0,0
SS6535.BSE_IDX,01/07/2025,09:04:07,34860.12,0,0,0,0,0,0
SS6535.BSE_IDX,01/07/2025,09:04:15,34855.15,0,0,0,0,0,0
SS6535.BSE_IDX,01/07/2025,09:04:23,34856.62,0,0,0,0,0,0
SS6535.BSE_IDX,01/07/2025,09:04:31,34857.49,0,0,0,0,0,0
SS6535.BSE_IDX,01/07/2025,09:04:39,34849.82,0,0,0,0,0,0
SS6535.BSE_IDX,01/07/2025,09:04:47,34845.07,0,0,0,0,0,0
SS6535.BSE_IDX,01/07/2025,09:04:55,34833.18,0,0,0,0,0,0
SS6535.BSE_IDX,01/07/2025,09:05:03,34832.82,0,0,0,0,0,0
SS6535.BSE_IDX,01/07/2025,09:05:11,34828.1,0,0,0,0,0,0
SS6535.BSE_IDX,01/07/2025,09:05:19,34839.75,0,0,0,0,0,0
SS6535.BSE_IDX,01/07/2025,09:05:27,34848.16,0,0,0,0,0,0
SS6535.BSE_IDX,01/07/2025,09:05:35,34854.2,0,0,0,0,0,0
SS6535.BSE_IDX,01/07/2025,09:05:43,34846.22,0,0,0,0,0,0
SS6535.BSE_IDX,01/07/2025,09:05:51,34847.24,0,0,0,0,0,0
SS6535.BSE_IDX,01/07/2025,09:05:59,34854.43,0,0,0,0,0,0
SS6535.BSE_IDX,01/07/2025,09:06:07,34855.65,0,0,0,0,0,0
SS6535.BSE_IDX,01/07/2025,09:06:15,34856.61,0,0,0,0,0,0
SS6535.BSE_IDX,01/07/2025,09:06:23,34864.15,0,0,0,0,0,0
SS6535.BSE_IDX,01/07/2025,09:06:31,34874.78,0,0,0,0,0,0
SS6535.BSE_IDX,01/07/2025,09:06:39,34872.93,0,0,0,0,0,0
SS6535.BSE_IDX,01/07/2025,09:06:47,34866.85,0,0,0,0,0,0
SS6535.BSE_IDX,01/07/2025,09:06:55,34862.2,0,0,0,0,0,0
SS6535.BSE_IDX,01/07/2025,09:07:04,34864.2,0,0,0,0,0,0
SS6535.BSE_IDX,01/07/2025,09:07:11,34864.2,0,0,0,0,0,0
SS6535.BSE_IDX,01/07/2025,09:07:19,34864.2,0,0,0,0,0,0
SS6535.BSE_IDX,01/07/2025,09:07:27,34864.2,0,0,0,0,0,0
SS6535.BSE_IDX,01/07/2025,09:07:35,34864.2,0,0,0,0,0,0
SS6535.BSE_IDX,01/07/2025,09:07:43,34864.2,0,0,0,0,0,0
SS6535.BSE_IDX,01/07/2025,09:07:51,34864.2,0,0,0,0,0,0
SS6535.BSE_IDX,01/07/2025,09:07:59,34864.2,0,0,0,0,0,0
SS6535.BSE_IDX,01/07/2025,09:08:07,34864.2,0,0,0,0,0,0
SS6535.BSE_IDX,01/07/2025,09:08:15,34864.2,0,0,0,0,0,0
SS6535.BSE_IDX,01/07/2025,09:08:23,34864.2,0,0,0,0,0,0
SS6535.BSE_IDX,01/07/2025,09:08:31,34864.2,0,0,0,0,0,0
SS6535.BSE_IDX,01/07/2025,09:08:39,34864.2,0,0,0,0,0,0
SS6535.BSE_IDX,01/07/2025,09:08:47,34864.2,0,0,0,0,0,0
SS6535.BSE_IDX,01/07/2025,09:08:55,34864.2,0,0,0,0,0,0
SS6535.BSE_IDX,01/07/2025,09:09:03,34864.71,0,0,0,0,0,0
SS6535.BSE_IDX,01/07/2025,09:09:11,34864.71,0,0,0,0,0,0
SS6535.BSE_IDX,01/07/2025,09:09:20,34864.71,0,0,0,0,0,0
SS6535.BSE_IDX,01/07/2025,09:09:27,34864.71,0,0,0,0,0,0
SS6535.BSE_IDX,01/07/2025,09:09:36,34864.71,0,0,0,0,0,0
SS6535.BSE_IDX,01/07/2025,09:09:43,34864.71,0,0,0,0,0,0
SS6535.BSE_IDX,01/07/2025,09:09:51,34864.71,0,0,0,0,0,0
SS6535.BSE_IDX,01/07/2025,09:09:59,34864.71,0,0,0,0,0,0
SS6535.BSE_IDX,01/07/2025,09:10:07,34864.71,0,0,0,0,0,0
SS6535.BSE_IDX,01/07/2025,09:10:16,34864.71,0,0,0,0,0,0
SS6535.BSE_IDX,01/07/2025,09:10:24,34864.71,0,0,0,0,0,0
SS6535.BSE_IDX,01/07/2025,09:10:32,34864.71,0,0,0,0,0,0
SS6535.BSE_IDX,01/07/2025,09:10:39,34864.71,0,0,0,0,0,0
SS6535.BSE_IDX,01/07/2025,09:10:47,34864.71,0,0,0,0,0,0
SS6535.BSE_IDX,01/07/2025,09:10:55,34864.71,0,0,0,0,0,0
SS6535.BSE_IDX,01/07/2025,09:11:03,34864.71,0,0,0,0,0,0
SS6535.BSE_IDX,01/07/2025,09:11:11,34864.71,0,0,0,0,0,0
SS6535.BSE_IDX,01/07/2025,09:11:19,34864.71,0,0,0,0,0,0
SS6535.BSE_IDX,01/07/2025,09:11:27,34864.71,0,0,0,0,0,0
SS6535.BSE_IDX,01/07/2025,09:11:35,34864.71,0,0,0,0,0,0
SS6535.BSE_IDX,01/07/2025,09:11:43,34864.71,0,0,0,0,0,0
SS6535.BSE_IDX,01/07/2025,09:11:51,34864.71,0,0,0,0,0,0
SS6535.BSE_IDX,01/07/2025,09:11:59,34864.71,0,0,0,0,0,0
SS6535.BSE_IDX,01/07/2025,09:12:07,34864.71,0,0,0,0,0,0
SS6535.BSE_IDX,01/07/2025,09:12:16,34864.71,0,0,0,0,0,0
SS6535.BSE_IDX,01/07/2025,09:12:23,34864.71,0,0,0,0,0,0
SS6535.BSE_IDX,01/07/2025,09:12:31,34864.71,0,0,0,0,0,0
SS6535.BSE_IDX,01/07/2025,09:12:39,34864.71,0,0,0,0,0,0
SS6535.BSE_IDX,01/07/2025,09:12:47,34864.71,0,0,0,0,0,0
SS6535.BSE_IDX,01/07/2025,09:12:55,34864.71,0,0,0,0,0,0
SS6535.BSE_IDX,01/07/2025,09:13:03,34864.71,0,0,0,0,0,0
SS6535.BSE_IDX,01/07/2025,09:13:11,34864.71,0,0,0,0,0,0
SS6535.BSE_IDX,01/07/2025,09:13:19,34864.71,0,0,0,0,0,0
SS6535.BSE_IDX,01/07/2025,09:13:27,34864.71,0,0,0,0,0,0
SS6535.BSE_IDX,01/07/2025,09:13:35,34864.71,0,0,0,0,0,0
SS6535.BSE_IDX,01/07/2025,09:13:43,34864.71,0,0,0,0,0,0
SS6535.BSE_IDX,01/07/2025,09:13:51,34864.71,0,0,0,0,0,0
SS6535.BSE_IDX,01/07/2025,09:13:59,34864.71,0,0,0,0,0,0
SS6535.BSE_IDX,01/07/2025,09:14:07,34864.71,0,0,0,0,0,0
SS6535.BSE_IDX,01/07/2025,09:14:15,34864.71,0,0,0,0,0,0
SS6535.BSE_IDX,01/07/2025,09:14:23,34864.71,0,0,0,0,0,0
SS6535.BSE_IDX,01/07/2025,09:14:31,34864.71,0,0,0,0,0,0
SS6535.BSE_IDX,01/07/2025,09:14:39,34864.71,0,0,0,0,0,0
SS6535.BSE_IDX,01/07/2025,09:14:47,34864.71,0,0,0,0,0,0
SS6535.BSE_IDX,01/07/2025,09:14:55,34864.71,0,0,0,0,0,0
SS6535.BSE_IDX,01/07/2025,09:15:04,34870.73,0,0,0,0,0,0
SS6535.BSE_IDX,01/07/2025,09:15:11,34878.76,0,0,0,0,0,0
SS6535.BSE_IDX,01/07/2025,09:15:19,34862.79,0,0,0,0,0,0
SS6535.BSE_IDX,01/07/2025,09:15:27,34848.94,0,0,0,0,0,0
SS6535.BSE_IDX,01/07/2025,09:15:35,34846.1,0,0,0,0,0,0
SS6535.BSE_IDX,01/07/2025,09:15:43,34843.04,0,0,0,0,0,0
SS6535.BSE_IDX,01/07/2025,09:15:51,34836.87,0,0,0,0,0,0
SS6535.BSE_IDX,01/07/2025,09:15:59,34828.48,0,0,0,0,0,0
SS6535.BSE_IDX,01/07/2025,09:16:07,34826.13,0,0,0,0,0,0
SS6535.BSE_IDX,01/07/2025,09:16:15,34833.5,0,0,0,0,0,0
SS6535.BSE_IDX,01/07/2025,09:16:24,34833.78,0,0,0,0,0,0
SS6535.BSE_IDX,01/07/2025,09:16:31,34829.96,0,0,0,0,0,0
SS6535.BSE_IDX,01/07/2025,09:16:39,34829.15,0,0,0,0,0,0
SS6535.BSE_IDX,01/07/2025,09:16:48,34820.43,0,0,0,0,0,0
SS6535.BSE_IDX,01/07/2025,09:16:55,34820.23,0,0,0,0,0,0
SS6535.BSE_IDX,01/07/2025,09:17:03,34825.76,0,0,0,0,0,0
SS6535.BSE_IDX,01/07/2025,09:17:12,34816.87,0,0,0,0,0,0
SS6535.BSE_IDX,01/07/2025,09:17:19,34818.38,0,0,0,0,0,0
SS6535.BSE_IDX,01/07/2025,09:17:27,34819.78,0,0,0,0,0,0
SS6535.BSE_IDX,01/07/2025,09:17:35,34824.02,0,0,0,0,0,0
SS6535.BSE_IDX,01/07/2025,09:17:44,34831.94,0,0,0,0,0,0
SS6535.BSE_IDX,01/07/2025,09:17:51,34838.64,0,0,0,0,0,0
SS6535.BSE_IDX,01/07/2025,09:17:59,34835.58,0,0,0,0,0,0
SS6535.BSE_IDX,01/07/2025,09:18:07,34843.23,0,0,0,0,0,0
SS6535.BSE_IDX,01/07/2025,09:18:15,34843.32,0,0,0,0,0,0
SS6535.BSE_IDX,01/07/2025,09:18:23,34842.43,0,0,0,0,0,0
SS6535.BSE_IDX,01/07/2025,09:18:31,34840.51,0,0,0,0,0,0
SS6535.BSE_IDX,01/07/2025,09:18:39,34843.66,0,0,0,0,0,0
SS6535.BSE_IDX,01/07/2025,09:18:47,34845.76,0,0,0,0,0,0
SS6535.BSE_IDX,01/07/2025,09:18:56,34845.47,0,0,0,0,0,0
SS6535.BSE_IDX,01/07/2025,09:19:03,34841.4,0,0,0,0,0,0
SS6535.BSE_IDX,01/07/2025,09:19:11,34836.35,0,0,0,0,0,0
SS6535.BSE_IDX,01/07/2025,09:19:19,34835.25,0,0,0,0,0,0
SS6535.BSE_IDX,01/07/2025,09:19:28,34833.09,0,0,0,0,0,0
SS6535.BSE_IDX,01/07/2025,09:19:35,34838.05,0,0,0,0,0,0
SS6535.BSE_IDX,01/07/2025,09:19:43,34837.23,0,0,0,0,0,0
SS6535.BSE_IDX,01/07/2025,09:19:52,34840.22,0,0,0,0,0,0
SS6535.BSE_IDX,01/07/2025,09:19:59,34838.49,0,0,0,0,0,0
SS6535.BSE_IDX,01/07/2025,09:20:07,34844.13,0,0,0,0,0,0
SS6535.BSE_IDX,01/07/2025,09:20:15,34849.05,0,0,0,0,0,0
SS6535.BSE_IDX,01/07/2025,09:20:24,34846.75,0,0,0,0,0,0
SS6535.BSE_IDX,01/07/2025,09:20:31,34850.23,0,0,0,0,0,0
SS6535.BSE_IDX,01/07/2025,09:20:39,34851.34,0,0,0,0,0,0
SS6535.BSE_IDX,01/07/2025,09:20:47,34850.8,0,0,0,0,0,0
SS6535.BSE_IDX,01/07/2025,09:20:55,34848.16,0,0,0,0,0,0
SS6535.BSE_IDX,01/07/2025,09:21:03,34847.46,0,0,0,0,0,0
SS6535.BSE_IDX,01/07/2025,09:21:11,34851.49,0,0,0,0,0,0
SS6535.BSE_IDX,01/07/2025,09:21:19,34861.02,0,0,0,0,0,0
SS6535.BSE_IDX,01/07/2025,09:21:27,34862.03,0,0,0,0,0,0
SS6535.BSE_IDX,01/07/2025,09:21:36,34863.36,0,0,0,0,0,0
SS6535.BSE_IDX,01/07/2025,09:21:43,34870.25,0,0,0,0,0,0
SS6535.BSE_IDX,01/07/2025,09:21:51,34872.7,0,0,0,0,0,0
SS6535.BSE_IDX,01/07/2025,09:22:00,34873.73,0,0,0,0,0,0
SS6535.BSE_IDX,01/07/2025,09:22:07,34872.2,0,0,0,0,0,0
SS6535.BSE_IDX,01/07/2025,09:22:15,34871.35,0,0,0,0,0,0
SS6535.BSE_IDX,01/07/2025,09:22:23,34878.98,0,0,0,0,0,0
SS6535.BSE_IDX,01/07/2025,09:22:31,34883.84,0,0,0,0,0,0
SS6535.BSE_IDX,01/07/2025,09:22:39,34883.69,0,0,0,0,0,0
SS6535.BSE_IDX,01/07/2025,09:22:47,34887,0,0,0,0,0,0
SS6535.BSE_IDX,01/07/2025,09:22:55,34886.88,0,0,0,0,0,0
SS6535.BSE_IDX,01/07/2025,09:23:03,34886.54,0,0,0,0,0,0
SS6535.BSE_IDX,01/07/2025,09:23:11,34883.42,0,0,0,0,0,0
SS6535.BSE_IDX,01/07/2025,09:23:20,34880.83,0,0,0,0,0,0
SS6535.BSE_IDX,01/07/2025,09:23:27,34876.91,0,0,0,0,0,0
SS6535.BSE_IDX,01/07/2025,09:23:35,34874.85,0,0,0,0,0,0
SS6535.BSE_IDX,01/07/2025,09:23:44,34872.92,0,0,0,0,0,0
SS6535.BSE_IDX,01/07/2025,09:23:51,34866.62,0,0,0,0,0,0
SS6535.BSE_IDX,01/07/2025,09:23:59,34866.24,0,0,0,0,0,0
SS6535.BSE_IDX,01/07/2025,09:24:08,34871.99,0,0,0,0,0,0
SS6535.BSE_IDX,01/07/2025,09:24:16,34872.63,0,0,0,0,0,0
SS6535.BSE_IDX,01/07/2025,09:24:23,34871.45,0,0,0,0,0,0
SS6535.BSE_IDX,01/07/2025,09:24:32,34869.17,0,0,0,0,0,0
SS6535.BSE_IDX,01/07/2025,09:24:39,34868.52,0,0,0,0,0,0
SS6535.BSE_IDX,01/07/2025,09:24:48,34870.8,0,0,0,0,0,0
SS6535.BSE_IDX,01/07/2025,09:24:57,34869.79,0,0,0,0,0,0
SS6535.BSE_IDX,01/07/2025,09:25:03,34872.26,0,0,0,0,0,0
SS6535.BSE_IDX,01/07/2025,09:25:12,34876.54,0,0,0,0,0,0
SS6535.BSE_IDX,01/07/2025,09:25:20,34879.95,0,0,0,0,0,0
SS6535.BSE_IDX,01/07/2025,09:25:29,34880.62,0,0,0,0,0,0
SS6535.BSE_IDX,01/07/2025,09:25:35,34888.6,0,0,0,0,0,0
SS6535.BSE_IDX,01/07/2025,09:25:43,34889.92,0,0,0,0,0,0
SS6535.BSE_IDX,01/07/2025,09:25:51,34890.27,0,0,0,0,0,0
SS6535.BSE_IDX,01/07/2025,09:25:59,34889.72,0,0,0,0,0,0
SS6535.BSE_IDX,01/07/2025,09:26:08,34886.68,0,0,0,0,0,0
SS6535.BSE_IDX,01/07/2025,09:26:15,34883.71,0,0,0,0,0,0
SS6535.BSE_IDX,01/07/2025,09:26:24,34888.47,0,0,0,0,0,0
SS6535.BSE_IDX,01/07/2025,09:26:31,34890.95,0,0,0,0,0,0
SS6535.BSE_IDX,01/07/2025,09:26:40,34891.91,0,0,0,0,0,0
SS6535.BSE_IDX,01/07/2025,09:26:48,34892.97,0,0,0,0,0,0
SS6535.BSE_IDX,01/07/2025,09:26:55,34896.96,0,0,0,0,0,0
SS6535.BSE_IDX,01/07/2025,09:27:04,34901.58,0,0,0,0,0,0
SS6535.BSE_IDX,01/07/2025,09:27:12,34899.46,0,0,0,0,0,0
SS6535.BSE_IDX,01/07/2025,09:27:19,34900.29,0,0,0,0,0,0
SS6535.BSE_IDX,01/07/2025,09:27:28,34897.88,0,0,0,0,0,0
SS6535.BSE_IDX,01/07/2025,09:27:36,34895.86,0,0,0,0,0,0
SS6535.BSE_IDX,01/07/2025,09:27:44,34895.8,0,0,0,0,0,0
SS6535.BSE_IDX,01/07/2025,09:27:52,34895.27,0,0,0,0,0,0
SS6535.BSE_IDX,01/07/2025,09:28:00,34900.93,0,0,0,0,0,0
SS6535.BSE_IDX,01/07/2025,09:28:08,34896.89,0,0,0,0,0,0
SS6535.BSE_IDX,01/07/2025,09:28:16,34897.47,0,0,0,0,0,0
SS6535.BSE_IDX,01/07/2025,09:28:24,34893.84,0,0,0,0,0,0
SS6535.BSE_IDX,01/07/2025,09:28:32,34890.62,0,0,0,0,0,0
SS6535.BSE_IDX,01/07/2025,09:28:40,34884.1,0,0,0,0,0,0
SS6535.BSE_IDX,01/07/2025,09:28:48,34883.03,0,0,0,0,0,0
SS6535.BSE_IDX,01/07/2025,09:28:56,34881.26,0,0,0,0,0,0
SS6535.BSE_IDX,01/07/2025,09:29:04,34883.24,0,0,0,0,0,0
SS6535.BSE_IDX,01/07/2025,09:29:12,34882.64,0,0,0,0,0,0
SS6535.BSE_IDX,01/07/2025,09:29:20,34880.07,0,0,0,0,0,0
SS6535.BSE_IDX,01/07/2025,09:29:28,34879.7,0,0,0,0,0,0
SS6535.BSE_IDX,01/07/2025,09:29:36,34881.27,0,0,0,0,0,0
SS6535.BSE_IDX,01/07/2025,09:29:44,34885.38,0,0,0,0,0,0
SS6535.BSE_IDX,01/07/2025,09:29:52,34886.48,0,0,0,0,0,0
SS6535.BSE_IDX,01/07/2025,09:30:00,34889.65,0,0,0,0,0,0
SS6535.BSE_IDX,01/07/2025,09:30:08,34893.41,0,0,0,0,0,0
SS6535.BSE_IDX,01/07/2025,09:30:16,34903.2,0,0,0,0,0,0
SS6535.BSE_IDX,01/07/2025,09:30:24,34904.06,0,0,0,0,0,0
SS6535.BSE_IDX,01/07/2025,09:30:32,34906.75,0,0,0,0,0,0
SS6535.BSE_IDX,01/07/2025,09:30:40,34907.64,0,0,0,0,0,0
SS6535.BSE_IDX,01/07/2025,09:30:48,34908.6,0,0,0,0,0,0
SS6535.BSE_IDX,01/07/2025,09:30:56,34904.85,0,0,0,0,0,0
SS6535.BSE_IDX,01/07/2025,09:31:04,34906.22,0,0,0,0,0,0
SS6535.BSE_IDX,01/07/2025,09:31:12,34899.85,0,0,0,0,0,0
SS6535.BSE_IDX,01/07/2025,09:31:20,34897.35,0,0,0,0,0,0
SS6535.BSE_IDX,01/07/2025,09:31:28,34895.55,0,0,0,0,0,0
SS6535.BSE_IDX,01/07/2025,09:31:36,34894.59,0,0,0,0,0,0
SS6535.BSE_IDX,01/07/2025,09:31:44,34891.86,0,0,0,0,0,0
SS6535.BSE_IDX,01/07/2025,09:31:52,34894.1,0,0,0,0,0,0
SS6535.BSE_IDX,01/07/2025,09:32:00,34896.79,0,0,0,0,0,0
SS6535.BSE_IDX,01/07/2025,09:32:08,34892.57,0,0,0,0,0,0
SS6535.BSE_IDX,01/07/2025,09:32:16,34889.69,0,0,0,0,0,0
SS6535.BSE_IDX,01/07/2025,09:32:24,34888.5,0,0,0,0,0,0
SS6535.BSE_IDX,01/07/2025,09:32:32,34890.42,0,0,0,0,0,0
SS6535.BSE_IDX,01/07/2025,09:32:40,34888.79,0,0,0,0,0,0
SS6535.BSE_IDX,01/07/2025,09:32:48,34890.9,0,0,0,0,0,0
SS6535.BSE_IDX,01/07/2025,09:32:56,34896.77,0,0,0,0,0,0
SS6535.BSE_IDX,01/07/2025,09:33:04,34900.38,0,0,0,0,0,0
SS6535.BSE_IDX,01/07/2025,09:33:12,34901.92,0,0,0,0,0,0
SS6535.BSE_IDX,01/07/2025,09:33:20,34904.58,0,0,0,0,0,0
SS6535.BSE_IDX,01/07/2025,09:33:28,34903.31,0,0,0,0,0,0
SS6535.BSE_IDX,01/07/2025,09:33:36,34903.21,0,0,0,0,0,0
SS6535.BSE_IDX,01/07/2025,09:33:44,34902.37,0,0,0,0,0,0
SS6535.BSE_IDX,01/07/2025,09:33:52,34901.17,0,0,0,0,0,0
SS6535.BSE_IDX,01/07/2025,09:34:00,34901.78,0,0,0,0,0,0
SS6535.BSE_IDX,01/07/2025,09:34:08,34900.09,0,0,0,0,0,0
SS6535.BSE_IDX,01/07/2025,09:34:16,34899.93,0,0,0,0,0,0
SS6535.BSE_IDX,01/07/2025,09:34:24,34900.72,0,0,0,0,0,0
SS6535.BSE_IDX,01/07/2025,09:34:32,34900.28,0,0,0,0,0,0
SS6535.BSE_IDX,01/07/2025,09:34:40,34900.99,0,0,0,0,0,0
SS6535.BSE_IDX,01/07/2025,09:34:48,34901.84,0,0,0,0,0,0
SS6535.BSE_IDX,01/07/2025,09:34:56,34901.41,0,0,0,0,0,0
SS6535.BSE_IDX,01/07/2025,09:35:05,34899.53,0,0,0,0,0,0
SS6535.BSE_IDX,01/07/2025,09:35:12,34899.19,0,0,0,0,0,0
SS6535.BSE_IDX,01/07/2025,09:35:20,34894.63,0,0,0,0,0,0
SS6535.BSE_IDX,01/07/2025,09:35:28,34893.2,0,0,0,0,0,0
SS6535.BSE_IDX,01/07/2025,09:35:36,34894.82,0,0,0,0,0,0
SS6535.BSE_IDX,01/07/2025,09:35:44,34895.45,0,0,0,0,0,0
SS6535.BSE_IDX,01/07/2025,09:35:52,34893.35,0,0,0,0,0,0
SS6535.BSE_IDX,01/07/2025,09:36:00,34894.33,0,0,0,0,0,0
SS6535.BSE_IDX,01/07/2025,09:36:08,34893.95,0,0,0,0,0,0
SS6535.BSE_IDX,01/07/2025,09:36:16,34893.31,0,0,0,0,0,0
SS6535.BSE_IDX,01/07/2025,09:36:24,34893.2,0,0,0,0,0,0
SS6535.BSE_IDX,01/07/2025,09:36:33,34891.67,0,0,0,0,0,0
SS6535.BSE_IDX,01/07/2025,09:36:40,34886.14,0,0,0,0,0,0
SS6535.BSE_IDX,01/07/2025,09:36:48,34892.33,0,0,0,0,0,0
SS6535.BSE_IDX,01/07/2025,09:36:56,34891.96,0,0,0,0,0,0
SS6535.BSE_IDX,01/07/2025,09:37:04,34894.89,0,0,0,0,0,0
SS6535.BSE_IDX,01/07/2025,09:37:12,34896.45,0,0,0,0,0,0
SS6535.BSE_IDX,01/07/2025,09:37:20,34894.53,0,0,0,0,0,0
SS6535.BSE_IDX,01/07/2025,09:37:28,34896.92,0,0,0,0,0,0
SS6535.BSE_IDX,01/07/2025,09:37:36,34895.32,0,0,0,0,0,0
SS6535.BSE_IDX,01/07/2025,09:37:44,34897.43,0,0,0,0,0,0
SS6535.BSE_IDX,01/07/2025,09:37:52,34897.49,0,0,0,0,0,0
SS6535.BSE_IDX,01/07/2025,09:38:00,34898.62,0,0,0,0,0,0
SS6535.BSE_IDX,01/07/2025,09:38:08,34896.83,0,0,0,0,0,0
SS6535.BSE_IDX,01/07/2025,09:38:16,34894.26,0,0,0,0,0,0
SS6535.BSE_IDX,01/07/2025,09:38:24,34895.27,0,0,0,0,0,0
SS6535.BSE_IDX,01/07/2025,09:38:32,34893.18,0,0,0,0,0,0
SS6535.BSE_IDX,01/07/2025,09:38:40,34889.41,0,0,0,0,0,0
SS6535.BSE_IDX,01/07/2025,09:38:48,34890.32,0,0,0,0,0,0
SS6535.BSE_IDX,01/07/2025,09:38:56,34890.23,0,0,0,0,0,0
SS6535.BSE_IDX,01/07/2025,09:39:04,34884.52,0,0,0,0,0,0
SS6535.BSE_IDX,01/07/2025,09:39:12,34887.39,0,0,0,0,0,0
SS6535.BSE_IDX,01/07/2025,09:39:20,34887.82,0,0,0,0,0,0
SS6535.BSE_IDX,01/07/2025,09:39:28,34887.34,0,0,0,0,0,0
SS6535.BSE_IDX,01/07/2025,09:39:36,34889.49,0,0,0,0,0,0
SS6535.BSE_IDX,01/07/2025,09:39:44,34892.37,0,0,0,0,0,0
SS6535.BSE_IDX,01/07/2025,09:39:52,34893.66,0,0,0,0,0,0
SS6535.BSE_IDX,01/07/2025,09:40:00,34894.69,0,0,0,0,0,0
SS6535.BSE_IDX,01/07/2025,09:40:08,34896.81,0,0,0,0,0,0
SS6535.BSE_IDX,01/07/2025,09:40:16,34897.24,0,0,0,0,0,0
SS6535.BSE_IDX,01/07/2025,09:40:24,34899.39,0,0,0,0,0,0
SS6535.BSE_IDX,01/07/2025,09:40:32,34893.93,0,0,0,0,0,0
SS6535.BSE_IDX,01/07/2025,09:40:40,34893.66,0,0,0,0,0,0
SS6535.BSE_IDX,01/07/2025,09:40:48,34891.77,0,0,0,0,0,0
SS6535.BSE_IDX,01/07/2025,09:40:56,34893.53,0,0,0,0,0,0
SS6535.BSE_IDX,01/07/2025,09:41:04,34891.32,0,0,0,0,0,0
SS6535.BSE_IDX,01/07/2025,09:41:12,34892.98,0,0,0,0,0,0
SS6535.BSE_IDX,01/07/2025,09:41:20,34895.98,0,0,0,0,0,0
SS6535.BSE_IDX,01/07/2025,09:41:28,34897.29,0,0,0,0,0,0
SS6535.BSE_IDX,01/07/2025,09:41:36,34899.27,0,0,0,0,0,0
SS6535.BSE_IDX,01/07/2025,09:41:44,34896.44,0,0,0,0,0,0
SS6535.BSE_IDX,01/07/2025,09:41:52,34896.13,0,0,0,0,0,0
SS6535.BSE_IDX,01/07/2025,09:42:00,34898.19,0,0,0,0,0,0
SS6535.BSE_IDX,01/07/2025,09:42:08,34900.78,0,0,0,0,0,0
SS6535.BSE_IDX,01/07/2025,09:42:16,34900.57,0,0,0,0,0,0
SS6535.BSE_IDX,01/07/2025,09:42:24,34897.7,0,0,0,0,0,0
SS6535.BSE_IDX,01/07/2025,09:42:32,34897.67,0,0,0,0,0,0
SS6535.BSE_IDX,01/07/2025,09:42:40,34898.05,0,0,0,0,0,0
SS6535.BSE_IDX,01/07/2025,09:42:48,34900.48,0,0,0,0,0,0
SS6535.BSE_IDX,01/07/2025,09:42:56,34905.25,0,0,0,0,0,0
SS6535.BSE_IDX,01/07/2025,09:43:04,34902.34,0,0,0,0,0,0
SS6535.BSE_IDX,01/07/2025,09:43:12,34900.47,0,0,0,0,0,0
SS6535.BSE_IDX,01/07/2025,09:43:20,34898,0,0,0,0,0,0
SS6535.BSE_IDX,01/07/2025,09:43:28,34899.71,0,0,0,0,0,0
SS6535.BSE_IDX,01/07/2025,09:43:36,34898.37,0,0,0,0,0,0
SS6535.BSE_IDX,01/07/2025,09:43:44,34897.23,0,0,0,0,0,0
SS6535.BSE_IDX,01/07/2025,09:43:53,34895.78,0,0,0,0,0,0
SS6535.BSE_IDX,01/07/2025,09:44:00,34895.9,0,0,0,0,0,0
SS6535.BSE_IDX,01/07/2025,09:44:08,34895.12,0,0,0,0,0,0
SS6535.BSE_IDX,01/07/2025,09:44:16,34894.15,0,0,0,0,0,0
SS6535.BSE_IDX,01/07/2025,09:44:24,34897.66,0,0,0,0,0,0
SS6535.BSE_IDX,01/07/2025,09:44:32,34897.21,0,0,0,0,0,0
SS6535.BSE_IDX,01/07/2025,09:44:40,34897.1,0,0,0,0,0,0
SS6535.BSE_IDX,01/07/2025,09:44:48,34896.74,0,0,0,0,0,0
SS6535.BSE_IDX,01/07/2025,09:44:56,34894.47,0,0,0,0,0,0
SS6535.BSE_IDX,01/07/2025,09:45:05,34891.2,0,0,0,0,0,0
SS6535.BSE_IDX,01/07/2025,09:45:12,34887.19,0,0,0,0,0,0
SS6535.BSE_IDX,01/07/2025,09:45:20,34885.23,0,0,0,0,0,0
SS6535.BSE_IDX,01/07/2025,09:45:28,34888.08,0,0,0,0,0,0
SS6535.BSE_IDX,01/07/2025,09:45:36,34885.06,0,0,0,0,0,0
SS6535.BSE_IDX,01/07/2025,09:45:44,34879.89,0,0,0,0,0,0
SS6535.BSE_IDX,01/07/2025,09:45:52,34881.75,0,0,0,0,0,0
SS6535.BSE_IDX,01/07/2025,09:46:01,34882.23,0,0,0,0,0,0
SS6535.BSE_IDX,01/07/2025,09:46:08,34876.16,0,0,0,0,0,0
SS6535.BSE_IDX,01/07/2025,09:46:16,34875.92,0,0,0,0,0,0
SS6535.BSE_IDX,01/07/2025,09:46:24,34877.14,0,0,0,0,0,0
SS6535.BSE_IDX,01/07/2025,09:46:32,34878.93,0,0,0,0,0,0
SS6535.BSE_IDX,01/07/2025,09:46:40,34880.55,0,0,0,0,0,0
SS6535.BSE_IDX,01/07/2025,09:46:48,34880.02,0,0,0,0,0,0
SS6535.BSE_IDX,01/07/2025,09:46:56,34880.74,0,0,0,0,0,0
SS6535.BSE_IDX,01/07/2025,09:47:04,34879.16,0,0,0,0,0,0
SS6535.BSE_IDX,01/07/2025,09:47:12,34880.44,0,0,0,0,0,0
SS6535.BSE_IDX,01/07/2025,09:47:20,34878.14,0,0,0,0,0,0
SS6535.BSE_IDX,01/07/2025,09:47:28,34875.8,0,0,0,0,0,0
SS6535.BSE_IDX,01/07/2025,09:47:36,34874.74,0,0,0,0,0,0
SS6535.BSE_IDX,01/07/2025,09:47:44,34875.74,0,0,0,0,0,0
SS6535.BSE_IDX,01/07/2025,09:47:52,34881.45,0,0,0,0,0,0
SS6535.BSE_IDX,01/07/2025,09:48:00,34884.16,0,0,0,0,0,0
SS6535.BSE_IDX,01/07/2025,09:48:08,34884.8,0,0,0,0,0,0
SS6535.BSE_IDX,01/07/2025,09:48:16,34889.49,0,0,0,0,0,0
SS6535.BSE_IDX,01/07/2025,09:48:24,34893.11,0,0,0,0,0,0
SS6535.BSE_IDX,01/07/2025,09:48:32,34897.15,0,0,0,0,0,0
SS6535.BSE_IDX,01/07/2025,09:48:40,34893.21,0,0,0,0,0,0
SS6535.BSE_IDX,01/07/2025,09:48:48,34891.43,0,0,0,0,0,0
SS6535.BSE_IDX,01/07/2025,09:48:56,34892.31,0,0,0,0,0,0
SS6535.BSE_IDX,01/07/2025,09:49:04,34895.94,0,0,0,0,0,0
SS6535.BSE_IDX,01/07/2025,09:49:12,34897.16,0,0,0,0,0,0
SS6535.BSE_IDX,01/07/2025,09:49:20,34897.45,0,0,0,0,0,0
SS6535.BSE_IDX,01/07/2025,09:49:28,34899.45,0,0,0,0,0,0
SS6535.BSE_IDX,01/07/2025,09:49:36,34900.29,0,0,0,0,0,0
SS6535.BSE_IDX,01/07/2025,09:49:44,34901.47,0,0,0,0,0,0
SS6535.BSE_IDX,01/07/2025,09:49:52,34902.91,0,0,0,0,0,0
SS6535.BSE_IDX,01/07/2025,09:50:00,34902.12,0,0,0,0,0,0
SS6535.BSE_IDX,01/07/2025,09:50:08,34904.77,0,0,0,0,0,0
SS6535.BSE_IDX,01/07/2025,09:50:16,34904.17,0,0,0,0,0,0
SS6535.BSE_IDX,01/07/2025,09:50:24,34903.78,0,0,0,0,0,0
SS6535.BSE_IDX,01/07/2025,09:50:32,34898.5,0,0,0,0,0,0
SS6535.BSE_IDX,01/07/2025,09:50:40,34892.68,0,0,0,0,0,0
SS6535.BSE_IDX,01/07/2025,09:50:48,34893.54,0,0,0,0,0,0
SS6535.BSE_IDX,01/07/2025,09:50:57,34892.38,0,0,0,0,0,0
SS6535.BSE_IDX,01/07/2025,09:51:04,34891.31,0,0,0,0,0,0
SS6535.BSE_IDX,01/07/2025,09:51:12,34894.43,0,0,0,0,0,0
SS6535.BSE_IDX,01/07/2025,09:51:20,34893.54,0,0,0,0,0,0
SS6535.BSE_IDX,01/07/2025,09:51:28,34889.02,0,0,0,0,0,0
SS6535.BSE_IDX,01/07/2025,09:51:37,34883.58,0,0,0,0,0,0
SS6535.BSE_IDX,01/07/2025,09:51:44,34887.51,0,0,0,0,0,0
SS6535.BSE_IDX,01/07/2025,09:51:52,34883.32,0,0,0,0,0,0
SS6535.BSE_IDX,01/07/2025,09:52:01,34880.3,0,0,0,0,0,0
SS6535.BSE_IDX,01/07/2025,09:52:08,34875.41,0,0,0,0,0,0
SS6535.BSE_IDX,01/07/2025,09:52:17,34869.59,0,0,0,0,0,0
SS6535.BSE_IDX,01/07/2025,09:52:24,34868.2,0,0,0,0,0,0
SS6535.BSE_IDX,01/07/2025,09:52:32,34873.34,0,0,0,0,0,0
SS6535.BSE_IDX,01/07/2025,09:52:40,34873.01,0,0,0,0,0,0
SS6535.BSE_IDX,01/07/2025,09:52:48,34875.37,0,0,0,0,0,0
SS6535.BSE_IDX,01/07/2025,09:52:57,34874.93,0,0,0,0,0,0
SS6535.BSE_IDX,01/07/2025,09:53:04,34874.74,0,0,0,0,0,0
SS6535.BSE_IDX,01/07/2025,09:53:13,34875.99,0,0,0,0,0,0
SS6535.BSE_IDX,01/07/2025,09:53:20,34878.15,0,0,0,0,0,0
SS6535.BSE_IDX,01/07/2025,09:53:28,34877.73,0,0,0,0,0,0
SS6535.BSE_IDX,01/07/2025,09:53:36,34877.32,0,0,0,0,0,0
SS6535.BSE_IDX,01/07/2025,09:53:44,34874.43,0,0,0,0,0,0
SS6535.BSE_IDX,01/07/2025,09:53:52,34872.71,0,0,0,0,0,0
SS6535.BSE_IDX,01/07/2025,09:54:00,34867.32,0,0,0,0,0,0
SS6535.BSE_IDX,01/07/2025,09:54:08,34862.77,0,0,0,0,0,0
SS6535.BSE_IDX,01/07/2025,09:54:16,34862.73,0,0,0,0,0,0
SS6535.BSE_IDX,01/07/2025,09:54:24,34859.29,0,0,0,0,0,0
SS6535.BSE_IDX,01/07/2025,09:54:32,34858.83,0,0,0,0,0,0
SS6535.BSE_IDX,01/07/2025,09:54:40,34857.14,0,0,0,0,0,0
SS6535.BSE_IDX,01/07/2025,09:54:48,34857.37,0,0,0,0,0,0
SS6535.BSE_IDX,01/07/2025,09:54:56,34856.71,0,0,0,0,0,0
SS6535.BSE_IDX,01/07/2025,09:55:04,34856.1,0,0,0,0,0,0
SS6535.BSE_IDX,01/07/2025,09:55:12,34856.94,0,0,0,0,0,0
SS6535.BSE_IDX,01/07/2025,09:55:20,34855.99,0,0,0,0,0,0
SS6535.BSE_IDX,01/07/2025,09:55:28,34855.35,0,0,0,0,0,0
SS6535.BSE_IDX,01/07/2025,09:55:36,34855.57,0,0,0,0,0,0
SS6535.BSE_IDX,01/07/2025,09:55:44,34851.8,0,0,0,0,0,0
SS6535.BSE_IDX,01/07/2025,09:55:52,34850.24,0,0,0,0,0,0
SS6535.BSE_IDX,01/07/2025,09:56:00,34850.81,0,0,0,0,0,0
SS6535.BSE_IDX,01/07/2025,09:56:08,34850.04,0,0,0,0,0,0
SS6535.BSE_IDX,01/07/2025,09:56:16,34851.3,0,0,0,0,0,0
SS6535.BSE_IDX,01/07/2025,09:56:25,34851.97,0,0,0,0,0,0
SS6535.BSE_IDX,01/07/2025,09:56:33,34849.6,0,0,0,0,0,0
SS6535.BSE_IDX,01/07/2025,09:56:41,34848.8,0,0,0,0,0,0
SS6535.BSE_IDX,01/07/2025,09:56:48,34850.91,0,0,0,0,0,0
SS6535.BSE_IDX,01/07/2025,09:56:57,34848.64,0,0,0,0,0,0
SS6535.BSE_IDX,01/07/2025,09:57:04,34849.34,0,0,0,0,0,0
SS6535.BSE_IDX,01/07/2025,09:57:12,34851.04,0,0,0,0,0,0
SS6535.BSE_IDX,01/07/2025,09:57:20,34853.91,0,0,0,0,0,0
SS6535.BSE_IDX,01/07/2025,09:57:28,34853.91,0,0,0,0,0,0
SS6535.BSE_IDX,01/07/2025,09:57:36,34851.86,0,0,0,0,0,0
SS6535.BSE_IDX,01/07/2025,09:57:44,34856.5,0,0,0,0,0,0
SS6535.BSE_IDX,01/07/2025,09:57:52,34855.35,0,0,0,0,0,0
SS6535.BSE_IDX,01/07/2025,09:58:00,34854.53,0,0,0,0,0,0
SS6535.BSE_IDX,01/07/2025,09:58:08,34855.84,0,0,0,0,0,0
SS6535.BSE_IDX,01/07/2025,09:58:16,34858.53,0,0,0,0,0,0
SS6535.BSE_IDX,01/07/2025,09:58:24,34855.39,0,0,0,0,0,0
SS6535.BSE_IDX,01/07/2025,09:58:32,34857.73,0,0,0,0,0,0
SS6535.BSE_IDX,01/07/2025,09:58:40,34861.1,0,0,0,0,0,0
SS6535.BSE_IDX,01/07/2025,09:58:48,34863.33,0,0,0,0,0,0
SS6535.BSE_IDX,01/07/2025,09:58:56,34866.08,0,0,0,0,0,0
SS6535.BSE_IDX,01/07/2025,09:59:05,34869.49,0,0,0,0,0,0
SS6535.BSE_IDX,01/07/2025,09:59:12,34868.06,0,0,0,0,0,0
SS6535.BSE_IDX,01/07/2025,09:59:20,34869.61,0,0,0,0,0,0
SS6535.BSE_IDX,01/07/2025,09:59:28,34870.68,0,0,0,0,0,0
SS6535.BSE_IDX,01/07/2025,09:59:36,34869.97,0,0,0,0,0,0
SS6535.BSE_IDX,01/07/2025,09:59:45,34870.75,0,0,0,0,0,0
SS6535.BSE_IDX,01/07/2025,09:59:52,34870.61,0,0,0,0,0,0
SS6535.BSE_IDX,01/07/2025,10:00:01,34869.82,0,0,0,0,0,0
SS6535.BSE_IDX,01/07/2025,10:00:08,34875.33,0,0,0,0,0,0
SS6535.BSE_IDX,01/07/2025,10:00:16,34876.46,0,0,0,0,0,0
SS6535.BSE_IDX,01/07/2025,10:00:25,34873.76,0,0,0,0,0,0
SS6535.BSE_IDX,01/07/2025,10:00:32,34872.86,0,0,0,0,0,0
SS6535.BSE_IDX,01/07/2025,10:00:40,34872.3,0,0,0,0,0,0
SS6535.BSE_IDX,01/07/2025,10:00:49,34871.64,0,0,0,0,0,0
SS6535.BSE_IDX,01/07/2025,10:00:57,34871.38,0,0,0,0,0,0
SS6535.BSE_IDX,01/07/2025,10:01:04,34867.48,0,0,0,0,0,0
SS6535.BSE_IDX,01/07/2025,10:01:12,34862.47,0,0,0,0,0,0
SS6535.BSE_IDX,01/07/2025,10:01:21,34862.01,0,0,0,0,0,0
SS6535.BSE_IDX,01/07/2025,10:01:29,34859.62,0,0,0,0,0,0
SS6535.BSE_IDX,01/07/2025,10:01:37,34858.59,0,0,0,0,0,0
SS6535.BSE_IDX,01/07/2025,10:01:44,34858.73,0,0,0,0,0,0
SS6535.BSE_IDX,01/07/2025,10:01:52,34855.59,0,0,0,0,0,0
SS6535.BSE_IDX,01/07/2025,10:02:00,34854.24,0,0,0,0,0,0
SS6535.BSE_IDX,01/07/2025,10:02:09,34852.98,0,0,0,0,0,0
SS6535.BSE_IDX,01/07/2025,10:02:17,34851.51,0,0,0,0,0,0
SS6535.BSE_IDX,01/07/2025,10:02:24,34852.33,0,0,0,0,0,0
SS6535.BSE_IDX,01/07/2025,10:02:32,34848.22,0,0,0,0,0,0
SS6535.BSE_IDX,01/07/2025,10:02:41,34848.96,0,0,0,0,0,0
SS6535.BSE_IDX,01/07/2025,10:02:49,34849.18,0,0,0,0,0,0
SS6535.BSE_IDX,01/07/2025,10:02:57,34846.81,0,0,0,0,0,0
SS6535.BSE_IDX,01/07/2025,10:03:04,34845.11,0,0,0,0,0,0
SS6535.BSE_IDX,01/07/2025,10:03:13,34842.77,0,0,0,0,0,0
SS6535.BSE_IDX,01/07/2025,10:03:20,34837.22,0,0,0,0,0,0
SS6535.BSE_IDX,01/07/2025,10:03:29,34837.18,0,0,0,0,0,0
SS6535.BSE_IDX,01/07/2025,10:03:37,34840.2,0,0,0,0,0,0
SS6535.BSE_IDX,01/07/2025,10:03:45,34840.73,0,0,0,0,0,0
SS6535.BSE_IDX,01/07/2025,10:03:53,34843.1,0,0,0,0,0,0
SS6535.BSE_IDX,01/07/2025,10:04:01,34845.11,0,0,0,0,0,0
SS6535.BSE_IDX,01/07/2025,10:04:09,34844.45,0,0,0,0,0,0
SS6535.BSE_IDX,01/07/2025,10:04:17,34843.89,0,0,0,0,0,0
SS6535.BSE_IDX,01/07/2025,10:04:25,34843.34,0,0,0,0,0,0
SS6535.BSE_IDX,01/07/2025,10:04:33,34851.65,0,0,0,0,0,0
SS6535.BSE_IDX,01/07/2025,10:04:41,34854.85,0,0,0,0,0,0
SS6535.BSE_IDX,01/07/2025,10:04:50,34854.87,0,0,0,0,0,0
SS6535.BSE_IDX,01/07/2025,10:04:57,34854.8,0,0,0,0,0,0
SS6535.BSE_IDX,01/07/2025,10:05:05,34846.21,0,0,0,0,0,0
SS6535.BSE_IDX,01/07/2025,10:05:14,34844.36,0,0,0,0,0,0
SS6535.BSE_IDX,01/07/2025,10:05:21,34841.92,0,0,0,0,0,0
SS6535.BSE_IDX,01/07/2025,10:05:29,34833.1,0,0,0,0,0,0
SS6535.BSE_IDX,01/07/2025,10:05:37,34830.76,0,0,0,0,0,0
SS6535.BSE_IDX,01/07/2025,10:05:45,34838.99,0,0,0,0,0,0
SS6535.BSE_IDX,01/07/2025,10:05:53,34842.44,0,0,0,0,0,0
SS6535.BSE_IDX,01/07/2025,10:06:01,34843.44,0,0,0,0,0,0
SS6535.BSE_IDX,01/07/2025,10:06:09,34844.81,0,0,0,0,0,0
SS6535.BSE_IDX,01/07/2025,10:06:17,34847.35,0,0,0,0,0,0
SS6535.BSE_IDX,01/07/2025,10:06:25,34849.26,0,0,0,0,0,0
SS6535.BSE_IDX,01/07/2025,10:06:33,34850.65,0,0,0,0,0,0
SS6535.BSE_IDX,01/07/2025,10:06:41,34850.73,0,0,0,0,0,0
SS6535.BSE_IDX,01/07/2025,10:06:49,34848.53,0,0,0,0,0,0
SS6535.BSE_IDX,01/07/2025,10:06:57,34847.6,0,0,0,0,0,0
SS6535.BSE_IDX,01/07/2025,10:07:05,34850.16,0,0,0,0,0,0
SS6535.BSE_IDX,01/07/2025,10:07:13,34850.78,0,0,0,0,0,0
SS6535.BSE_IDX,01/07/2025,10:07:21,34851.39,0,0,0,0,0,0
SS6535.BSE_IDX,01/07/2025,10:07:29,34853.54,0,0,0,0,0,0
SS6535.BSE_IDX,01/07/2025,10:07:37,34855.89,0,0,0,0,0,0
SS6535.BSE_IDX,01/07/2025,10:07:45,34856.88,0,0,0,0,0,0
SS6535.BSE_IDX,01/07/2025,10:07:53,34856.19,0,0,0,0,0,0
SS6535.BSE_IDX,01/07/2025,10:08:01,34856.97,0,0,0,0,0,0
SS6535.BSE_IDX,01/07/2025,10:08:09,34857.5,0,0,0,0,0,0
SS6535.BSE_IDX,01/07/2025,10:08:17,34860.06,0,0,0,0,0,0
SS6535.BSE_IDX,01/07/2025,10:08:25,34861.23,0,0,0,0,0,0
SS6535.BSE_IDX,01/07/2025,10:08:33,34859.97,0,0,0,0,0,0
SS6535.BSE_IDX,01/07/2025,10:08:41,34857.33,0,0,0,0,0,0
SS6535.BSE_IDX,01/07/2025,10:08:49,34857.35,0,0,0,0,0,0
SS6535.BSE_IDX,01/07/2025,10:08:57,34853.47,0,0,0,0,0,0
SS6535.BSE_IDX,01/07/2025,10:09:05,34844.65,0,0,0,0,0,0
SS6535.BSE_IDX,01/07/2025,10:09:13,34843.25,0,0,0,0,0,0
SS6535.BSE_IDX,01/07/2025,10:09:21,34839.96,0,0,0,0,0,0
SS6535.BSE_IDX,01/07/2025,10:09:29,34839.78,0,0,0,0,0,0
SS6535.BSE_IDX,01/07/2025,10:09:37,34843.57,0,0,0,0,0,0
SS6535.BSE_IDX,01/07/2025,10:09:45,34843.25,0,0,0,0,0,0
SS6535.BSE_IDX,01/07/2025,10:09:53,34844.43,0,0,0,0,0,0
SS6535.BSE_IDX,01/07/2025,10:10:01,34847.05,0,0,0,0,0,0
SS6535.BSE_IDX,01/07/2025,10:10:09,34845.4,0,0,0,0,0,0
SS6535.BSE_IDX,01/07/2025,10:10:17,34844.93,0,0,0,0,0,0
SS6535.BSE_IDX,01/07/2025,10:10:25,34845.2,0,0,0,0,0,0
SS6535.BSE_IDX,01/07/2025,10:10:33,34845.3,0,0,0,0,0,0
SS6535.BSE_IDX,01/07/2025,10:10:41,34844.9,0,0,0,0,0,0
SS6535.BSE_IDX,01/07/2025,10:10:49,34845.71,0,0,0,0,0,0
SS6535.BSE_IDX,01/07/2025,10:10:57,34844.04,0,0,0,0,0,0
SS6535.BSE_IDX,01/07/2025,10:11:05,34842.53,0,0,0,0,0,0
SS6535.BSE_IDX,01/07/2025,10:11:13,34840.62,0,0,0,0,0,0
SS6535.BSE_IDX,01/07/2025,10:11:22,34841.02,0,0,0,0,0,0
SS6535.BSE_IDX,01/07/2025,10:11:29,34837.35,0,0,0,0,0,0
SS6535.BSE_IDX,01/07/2025,10:11:37,34836.93,0,0,0,0,0,0
SS6535.BSE_IDX,01/07/2025,10:11:45,34836.48,0,0,0,0,0,0
SS6535.BSE_IDX,01/07/2025,10:11:53,34838.43,0,0,0,0,0,0
SS6535.BSE_IDX,01/07/2025,10:12:01,34843.42,0,0,0,0,0,0
SS6535.BSE_IDX,01/07/2025,10:12:09,34843.31,0,0,0,0,0,0
SS6535.BSE_IDX,01/07/2025,10:12:17,34836.75,0,0,0,0,0,0
SS6535.BSE_IDX,01/07/2025,10:12:25,34834.36,0,0,0,0,0,0
SS6535.BSE_IDX,01/07/2025,10:12:33,34834.08,0,0,0,0,0,0
SS6535.BSE_IDX,01/07/2025,10:12:41,34832.49,0,0,0,0,0,0
SS6535.BSE_IDX,01/07/2025,10:12:49,34827.94,0,0,0,0,0,0
SS6535.BSE_IDX,01/07/2025,10:12:57,34818.73,0,0,0,0,0,0
SS6535.BSE_IDX,01/07/2025,10:13:05,34816.71,0,0,0,0,0,0
SS6535.BSE_IDX,01/07/2025,10:13:13,34816.83,0,0,0,0,0,0
SS6535.BSE_IDX,01/07/2025,10:13:21,34823.32,0,0,0,0,0,0
SS6535.BSE_IDX,01/07/2025,10:13:29,34822.81,0,0,0,0,0,0
SS6535.BSE_IDX,01/07/2025,10:13:37,34822.07,0,0,0,0,0,0
SS6535.BSE_IDX,01/07/2025,10:13:45,34820.51,0,0,0,0,0,0
SS6535.BSE_IDX,01/07/2025,10:13:53,34819.47,0,0,0,0,0,0
SS6535.BSE_IDX,01/07/2025,10:14:01,34814.1,0,0,0,0,0,0
SS6535.BSE_IDX,01/07/2025,10:14:09,34814.1,0,0,0,0,0,0
SS6535.BSE_IDX,01/07/2025,10:14:17,34815.55,0,0,0,0,0,0
SS6535.BSE_IDX,01/07/2025,10:14:25,34813.72,0,0,0,0,0,0
SS6535.BSE_IDX,01/07/2025,10:14:33,34815.61,0,0,0,0,0,0
SS6535.BSE_IDX,01/07/2025,10:14:41,34810.87,0,0,0,0,0,0
SS6535.BSE_IDX,01/07/2025,10:14:49,34810.61,0,0,0,0,0,0
SS6535.BSE_IDX,01/07/2025,10:14:57,34811.9,0,0,0,0,0,0
SS6535.BSE_IDX,01/07/2025,10:15:05,34809.14,0,0,0,0,0,0
SS6535.BSE_IDX,01/07/2025,10:15:13,34807.16,0,0,0,0,0,0
SS6535.BSE_IDX,01/07/2025,10:15:21,34808.04,0,0,0,0,0,0
SS6535.BSE_IDX,01/07/2025,10:15:29,34804.75,0,0,0,0,0,0
SS6535.BSE_IDX,01/07/2025,10:15:37,34807.51,0,0,0,0,0,0
SS6535.BSE_IDX,01/07/2025,10:15:45,34811.15,0,0,0,0,0,0
SS6535.BSE_IDX,01/07/2025,10:15:53,34812.3,0,0,0,0,0,0
SS6535.BSE_IDX,01/07/2025,10:16:01,34809.66,0,0,0,0,0,0
SS6535.BSE_IDX,01/07/2025,10:16:09,34813.76,0,0,0,0,0,0
SS6535.BSE_IDX,01/07/2025,10:16:17,34812.73,0,0,0,0,0,0
SS6535.BSE_IDX,01/07/2025,10:16:25,34814.57,0,0,0,0,0,0
SS6535.BSE_IDX,01/07/2025,10:16:33,34813.16,0,0,0,0,0,0
SS6535.BSE_IDX,01/07/2025,10:16:41,34811.26,0,0,0,0,0,0
SS6535.BSE_IDX,01/07/2025,10:16:49,34811.79,0,0,0,0,0,0
SS6535.BSE_IDX,01/07/2025,10:16:57,34811.75,0,0,0,0,0,0
SS6535.BSE_IDX,01/07/2025,10:17:05,34811.82,0,0,0,0,0,0
SS6535.BSE_IDX,01/07/2025,10:17:13,34810.22,0,0,0,0,0,0
SS6535.BSE_IDX,01/07/2025,10:17:21,34814.63,0,0,0,0,0,0
SS6535.BSE_IDX,01/07/2025,10:17:29,34813.68,0,0,0,0,0,0
SS6535.BSE_IDX,01/07/2025,10:17:37,34817.21,0,0,0,0,0,0
SS6535.BSE_IDX,01/07/2025,10:17:45,34819.4,0,0,0,0,0,0
SS6535.BSE_IDX,01/07/2025,10:17:53,34821.06,0,0,0,0,0,0
SS6535.BSE_IDX,01/07/2025,10:18:01,34820.33,0,0,0,0,0,0
SS6535.BSE_IDX,01/07/2025,10:18:09,34822.19,0,0,0,0,0,0
SS6535.BSE_IDX,01/07/2025,10:18:17,34824.99,0,0,0,0,0,0
SS6535.BSE_IDX,01/07/2025,10:18:25,34825.15,0,0,0,0,0,0
SS6535.BSE_IDX,01/07/2025,10:18:33,34824.31,0,0,0,0,0,0
SS6535.BSE_IDX,01/07/2025,10:18:41,34822.63,0,0,0,0,0,0
SS6535.BSE_IDX,01/07/2025,10:18:49,34819.63,0,0,0,0,0,0
SS6535.BSE_IDX,01/07/2025,10:18:57,34817.42,0,0,0,0,0,0
SS6535.BSE_IDX,01/07/2025,10:19:05,34814.4,0,0,0,0,0,0
SS6535.BSE_IDX,01/07/2025,10:19:13,34813.91,0,0,0,0,0,0
SS6535.BSE_IDX,01/07/2025,10:19:21,34815.47,0,0,0,0,0,0
SS6535.BSE_IDX,01/07/2025,10:19:29,34817.12,0,0,0,0,0,0
SS6535.BSE_IDX,01/07/2025,10:19:37,34812.52,0,0,0,0,0,0
SS6535.BSE_IDX,01/07/2025,10:19:45,34814.68,0,0,0,0,0,0
SS6535.BSE_IDX,01/07/2025,10:19:53,34811.4,0,0,0,0,0,0
SS6535.BSE_IDX,01/07/2025,10:20:01,34812.41,0,0,0,0,0,0
SS6535.BSE_IDX,01/07/2025,10:20:09,34814.33,0,0,0,0,0,0
SS6535.BSE_IDX,01/07/2025,10:20:17,34814.55,0,0,0,0,0,0
SS6535.BSE_IDX,01/07/2025,10:20:25,34814.19,0,0,0,0,0,0
SS6535.BSE_IDX,01/07/2025,10:20:33,34813.68,0,0,0,0,0,0
SS6535.BSE_IDX,01/07/2025,10:20:41,34814.96,0,0,0,0,0,0
SS6535.BSE_IDX,01/07/2025,10:20:49,34811.17,0,0,0,0,0,0
SS6535.BSE_IDX,01/07/2025,10:20:57,34810.3,0,0,0,0,0,0
SS6535.BSE_IDX,01/07/2025,10:21:05,34809.73,0,0,0,0,0,0
SS6535.BSE_IDX,01/07/2025,10:21:13,34806.71,0,0,0,0,0,0
SS6535.BSE_IDX,01/07/2025,10:21:21,34807.44,0,0,0,0,0,0
SS6535.BSE_IDX,01/07/2025,10:21:29,34805.42,0,0,0,0,0,0
SS6535.BSE_IDX,01/07/2025,10:21:37,34805.33,0,0,0,0,0,0
SS6535.BSE_IDX,01/07/2025,10:21:45,34801.25,0,0,0,0,0,0
SS6535.BSE_IDX,01/07/2025,10:21:53,34803.68,0,0,0,0,0,0
SS6535.BSE_IDX,01/07/2025,10:22:01,34803.74,0,0,0,0,0,0
SS6535.BSE_IDX,01/07/2025,10:22:09,34804.12,0,0,0,0,0,0
SS6535.BSE_IDX,01/07/2025,10:22:17,34801.93,0,0,0,0,0,0
SS6535.BSE_IDX,01/07/2025,10:22:25,34802.02,0,0,0,0,0,0
SS6535.BSE_IDX,01/07/2025,10:22:33,34799.79,0,0,0,0,0,0
SS6535.BSE_IDX,01/07/2025,10:22:41,34801.31,0,0,0,0,0,0
SS6535.BSE_IDX,01/07/2025,10:22:49,34799.81,0,0,0,0,0,0
SS6535.BSE_IDX,01/07/2025,10:22:57,34802.35,0,0,0,0,0,0
SS6535.BSE_IDX,01/07/2025,10:23:05,34801.27,0,0,0,0,0,0
SS6535.BSE_IDX,01/07/2025,10:23:13,34802.78,0,0,0,0,0,0
SS6535.BSE_IDX,01/07/2025,10:23:21,34801.67,0,0,0,0,0,0
SS6535.BSE_IDX,01/07/2025,10:23:29,34804.21,0,0,0,0,0,0
SS6535.BSE_IDX,01/07/2025,10:23:37,34805.37,0,0,0,0,0,0
SS6535.BSE_IDX,01/07/2025,10:23:45,34805.98,0,0,0,0,0,0
SS6535.BSE_IDX,01/07/2025,10:23:53,34804.89,0,0,0,0,0,0
SS6535.BSE_IDX,01/07/2025,10:24:01,34805.85,0,0,0,0,0,0
SS6535.BSE_IDX,01/07/2025,10:24:09,34804.31,0,0,0,0,0,0
SS6535.BSE_IDX,01/07/2025,10:24:17,34801.51,0,0,0,0,0,0
SS6535.BSE_IDX,01/07/2025,10:24:25,34801.61,0,0,0,0,0,0
SS6535.BSE_IDX,01/07/2025,10:24:33,34799.27,0,0,0,0,0,0
SS6535.BSE_IDX,01/07/2025,10:24:41,34798.97,0,0,0,0,0,0
SS6535.BSE_IDX,01/07/2025,10:24:49,34800.15,0,0,0,0,0,0
SS6535.BSE_IDX,01/07/2025,10:24:57,34801.02,0,0,0,0,0,0
SS6535.BSE_IDX,01/07/2025,10:25:05,34800.5,0,0,0,0,0,0
SS6535.BSE_IDX,01/07/2025,10:25:13,34801.52,0,0,0,0,0,0
SS6535.BSE_IDX,01/07/2025,10:25:21,34800.28,0,0,0,0,0,0
SS6535.BSE_IDX,01/07/2025,10:25:29,34798.45,0,0,0,0,0,0
SS6535.BSE_IDX,01/07/2025,10:25:37,34799.86,0,0,0,0,0,0
SS6535.BSE_IDX,01/07/2025,10:25:45,34800.23,0,0,0,0,0,0
SS6535.BSE_IDX,01/07/2025,10:25:53,34801.94,0,0,0,0,0,0
SS6535.BSE_IDX,01/07/2025,10:26:01,34804.3,0,0,0,0,0,0
SS6535.BSE_IDX,01/07/2025,10:26:09,34804.77,0,0,0,0,0,0
SS6535.BSE_IDX,01/07/2025,10:26:17,34804.58,0,0,0,0,0,0
SS6535.BSE_IDX,01/07/2025,10:26:25,34805.82,0,0,0,0,0,0
SS6535.BSE_IDX,01/07/2025,10:26:33,34805.1,0,0,0,0,0,0
SS6535.BSE_IDX,01/07/2025,10:26:41,34806.92,0,0,0,0,0,0
SS6535.BSE_IDX,01/07/2025,10:26:49,34805.73,0,0,0,0,0,0
SS6535.BSE_IDX,01/07/2025,10:26:57,34805.73,0,0,0,0,0,0
SS6535.BSE_IDX,01/07/2025,10:27:05,34807.47,0,0,0,0,0,0
SS6535.BSE_IDX,01/07/2025,10:27:13,34808.53,0,0,0,0,0,0
SS6535.BSE_IDX,01/07/2025,10:27:21,34807.42,0,0,0,0,0,0
SS6535.BSE_IDX,01/07/2025,10:27:29,34811.62,0,0,0,0,0,0
SS6535.BSE_IDX,01/07/2025,10:27:37,34810.74,0,0,0,0,0,0
SS6535.BSE_IDX,01/07/2025,10:27:45,34810.89,0,0,0,0,0,0
SS6535.BSE_IDX,01/07/2025,10:27:53,34812.43,0,0,0,0,0,0
SS6535.BSE_IDX,01/07/2025,10:28:01,34816.23,0,0,0,0,0,0
SS6535.BSE_IDX,01/07/2025,10:28:09,34818.16,0,0,0,0,0,0
SS6535.BSE_IDX,01/07/2025,10:28:17,34816.22,0,0,0,0,0,0
SS6535.BSE_IDX,01/07/2025,10:28:25,34814.97,0,0,0,0,0,0
SS6535.BSE_IDX,01/07/2025,10:28:33,34817.79,0,0,0,0,0,0
SS6535.BSE_IDX,01/07/2025,10:28:41,34816.93,0,0,0,0,0,0
SS6535.BSE_IDX,01/07/2025,10:28:49,34820.57,0,0,0,0,0,0
SS6535.BSE_IDX,01/07/2025,10:28:57,34820.32,0,0,0,0,0,0
SS6535.BSE_IDX,01/07/2025,10:29:05,34821.02,0,0,0,0,0,0
SS6535.BSE_IDX,01/07/2025,10:29:13,34822.03,0,0,0,0,0,0
SS6535.BSE_IDX,01/07/2025,10:29:21,34823.59,0,0,0,0,0,0
SS6535.BSE_IDX,01/07/2025,10:29:29,34822.03,0,0,0,0,0,0
SS6535.BSE_IDX,01/07/2025,10:29:37,34820.83,0,0,0,0,0,0
SS6535.BSE_IDX,01/07/2025,10:29:46,34821.03,0,0,0,0,0,0
SS6535.BSE_IDX,01/07/2025,10:29:54,34822.65,0,0,0,0,0,0
SS6535.BSE_IDX,01/07/2025,10:30:01,34822.54,0,0,0,0,0,0
SS6535.BSE_IDX,01/07/2025,10:30:09,34822.42,0,0,0,0,0,0
SS6535.BSE_IDX,01/07/2025,10:30:17,34825.79,0,0,0,0,0,0
SS6535.BSE_IDX,01/07/2025,10:30:25,34829.89,0,0,0,0,0,0
SS6535.BSE_IDX,01/07/2025,10:30:33,34828.84,0,0,0,0,0,0
SS6535.BSE_IDX,01/07/2025,10:30:41,34829.05,0,0,0,0,0,0
SS6535.BSE_IDX,01/07/2025,10:30:49,34826.79,0,0,0,0,0,0
SS6535.BSE_IDX,01/07/2025,10:30:57,34823.51,0,0,0,0,0,0
SS6535.BSE_IDX,01/07/2025,10:31:05,34825.2,0,0,0,0,0,0
SS6535.BSE_IDX,01/07/2025,10:31:13,34824.33,0,0,0,0,0,0
SS6535.BSE_IDX,01/07/2025,10:31:22,34823.39,0,0,0,0,0,0
SS6535.BSE_IDX,01/07/2025,10:31:29,34822.15,0,0,0,0,0,0
SS6535.BSE_IDX,01/07/2025,10:31:37,34819.82,0,0,0,0,0,0
SS6535.BSE_IDX,01/07/2025,10:31:46,34817.58,0,0,0,0,0,0
SS6535.BSE_IDX,01/07/2025,10:31:53,34819.6,0,0,0,0,0,0
SS6535.BSE_IDX,01/07/2025,10:32:01,34821.61,0,0,0,0,0,0
SS6535.BSE_IDX,01/07/2025,10:32:10,34818.47,0,0,0,0,0,0
SS6535.BSE_IDX,01/07/2025,10:32:17,34819.4,0,0,0,0,0,0
SS6535.BSE_IDX,01/07/2025,10:32:25,34821.3,0,0,0,0,0,0
SS6535.BSE_IDX,01/07/2025,10:32:33,34822.16,0,0,0,0,0,0
SS6535.BSE_IDX,01/07/2025,10:32:41,34822.81,0,0,0,0,0,0
SS6535.BSE_IDX,01/07/2025,10:32:49,34824.63,0,0,0,0,0,0
SS6535.BSE_IDX,01/07/2025,10:32:57,34828.09,0,0,0,0,0,0
SS6535.BSE_IDX,01/07/2025,10:33:06,34830.17,0,0,0,0,0,0
SS6535.BSE_IDX,01/07/2025,10:33:13,34831.26,0,0,0,0,0,0
SS6535.BSE_IDX,01/07/2025,10:33:22,34831.04,0,0,0,0,0,0
SS6535.BSE_IDX,01/07/2025,10:33:29,34830.69,0,0,0,0,0,0
SS6535.BSE_IDX,01/07/2025,10:33:37,34830.54,0,0,0,0,0,0
SS6535.BSE_IDX,01/07/2025,10:33:45,34831.31,0,0,0,0,0,0
SS6535.BSE_IDX,01/07/2025,10:33:53,34829.91,0,0,0,0,0,0
SS6535.BSE_IDX,01/07/2025,10:34:01,34827.38,0,0,0,0,0,0
SS6535.BSE_IDX,01/07/2025,10:34:09,34826.58,0,0,0,0,0,0
SS6535.BSE_IDX,01/07/2025,10:34:17,34825.34,0,0,0,0,0,0
SS6535.BSE_IDX,01/07/2025,10:34:25,34826.02,0,0,0,0,0,0
SS6535.BSE_IDX,01/07/2025,10:34:33,34827.32,0,0,0,0,0,0
SS6535.BSE_IDX,01/07/2025,10:34:41,34825.42,0,0,0,0,0,0
SS6535.BSE_IDX,01/07/2025,10:34:49,34825.67,0,0,0,0,0,0
SS6535.BSE_IDX,01/07/2025,10:34:58,34824.56,0,0,0,0,0,0
SS6535.BSE_IDX,01/07/2025,10:35:06,34825.71,0,0,0,0,0,0
SS6535.BSE_IDX,01/07/2025,10:35:14,34825.69,0,0,0,0,0,0
SS6535.BSE_IDX,01/07/2025,10:35:21,34825.5,0,0,0,0,0,0
SS6535.BSE_IDX,01/07/2025,10:35:29,34822.13,0,0,0,0,0,0
SS6535.BSE_IDX,01/07/2025,10:35:37,34819.54,0,0,0,0,0,0
SS6535.BSE_IDX,01/07/2025,10:35:45,34819.15,0,0,0,0,0,0
SS6535.BSE_IDX,01/07/2025,10:35:54,34819.99,0,0,0,0,0,0
SS6535.BSE_IDX,01/07/2025,10:36:02,34821.15,0,0,0,0,0,0
SS6535.BSE_IDX,01/07/2025,10:36:10,34819.51,0,0,0,0,0,0
SS6535.BSE_IDX,01/07/2025,10:36:18,34819.65,0,0,0,0,0,0
SS6535.BSE_IDX,01/07/2025,10:36:25,34818.28,0,0,0,0,0,0
SS6535.BSE_IDX,01/07/2025,10:36:34,34821.84,0,0,0,0,0,0
SS6535.BSE_IDX,01/07/2025,10:36:42,34822.17,0,0,0,0,0,0
SS6535.BSE_IDX,01/07/2025,10:36:49,34822.33,0,0,0,0,0,0
SS6535.BSE_IDX,01/07/2025,10:36:58,34821.1,0,0,0,0,0,0
SS6535.BSE_IDX,01/07/2025,10:37:06,34820.79,0,0,0,0,0,0
SS6535.BSE_IDX,01/07/2025,10:37:14,34819.42,0,0,0,0,0,0
SS6535.BSE_IDX,01/07/2025,10:37:22,34819.16,0,0,0,0,0,0
SS6535.BSE_IDX,01/07/2025,10:37:30,34818.74,0,0,0,0,0,0
SS6535.BSE_IDX,01/07/2025,10:37:38,34817,0,0,0,0,0,0
SS6535.BSE_IDX,01/07/2025,10:37:46,34816.32,0,0,0,0,0,0
SS6535.BSE_IDX,01/07/2025,10:37:54,34813.77,0,0,0,0,0,0
SS6535.BSE_IDX,01/07/2025,10:38:02,34813.52,0,0,0,0,0,0
SS6535.BSE_IDX,01/07/2025,10:38:10,34813.65,0,0,0,0,0,0
SS6535.BSE_IDX,01/07/2025,10:38:18,34814.48,0,0,0,0,0,0
SS6535.BSE_IDX,01/07/2025,10:38:26,34815.97,0,0,0,0,0,0
SS6535.BSE_IDX,01/07/2025,10:38:34,34813.89,0,0,0,0,0,0
SS6535.BSE_IDX,01/07/2025,10:38:42,34816.32,0,0,0,0,0,0
SS6535.BSE_IDX,01/07/2025,10:38:50,34818.46,0,0,0,0,0,0
SS6535.BSE_IDX,01/07/2025,10:38:58,34819.7,0,0,0,0,0,0
SS6535.BSE_IDX,01/07/2025,10:39:06,34824.5,0,0,0,0,0,0
SS6535.BSE_IDX,01/07/2025,10:39:14,34826.19,0,0,0,0,0,0
SS6535.BSE_IDX,01/07/2025,10:39:22,34828.7,0,0,0,0,0,0
SS6535.BSE_IDX,01/07/2025,10:39:30,34829.06,0,0,0,0,0,0
SS6535.BSE_IDX,01/07/2025,10:39:38,34829.98,0,0,0,0,0,0
SS6535.BSE_IDX,01/07/2025,10:39:46,34829.82,0,0,0,0,0,0
SS6535.BSE_IDX,01/07/2025,10:39:54,34832.19,0,0,0,0,0,0
SS6535.BSE_IDX,01/07/2025,10:40:02,34833.76,0,0,0,0,0,0
SS6535.BSE_IDX,01/07/2025,10:40:10,34830.03,0,0,0,0,0,0
SS6535.BSE_IDX,01/07/2025,10:40:18,34830.8,0,0,0,0,0,0
SS6535.BSE_IDX,01/07/2025,10:40:26,34828.32,0,0,0,0,0,0
SS6535.BSE_IDX,01/07/2025,10:40:34,34829.64,0,0,0,0,0,0
SS6535.BSE_IDX,01/07/2025,10:40:42,34827.62,0,0,0,0,0,0
SS6535.BSE_IDX,01/07/2025,10:40:50,34829.5,0,0,0,0,0,0
SS6535.BSE_IDX,01/07/2025,10:40:58,34829.62,0,0,0,0,0,0
SS6535.BSE_IDX,01/07/2025,10:41:06,34829.21,0,0,0,0,0,0
SS6535.BSE_IDX,01/07/2025,10:41:14,34826.22,0,0,0,0,0,0
SS6535.BSE_IDX,01/07/2025,10:41:22,34828.62,0,0,0,0,0,0
SS6535.BSE_IDX,01/07/2025,10:41:30,34827.8,0,0,0,0,0,0
SS6535.BSE_IDX,01/07/2025,10:41:38,34833.25,0,0,0,0,0,0
SS6535.BSE_IDX,01/07/2025,10:41:46,34830.82,0,0,0,0,0,0
SS6535.BSE_IDX,01/07/2025,10:41:54,34831.26,0,0,0,0,0,0
SS6535.BSE_IDX,01/07/2025,10:42:02,34831.45,0,0,0,0,0,0
SS6535.BSE_IDX,01/07/2025,10:42:10,34832.74,0,0,0,0,0,0
SS6535.BSE_IDX,01/07/2025,10:42:18,34834.12,0,0,0,0,0,0
SS6535.BSE_IDX,01/07/2025,10:42:26,34833.87,0,0,0,0,0,0
SS6535.BSE_IDX,01/07/2025,10:42:34,34832.61,0,0,0,0,0,0
SS6535.BSE_IDX,01/07/2025,10:42:42,34830.52,0,0,0,0,0,0
SS6535.BSE_IDX,01/07/2025,10:42:50,34830.19,0,0,0,0,0,0
SS6535.BSE_IDX,01/07/2025,10:42:58,34827.43,0,0,0,0,0,0
SS6535.BSE_IDX,01/07/2025,10:43:06,34829.21,0,0,0,0,0,0
SS6535.BSE_IDX,01/07/2025,10:43:14,34829.91,0,0,0,0,0,0
SS6535.BSE_IDX,01/07/2025,10:43:22,34828.76,0,0,0,0,0,0
SS6535.BSE_IDX,01/07/2025,10:43:30,34828.82,0,0,0,0,0,0
SS6535.BSE_IDX,01/07/2025,10:43:38,34826.12,0,0,0,0,0,0
SS6535.BSE_IDX,01/07/2025,10:43:46,34827.72,0,0,0,0,0,0
SS6535.BSE_IDX,01/07/2025,10:43:54,34824.83,0,0,0,0,0,0
SS6535.BSE_IDX,01/07/2025,10:44:02,34822.63,0,0,0,0,0,0
SS6535.BSE_IDX,01/07/2025,10:44:10,34820.17,0,0,0,0,0,0
SS6535.BSE_IDX,01/07/2025,10:44:18,34818.95,0,0,0,0,0,0
SS6535.BSE_IDX,01/07/2025,10:44:26,34818.83,0,0,0,0,0,0
SS6535.BSE_IDX,01/07/2025,10:44:34,34818.31,0,0,0,0,0,0
SS6535.BSE_IDX,01/07/2025,10:44:42,34818.41,0,0,0,0,0,0
SS6535.BSE_IDX,01/07/2025,10:44:50,34818.92,0,0,0,0,0,0
SS6535.BSE_IDX,01/07/2025,10:44:58,34815.36,0,0,0,0,0,0
SS6535.BSE_IDX,01/07/2025,10:45:07,34814.09,0,0,0,0,0,0
SS6535.BSE_IDX,01/07/2025,10:45:14,34814.97,0,0,0,0,0,0
SS6535.BSE_IDX,01/07/2025,10:45:22,34813.39,0,0,0,0,0,0
SS6535.BSE_IDX,01/07/2025,10:45:30,34814.91,0,0,0,0,0,0
SS6535.BSE_IDX,01/07/2025,10:45:38,34813.13,0,0,0,0,0,0
SS6535.BSE_IDX,01/07/2025,10:45:46,34816.13,0,0,0,0,0,0
SS6535.BSE_IDX,01/07/2025,10:45:54,34812.7,0,0,0,0,0,0
SS6535.BSE_IDX,01/07/2025,10:46:02,34811.24,0,0,0,0,0,0
SS6535.BSE_IDX,01/07/2025,10:46:10,34810.04,0,0,0,0,0,0
SS6535.BSE_IDX,01/07/2025,10:46:18,34811.48,0,0,0,0,0,0
SS6535.BSE_IDX,01/07/2025,10:46:26,34812.77,0,0,0,0,0,0
SS6535.BSE_IDX,01/07/2025,10:46:34,34810.94,0,0,0,0,0,0
SS6535.BSE_IDX,01/07/2025,10:46:42,34810.4,0,0,0,0,0,0
SS6535.BSE_IDX,01/07/2025,10:46:50,34811.83,0,0,0,0,0,0
SS6535.BSE_IDX,01/07/2025,10:46:58,34810.67,0,0,0,0,0,0
SS6535.BSE_IDX,01/07/2025,10:47:06,34811.29,0,0,0,0,0,0
SS6535.BSE_IDX,01/07/2025,10:47:14,34809.22,0,0,0,0,0,0
SS6535.BSE_IDX,01/07/2025,10:47:22,34808.43,0,0,0,0,0,0
SS6535.BSE_IDX,01/07/2025,10:47:30,34808.42,0,0,0,0,0,0
SS6535.BSE_IDX,01/07/2025,10:47:38,34809.61,0,0,0,0,0,0
SS6535.BSE_IDX,01/07/2025,10:47:46,34810.38,0,0,0,0,0,0
SS6535.BSE_IDX,01/07/2025,10:47:54,34813.01,0,0,0,0,0,0
SS6535.BSE_IDX,01/07/2025,10:48:02,34813.47,0,0,0,0,0,0
SS6535.BSE_IDX,01/07/2025,10:48:10,34812.44,0,0,0,0,0,0
SS6535.BSE_IDX,01/07/2025,10:48:18,34813.62,0,0,0,0,0,0
SS6535.BSE_IDX,01/07/2025,10:48:26,34815.67,0,0,0,0,0,0
SS6535.BSE_IDX,01/07/2025,10:48:34,34815.15,0,0,0,0,0,0
SS6535.BSE_IDX,01/07/2025,10:48:42,34815.36,0,0,0,0,0,0
SS6535.BSE_IDX,01/07/2025,10:48:50,34818.52,0,0,0,0,0,0
SS6535.BSE_IDX,01/07/2025,10:48:58,34817.11,0,0,0,0,0,0
SS6535.BSE_IDX,01/07/2025,10:49:06,34817.51,0,0,0,0,0,0
SS6535.BSE_IDX,01/07/2025,10:49:14,34814,0,0,0,0,0,0
SS6535.BSE_IDX,01/07/2025,10:49:22,34811.11,0,0,0,0,0,0
SS6535.BSE_IDX,01/07/2025,10:49:30,34811.16,0,0,0,0,0,0
SS6535.BSE_IDX,01/07/2025,10:49:38,34810.34,0,0,0,0,0,0
SS6535.BSE_IDX,01/07/2025,10:49:46,34810.34,0,0,0,0,0,0
SS6535.BSE_IDX,01/07/2025,10:49:54,34808.69,0,0,0,0,0,0
SS6535.BSE_IDX,01/07/2025,10:50:02,34807.78,0,0,0,0,0,0
SS6535.BSE_IDX,01/07/2025,10:50:10,34806.4,0,0,0,0,0,0
SS6535.BSE_IDX,01/07/2025,10:50:18,34806.69,0,0,0,0,0,0
SS6535.BSE_IDX,01/07/2025,10:50:26,34805.31,0,0,0,0,0,0
SS6535.BSE_IDX,01/07/2025,10:50:34,34807.33,0,0,0,0,0,0
SS6535.BSE_IDX,01/07/2025,10:50:42,34807.33,0,0,0,0,0,0
SS6535.BSE_IDX,01/07/2025,10:50:50,34805.56,0,0,0,0,0,0
SS6535.BSE_IDX,01/07/2025,10:50:58,34805.49,0,0,0,0,0,0
SS6535.BSE_IDX,01/07/2025,10:51:06,34805.08,0,0,0,0,0,0
SS6535.BSE_IDX,01/07/2025,10:51:14,34804.72,0,0,0,0,0,0
SS6535.BSE_IDX,01/07/2025,10:51:22,34803.78,0,0,0,0,0,0
SS6535.BSE_IDX,01/07/2025,10:51:30,34802.66,0,0,0,0,0,0
SS6535.BSE_IDX,01/07/2025,10:51:38,34803.5,0,0,0,0,0,0
SS6535.BSE_IDX,01/07/2025,10:51:46,34802.4,0,0,0,0,0,0
SS6535.BSE_IDX,01/07/2025,10:51:54,34799.36,0,0,0,0,0,0
SS6535.BSE_IDX,01/07/2025,10:52:02,34798.39,0,0,0,0,0,0
SS6535.BSE_IDX,01/07/2025,10:52:10,34798.94,0,0,0,0,0,0
SS6535.BSE_IDX,01/07/2025,10:52:18,34796.17,0,0,0,0,0,0
SS6535.BSE_IDX,01/07/2025,10:52:26,34794.02,0,0,0,0,0,0
SS6535.BSE_IDX,01/07/2025,10:52:34,34793.66,0,0,0,0,0,0
SS6535.BSE_IDX,01/07/2025,10:52:43,34790.26,0,0,0,0,0,0
SS6535.BSE_IDX,01/07/2025,10:52:50,34789.04,0,0,0,0,0,0
SS6535.BSE_IDX,01/07/2025,10:52:58,34787.4,0,0,0,0,0,0
SS6535.BSE_IDX,01/07/2025,10:53:06,34786.84,0,0,0,0,0,0
SS6535.BSE_IDX,01/07/2025,10:53:14,34785.68,0,0,0,0,0,0
SS6535.BSE_IDX,01/07/2025,10:53:22,34785.83,0,0,0,0,0,0
SS6535.BSE_IDX,01/07/2025,10:53:30,34788.43,0,0,0,0,0,0
SS6535.BSE_IDX,01/07/2025,10:53:38,34790.04,0,0,0,0,0,0
SS6535.BSE_IDX,01/07/2025,10:53:46,34791.3,0,0,0,0,0,0
SS6535.BSE_IDX,01/07/2025,10:53:54,34790.74,0,0,0,0,0,0
SS6535.BSE_IDX,01/07/2025,10:54:02,34791.42,0,0,0,0,0,0
SS6535.BSE_IDX,01/07/2025,10:54:10,34791.82,0,0,0,0,0,0
SS6535.BSE_IDX,01/07/2025,10:54:18,34792.47,0,0,0,0,0,0
SS6535.BSE_IDX,01/07/2025,10:54:26,34792.34,0,0,0,0,0,0
SS6535.BSE_IDX,01/07/2025,10:54:34,34794.85,0,0,0,0,0,0
SS6535.BSE_IDX,01/07/2025,10:54:42,34797.9,0,0,0,0,0,0
SS6535.BSE_IDX,01/07/2025,10:54:51,34798.25,0,0,0,0,0,0
SS6535.BSE_IDX,01/07/2025,10:54:58,34797.15,0,0,0,0,0,0
SS6535.BSE_IDX,01/07/2025,10:55:06,34797.42,0,0,0,0,0,0
SS6535.BSE_IDX,01/07/2025,10:55:14,34796.27,0,0,0,0,0,0
SS6535.BSE_IDX,01/07/2025,10:55:22,34795.83,0,0,0,0,0,0
SS6535.BSE_IDX,01/07/2025,10:55:30,34795.66,0,0,0,0,0,0
SS6535.BSE_IDX,01/07/2025,10:55:38,34794.82,0,0,0,0,0,0
SS6535.BSE_IDX,01/07/2025,10:55:46,34794.39,0,0,0,0,0,0
SS6535.BSE_IDX,01/07/2025,10:55:54,34794.1,0,0,0,0,0,0
SS6535.BSE_IDX,01/07/2025,10:56:02,34792.05,0,0,0,0,0,0
SS6535.BSE_IDX,01/07/2025,10:56:10,34791.91,0,0,0,0,0,0
SS6535.BSE_IDX,01/07/2025,10:56:18,34790.11,0,0,0,0,0,0
SS6535.BSE_IDX,01/07/2025,10:56:26,34788.24,0,0,0,0,0,0
SS6535.BSE_IDX,01/07/2025,10:56:34,34789.05,0,0,0,0,0,0
SS6535.BSE_IDX,01/07/2025,10:56:42,34788.17,0,0,0,0,0,0
SS6535.BSE_IDX,01/07/2025,10:56:50,34788.44,0,0,0,0,0,0
SS6535.BSE_IDX,01/07/2025,10:56:58,34785.24,0,0,0,0,0,0
SS6535.BSE_IDX,01/07/2025,10:57:06,34784.29,0,0,0,0,0,0
SS6535.BSE_IDX,01/07/2025,10:57:14,34782.92,0,0,0,0,0,0
SS6535.BSE_IDX,01/07/2025,10:57:22,34783.64,0,0,0,0,0,0
SS6535.BSE_IDX,01/07/2025,10:57:30,34782.53,0,0,0,0,0,0
SS6535.BSE_IDX,01/07/2025,10:57:39,34785.84,0,0,0,0,0,0
SS6535.BSE_IDX,01/07/2025,10:57:46,34785.3,0,0,0,0,0,0
SS6535.BSE_IDX,01/07/2025,10:57:54,34784.22,0,0,0,0,0,0
SS6535.BSE_IDX,01/07/2025,10:58:02,34784.24,0,0,0,0,0,0
SS6535.BSE_IDX,01/07/2025,10:58:10,34785.43,0,0,0,0,0,0
SS6535.BSE_IDX,01/07/2025,10:58:18,34783.32,0,0,0,0,0,0
SS6535.BSE_IDX,01/07/2025,10:58:26,34782.11,0,0,0,0,0,0
SS6535.BSE_IDX,01/07/2025,10:58:34,34784.37,0,0,0,0,0,0
SS6535.BSE_IDX,01/07/2025,10:58:42,34783.23,0,0,0,0,0,0
SS6535.BSE_IDX,01/07/2025,10:58:50,34786.09,0,0,0,0,0,0
SS6535.BSE_IDX,01/07/2025,10:58:58,34782.39,0,0,0,0,0,0
SS6535.BSE_IDX,01/07/2025,10:59:06,34781.71,0,0,0,0,0,0
SS6535.BSE_IDX,01/07/2025,10:59:14,34781.7,0,0,0,0,0,0
SS6535.BSE_IDX,01/07/2025,10:59:22,34781.31,0,0,0,0,0,0
SS6535.BSE_IDX,01/07/2025,10:59:30,34780.78,0,0,0,0,0,0
SS6535.BSE_IDX,01/07/2025,10:59:38,34778.36,0,0,0,0,0,0
SS6535.BSE_IDX,01/07/2025,10:59:47,34779.52,0,0,0,0,0,0
SS6535.BSE_IDX,01/07/2025,10:59:55,34780.03,0,0,0,0,0,0
SS6535.BSE_IDX,01/07/2025,11:00:03,34779.62,0,0,0,0,0,0
SS6535.BSE_IDX,01/07/2025,11:00:11,34778.38,0,0,0,0,0,0
SS6535.BSE_IDX,01/07/2025,11:00:18,34781.08,0,0,0,0,0,0
SS6535.BSE_IDX,01/07/2025,11:00:26,34782.28,0,0,0,0,0,0
SS6535.BSE_IDX,01/07/2025,11:00:34,34782.61,0,0,0,0,0,0
SS6535.BSE_IDX,01/07/2025,11:00:42,34780.96,0,0,0,0,0,0
SS6535.BSE_IDX,01/07/2025,11:00:50,34783.07,0,0,0,0,0,0
SS6535.BSE_IDX,01/07/2025,11:00:58,34783.21,0,0,0,0,0,0
SS6535.BSE_IDX,01/07/2025,11:01:06,34783.26,0,0,0,0,0,0
SS6535.BSE_IDX,01/07/2025,11:01:15,34784.5,0,0,0,0,0,0
SS6535.BSE_IDX,01/07/2025,11:01:22,34780.43,0,0,0,0,0,0
SS6535.BSE_IDX,01/07/2025,11:01:30,34779.76,0,0,0,0,0,0
SS6535.BSE_IDX,01/07/2025,11:01:38,34778.12,0,0,0,0,0,0
SS6535.BSE_IDX,01/07/2025,11:01:46,34774.92,0,0,0,0,0,0
SS6535.BSE_IDX,01/07/2025,11:01:54,34773.39,0,0,0,0,0,0
SS6535.BSE_IDX,01/07/2025,11:02:02,34775.86,0,0,0,0,0,0
SS6535.BSE_IDX,01/07/2025,11:02:10,34772.46,0,0,0,0,0,0
SS6535.BSE_IDX,01/07/2025,11:02:18,34773.4,0,0,0,0,0,0
SS6535.BSE_IDX,01/07/2025,11:02:27,34774.79,0,0,0,0,0,0
SS6535.BSE_IDX,01/07/2025,11:02:34,34775.28,0,0,0,0,0,0
SS6535.BSE_IDX,01/07/2025,11:02:42,34772.36,0,0,0,0,0,0
SS6535.BSE_IDX,01/07/2025,11:02:51,34773.41,0,0,0,0,0,0
SS6535.BSE_IDX,01/07/2025,11:02:58,34771.67,0,0,0,0,0,0
SS6535.BSE_IDX,01/07/2025,11:03:06,34770.46,0,0,0,0,0,0
SS6535.BSE_IDX,01/07/2025,11:03:14,34770.82,0,0,0,0,0,0
SS6535.BSE_IDX,01/07/2025,11:03:22,34770.62,0,0,0,0,0,0
SS6535.BSE_IDX,01/07/2025,11:03:31,34769.55,0,0,0,0,0,0
SS6535.BSE_IDX,01/07/2025,11:03:38,34770.21,0,0,0,0,0,0
SS6535.BSE_IDX,01/07/2025,11:03:46,34770.47,0,0,0,0,0,0
SS6535.BSE_IDX,01/07/2025,11:03:54,34769.1,0,0,0,0,0,0
SS6535.BSE_IDX,01/07/2025,11:04:02,34770.58,0,0,0,0,0,0
SS6535.BSE_IDX,01/07/2025,11:04:10,34768.89,0,0,0,0,0,0
SS6535.BSE_IDX,01/07/2025,11:04:18,34769.22,0,0,0,0,0,0
SS6535.BSE_IDX,01/07/2025,11:04:27,34769.34,0,0,0,0,0,0
SS6535.BSE_IDX,01/07/2025,11:04:34,34770.85,0,0,0,0,0,0
SS6535.BSE_IDX,01/07/2025,11:04:42,34770,0,0,0,0,0,0
SS6535.BSE_IDX,01/07/2025,11:04:51,34773.16,0,0,0,0,0,0
SS6535.BSE_IDX,01/07/2025,11:04:58,34773.76,0,0,0,0,0,0
SS6535.BSE_IDX,01/07/2025,11:05:06,34775.66,0,0,0,0,0,0
SS6535.BSE_IDX,01/07/2025,11:05:14,34775.94,0,0,0,0,0,0
SS6535.BSE_IDX,01/07/2025,11:05:22,34774.38,0,0,0,0,0,0
SS6535.BSE_IDX,01/07/2025,11:05:31,34776.54,0,0,0,0,0,0
SS6535.BSE_IDX,01/07/2025,11:05:39,34776,0,0,0,0,0,0
SS6535.BSE_IDX,01/07/2025,11:05:46,34776.71,0,0,0,0,0,0
SS6535.BSE_IDX,01/07/2025,11:05:54,34776.77,0,0,0,0,0,0
SS6535.BSE_IDX,01/07/2025,11:06:03,34776.84,0,0,0,0,0,0
SS6535.BSE_IDX,01/07/2025,11:06:11,34779.26,0,0,0,0,0,0
SS6535.BSE_IDX,01/07/2025,11:06:19,34781.82,0,0,0,0,0,0
SS6535.BSE_IDX,01/07/2025,11:06:27,34781.27,0,0,0,0,0,0
SS6535.BSE_IDX,01/07/2025,11:06:34,34779.44,0,0,0,0,0,0
SS6535.BSE_IDX,01/07/2025,11:06:43,34779.97,0,0,0,0,0,0
SS6535.BSE_IDX,01/07/2025,11:06:51,34781.8,0,0,0,0,0,0
SS6535.BSE_IDX,01/07/2025,11:06:58,34781.69,0,0,0,0,0,0
SS6535.BSE_IDX,01/07/2025,11:07:06,34781.26,0,0,0,0,0,0
SS6535.BSE_IDX,01/07/2025,11:07:15,34781.65,0,0,0,0,0,0
SS6535.BSE_IDX,01/07/2025,11:07:22,34782.43,0,0,0,0,0,0
SS6535.BSE_IDX,01/07/2025,11:07:31,34783.34,0,0,0,0,0,0
SS6535.BSE_IDX,01/07/2025,11:07:39,34784.21,0,0,0,0,0,0
SS6535.BSE_IDX,01/07/2025,11:07:46,34785.99,0,0,0,0,0,0
SS6535.BSE_IDX,01/07/2025,11:07:55,34787.32,0,0,0,0,0,0
SS6535.BSE_IDX,01/07/2025,11:08:02,34787.86,0,0,0,0,0,0
SS6535.BSE_IDX,01/07/2025,11:08:11,34787.19,0,0,0,0,0,0
SS6535.BSE_IDX,01/07/2025,11:08:18,34787.37,0,0,0,0,0,0
SS6535.BSE_IDX,01/07/2025,11:08:27,34788.33,0,0,0,0,0,0
SS6535.BSE_IDX,01/07/2025,11:08:35,34783.99,0,0,0,0,0,0
SS6535.BSE_IDX,01/07/2025,11:08:43,34784.14,0,0,0,0,0,0
SS6535.BSE_IDX,01/07/2025,11:08:51,34786.35,0,0,0,0,0,0
SS6535.BSE_IDX,01/07/2025,11:08:58,34787.39,0,0,0,0,0,0
SS6535.BSE_IDX,01/07/2025,11:09:07,34786.8,0,0,0,0,0,0
SS6535.BSE_IDX,01/07/2025,11:09:15,34782.06,0,0,0,0,0,0
SS6535.BSE_IDX,01/07/2025,11:09:23,34779.76,0,0,0,0,0,0
SS6535.BSE_IDX,01/07/2025,11:09:31,34781.81,0,0,0,0,0,0
SS6535.BSE_IDX,01/07/2025,11:09:39,34780.94,0,0,0,0,0,0
SS6535.BSE_IDX,01/07/2025,11:09:47,34782.39,0,0,0,0,0,0
SS6535.BSE_IDX,01/07/2025,11:09:55,34780.72,0,0,0,0,0,0
SS6535.BSE_IDX,01/07/2025,11:10:03,34782.14,0,0,0,0,0,0
SS6535.BSE_IDX,01/07/2025,11:10:11,34782.24,0,0,0,0,0,0
SS6535.BSE_IDX,01/07/2025,11:10:19,34780.99,0,0,0,0,0,0
SS6535.BSE_IDX,01/07/2025,11:10:27,34782.22,0,0,0,0,0,0
SS6535.BSE_IDX,01/07/2025,11:10:35,34784.31,0,0,0,0,0,0
SS6535.BSE_IDX,01/07/2025,11:10:43,34784.91,0,0,0,0,0,0
SS6535.BSE_IDX,01/07/2025,11:10:51,34784.39,0,0,0,0,0,0
SS6535.BSE_IDX,01/07/2025,11:10:59,34783.94,0,0,0,0,0,0
SS6535.BSE_IDX,01/07/2025,11:11:07,34785.96,0,0,0,0,0,0
SS6535.BSE_IDX,01/07/2025,11:11:15,34784.75,0,0,0,0,0,0
SS6535.BSE_IDX,01/07/2025,11:11:23,34785.11,0,0,0,0,0,0
SS6535.BSE_IDX,01/07/2025,11:11:31,34783.92,0,0,0,0,0,0
SS6535.BSE_IDX,01/07/2025,11:11:39,34783.25,0,0,0,0,0,0
SS6535.BSE_IDX,01/07/2025,11:11:47,34782.53,0,0,0,0,0,0
SS6535.BSE_IDX,01/07/2025,11:11:55,34783.09,0,0,0,0,0,0
SS6535.BSE_IDX,01/07/2025,11:12:03,34784.91,0,0,0,0,0,0
SS6535.BSE_IDX,01/07/2025,11:12:11,34785.67,0,0,0,0,0,0
SS6535.BSE_IDX,01/07/2025,11:12:19,34785,0,0,0,0,0,0
SS6535.BSE_IDX,01/07/2025,11:12:27,34784.35,0,0,0,0,0,0
SS6535.BSE_IDX,01/07/2025,11:12:35,34785.59,0,0,0,0,0,0
SS6535.BSE_IDX,01/07/2025,11:12:43,34783.56,0,0,0,0,0,0
SS6535.BSE_IDX,01/07/2025,11:12:51,34784.94,0,0,0,0,0,0
SS6535.BSE_IDX,01/07/2025,11:12:59,34785.12,0,0,0,0,0,0
SS6535.BSE_IDX,01/07/2025,11:13:07,34785.53,0,0,0,0,0,0
SS6535.BSE_IDX,01/07/2025,11:13:16,34784.48,0,0,0,0,0,0
SS6535.BSE_IDX,01/07/2025,11:13:23,34783.15,0,0,0,0,0,0
SS6535.BSE_IDX,01/07/2025,11:13:31,34782.61,0,0,0,0,0,0
SS6535.BSE_IDX,01/07/2025,11:13:39,34783.15,0,0,0,0,0,0
SS6535.BSE_IDX,01/07/2025,11:13:47,34784.7,0,0,0,0,0,0
SS6535.BSE_IDX,01/07/2025,11:13:55,34784.89,0,0,0,0,0,0
SS6535.BSE_IDX,01/07/2025,11:14:03,34787.07,0,0,0,0,0,0
SS6535.BSE_IDX,01/07/2025,11:14:11,34784,0,0,0,0,0,0
SS6535.BSE_IDX,01/07/2025,11:14:19,34785.56,0,0,0,0,0,0
SS6535.BSE_IDX,01/07/2025,11:14:27,34787.97,0,0,0,0,0,0
SS6535.BSE_IDX,01/07/2025,11:14:35,34787.89,0,0,0,0,0,0
SS6535.BSE_IDX,01/07/2025,11:14:43,34788.53,0,0,0,0,0,0
SS6535.BSE_IDX,01/07/2025,11:14:51,34788.73,0,0,0,0,0,0
SS6535.BSE_IDX,01/07/2025,11:14:59,34790.02,0,0,0,0,0,0
SS6535.BSE_IDX,01/07/2025,11:15:07,34792.15,0,0,0,0,0,0
SS6535.BSE_IDX,01/07/2025,11:15:15,34792.11,0,0,0,0,0,0
SS6535.BSE_IDX,01/07/2025,11:15:23,34794.56,0,0,0,0,0,0
SS6535.BSE_IDX,01/07/2025,11:15:31,34790.91,0,0,0,0,0,0
SS6535.BSE_IDX,01/07/2025,11:15:39,34793.02,0,0,0,0,0,0
SS6535.BSE_IDX,01/07/2025,11:15:47,34793.5,0,0,0,0,0,0
SS6535.BSE_IDX,01/07/2025,11:15:56,34795.57,0,0,0,0,0,0
SS6535.BSE_IDX,01/07/2025,11:16:03,34792.38,0,0,0,0,0,0
SS6535.BSE_IDX,01/07/2025,11:16:11,34791.57,0,0,0,0,0,0
SS6535.BSE_IDX,01/07/2025,11:16:19,34792.18,0,0,0,0,0,0
SS6535.BSE_IDX,01/07/2025,11:16:27,34788.78,0,0,0,0,0,0
SS6535.BSE_IDX,01/07/2025,11:16:35,34788.65,0,0,0,0,0,0
SS6535.BSE_IDX,01/07/2025,11:16:43,34787,0,0,0,0,0,0
SS6535.BSE_IDX,01/07/2025,11:16:51,34787.28,0,0,0,0,0,0
SS6535.BSE_IDX,01/07/2025,11:16:59,34786.68,0,0,0,0,0,0
SS6535.BSE_IDX,01/07/2025,11:17:07,34787.14,0,0,0,0,0,0
SS6535.BSE_IDX,01/07/2025,11:17:15,34789.47,0,0,0,0,0,0
SS6535.BSE_IDX,01/07/2025,11:17:23,34793.19,0,0,0,0,0,0
SS6535.BSE_IDX,01/07/2025,11:17:31,34797.06,0,0,0,0,0,0
SS6535.BSE_IDX,01/07/2025,11:17:39,34799.48,0,0,0,0,0,0
SS6535.BSE_IDX,01/07/2025,11:17:47,34803.78,0,0,0,0,0,0
SS6535.BSE_IDX,01/07/2025,11:17:57,34804.09,0,0,0,0,0,0
SS6535.BSE_IDX,01/07/2025,11:18:03,34803.83,0,0,0,0,0,0
SS6535.BSE_IDX,01/07/2025,11:18:11,34802.85,0,0,0,0,0,0
SS6535.BSE_IDX,01/07/2025,11:18:19,34802.56,0,0,0,0,0,0
SS6535.BSE_IDX,01/07/2025,11:18:27,34803.41,0,0,0,0,0,0
SS6535.BSE_IDX,01/07/2025,11:18:35,34805.97,0,0,0,0,0,0
SS6535.BSE_IDX,01/07/2025,11:18:44,34804.95,0,0,0,0,0,0
SS6535.BSE_IDX,01/07/2025,11:18:51,34807.96,0,0,0,0,0,0
SS6535.BSE_IDX,01/07/2025,11:18:59,34804.81,0,0,0,0,0,0
SS6535.BSE_IDX,01/07/2025,11:19:08,34804.24,0,0,0,0,0,0
SS6535.BSE_IDX,01/07/2025,11:19:15,34805.8,0,0,0,0,0,0
SS6535.BSE_IDX,01/07/2025,11:19:23,34805.04,0,0,0,0,0,0
SS6535.BSE_IDX,01/07/2025,11:19:31,34803.77,0,0,0,0,0,0
SS6535.BSE_IDX,01/07/2025,11:19:39,34802.21,0,0,0,0,0,0
SS6535.BSE_IDX,01/07/2025,11:19:47,34801.11,0,0,0,0,0,0
SS6535.BSE_IDX,01/07/2025,11:19:55,34795.15,0,0,0,0,0,0
SS6535.BSE_IDX,01/07/2025,11:20:03,34794.35,0,0,0,0,0,0
SS6535.BSE_IDX,01/07/2025,11:20:11,34798.26,0,0,0,0,0,0
SS6535.BSE_IDX,01/07/2025,11:20:19,34798.5,0,0,0,0,0,0
SS6535.BSE_IDX,01/07/2025,11:20:27,34799.08,0,0,0,0,0,0
SS6535.BSE_IDX,01/07/2025,11:20:35,34799.22,0,0,0,0,0,0
SS6535.BSE_IDX,01/07/2025,11:20:43,34799.64,0,0,0,0,0,0
SS6535.BSE_IDX,01/07/2025,11:20:51,34799.64,0,0,0,0,0,0
SS6535.BSE_IDX,01/07/2025,11:20:59,34799.89,0,0,0,0,0,0
SS6535.BSE_IDX,01/07/2025,11:21:07,34798.38,0,0,0,0,0,0
SS6535.BSE_IDX,01/07/2025,11:21:15,34799.21,0,0,0,0,0,0
SS6535.BSE_IDX,01/07/2025,11:21:24,34799.99,0,0,0,0,0,0
SS6535.BSE_IDX,01/07/2025,11:21:31,34800.68,0,0,0,0,0,0
SS6535.BSE_IDX,01/07/2025,11:21:39,34798.07,0,0,0,0,0,0
SS6535.BSE_IDX,01/07/2025,11:21:47,34796.17,0,0,0,0,0,0
SS6535.BSE_IDX,01/07/2025,11:21:56,34797.23,0,0,0,0,0,0
SS6535.BSE_IDX,01/07/2025,11:22:03,34798.36,0,0,0,0,0,0
SS6535.BSE_IDX,01/07/2025,11:22:11,34796.84,0,0,0,0,0,0
SS6535.BSE_IDX,01/07/2025,11:22:19,34796.81,0,0,0,0,0,0
SS6535.BSE_IDX,01/07/2025,11:22:28,34796.46,0,0,0,0,0,0
SS6535.BSE_IDX,01/07/2025,11:22:35,34797.65,0,0,0,0,0,0
SS6535.BSE_IDX,01/07/2025,11:22:43,34796.6,0,0,0,0,0,0
SS6535.BSE_IDX,01/07/2025,11:22:51,34796.42,0,0,0,0,0,0
SS6535.BSE_IDX,01/07/2025,11:22:59,34796.01,0,0,0,0,0,0
SS6535.BSE_IDX,01/07/2025,11:23:07,34795.62,0,0,0,0,0,0
SS6535.BSE_IDX,01/07/2025,11:23:15,34798.37,0,0,0,0,0,0
SS6535.BSE_IDX,01/07/2025,11:23:23,34797.4,0,0,0,0,0,0
SS6535.BSE_IDX,01/07/2025,11:23:31,34797.02,0,0,0,0,0,0
SS6535.BSE_IDX,01/07/2025,11:23:39,34796.75,0,0,0,0,0,0
SS6535.BSE_IDX,01/07/2025,11:23:47,34798.26,0,0,0,0,0,0
SS6535.BSE_IDX,01/07/2025,11:23:55,34797.55,0,0,0,0,0,0
SS6535.BSE_IDX,01/07/2025,11:24:04,34795.31,0,0,0,0,0,0
SS6535.BSE_IDX,01/07/2025,11:24:11,34796.47,0,0,0,0,0,0
SS6535.BSE_IDX,01/07/2025,11:24:19,34795.6,0,0,0,0,0,0
SS6535.BSE_IDX,01/07/2025,11:24:27,34795.52,0,0,0,0,0,0
SS6535.BSE_IDX,01/07/2025,11:24:35,34793.35,0,0,0,0,0,0
SS6535.BSE_IDX,01/07/2025,11:24:43,34793.87,0,0,0,0,0,0
SS6535.BSE_IDX,01/07/2025,11:24:52,34792.53,0,0,0,0,0,0
SS6535.BSE_IDX,01/07/2025,11:25:00,34793.65,0,0,0,0,0,0
SS6535.BSE_IDX,01/07/2025,11:25:07,34794.59,0,0,0,0,0,0
SS6535.BSE_IDX,01/07/2025,11:25:15,34793.68,0,0,0,0,0,0
SS6535.BSE_IDX,01/07/2025,11:25:23,34792.03,0,0,0,0,0,0
SS6535.BSE_IDX,01/07/2025,11:25:31,34792.83,0,0,0,0,0,0
SS6535.BSE_IDX,01/07/2025,11:25:41,34791.27,0,0,0,0,0,0
SS6535.BSE_IDX,01/07/2025,11:25:47,34789.06,0,0,0,0,0,0
SS6535.BSE_IDX,01/07/2025,11:25:55,34788.79,0,0,0,0,0,0
SS6535.BSE_IDX,01/07/2025,11:26:03,34790.3,0,0,0,0,0,0
SS6535.BSE_IDX,01/07/2025,11:26:11,34788.51,0,0,0,0,0,0
SS6535.BSE_IDX,01/07/2025,11:26:19,34790.54,0,0,0,0,0,0
SS6535.BSE_IDX,01/07/2025,11:26:27,34790.67,0,0,0,0,0,0
SS6535.BSE_IDX,01/07/2025,11:26:35,34791.38,0,0,0,0,0,0
SS6535.BSE_IDX,01/07/2025,11:26:43,34791.86,0,0,0,0,0,0
SS6535.BSE_IDX,01/07/2025,11:26:51,34790.98,0,0,0,0,0,0
SS6535.BSE_IDX,01/07/2025,11:26:59,34791.76,0,0,0,0,0,0
SS6535.BSE_IDX,01/07/2025,11:27:07,34791.46,0,0,0,0,0,0
SS6535.BSE_IDX,01/07/2025,11:27:15,34792.36,0,0,0,0,0,0
SS6535.BSE_IDX,01/07/2025,11:27:23,34789.93,0,0,0,0,0,0
SS6535.BSE_IDX,01/07/2025,11:27:31,34791.05,0,0,0,0,0,0
SS6535.BSE_IDX,01/07/2025,11:27:39,34791.72,0,0,0,0,0,0
SS6535.BSE_IDX,01/07/2025,11:27:47,34791.38,0,0,0,0,0,0
SS6535.BSE_IDX,01/07/2025,11:27:55,34792.13,0,0,0,0,0,0
SS6535.BSE_IDX,01/07/2025,11:28:03,34792.08,0,0,0,0,0,0
SS6535.BSE_IDX,01/07/2025,11:28:11,34790.56,0,0,0,0,0,0
SS6535.BSE_IDX,01/07/2025,11:28:19,34788.05,0,0,0,0,0,0
SS6535.BSE_IDX,01/07/2025,11:28:27,34789.19,0,0,0,0,0,0
SS6535.BSE_IDX,01/07/2025,11:28:36,34793.21,0,0,0,0,0,0
SS6535.BSE_IDX,01/07/2025,11:28:43,34792.49,0,0,0,0,0,0
SS6535.BSE_IDX,01/07/2025,11:28:51,34792.89,0,0,0,0,0,0
SS6535.BSE_IDX,01/07/2025,11:28:59,34793.08,0,0,0,0,0,0
SS6535.BSE_IDX,01/07/2025,11:29:07,34793,0,0,0,0,0,0
SS6535.BSE_IDX,01/07/2025,11:29:16,34793.05,0,0,0,0,0,0
SS6535.BSE_IDX,01/07/2025,11:29:24,34791.98,0,0,0,0,0,0
SS6535.BSE_IDX,01/07/2025,11:29:31,34793.27,0,0,0,0,0,0
SS6535.BSE_IDX,01/07/2025,11:29:39,34794.5,0,0,0,0,0,0
SS6535.BSE_IDX,01/07/2025,11:29:47,34796.74,0,0,0,0,0,0
SS6535.BSE_IDX,01/07/2025,11:29:55,34797.08,0,0,0,0,0,0
SS6535.BSE_IDX,01/07/2025,11:30:03,34798.93,0,0,0,0,0,0
SS6535.BSE_IDX,01/07/2025,11:30:11,34797.79,0,0,0,0,0,0
SS6535.BSE_IDX,01/07/2025,11:30:19,34799.16,0,0,0,0,0,0
SS6535.BSE_IDX,01/07/2025,11:30:27,34799.18,0,0,0,0,0,0
SS6535.BSE_IDX,01/07/2025,11:30:35,34798.95,0,0,0,0,0,0
SS6535.BSE_IDX,01/07/2025,11:30:43,34800.98,0,0,0,0,0,0
SS6535.BSE_IDX,01/07/2025,11:30:52,34800.71,0,0,0,0,0,0
SS6535.BSE_IDX,01/07/2025,11:30:59,34799.58,0,0,0,0,0,0
SS6535.BSE_IDX,01/07/2025,11:31:07,34797.41,0,0,0,0,0,0
SS6535.BSE_IDX,01/07/2025,11:31:16,34794.89,0,0,0,0,0,0
SS6535.BSE_IDX,01/07/2025,11:31:23,34793.96,0,0,0,0,0,0
SS6535.BSE_IDX,01/07/2025,11:31:31,34793.26,0,0,0,0,0,0
SS6535.BSE_IDX,01/07/2025,11:31:39,34793.3,0,0,0,0,0,0
SS6535.BSE_IDX,01/07/2025,11:31:47,34794,0,0,0,0,0,0
SS6535.BSE_IDX,01/07/2025,11:31:55,34794.6,0,0,0,0,0,0
SS6535.BSE_IDX,01/07/2025,11:32:04,34793.8,0,0,0,0,0,0
SS6535.BSE_IDX,01/07/2025,11:32:11,34792.77,0,0,0,0,0,0
SS6535.BSE_IDX,01/07/2025,11:32:19,34796.34,0,0,0,0,0,0
SS6535.BSE_IDX,01/07/2025,11:32:27,34794.99,0,0,0,0,0,0
SS6535.BSE_IDX,01/07/2025,11:32:35,34795.47,0,0,0,0,0,0
SS6535.BSE_IDX,01/07/2025,11:32:43,34795.04,0,0,0,0,0,0
SS6535.BSE_IDX,01/07/2025,11:32:51,34791.59,0,0,0,0,0,0
SS6535.BSE_IDX,01/07/2025,11:32:59,34791.07,0,0,0,0,0,0
SS6535.BSE_IDX,01/07/2025,11:33:07,34788.94,0,0,0,0,0,0
SS6535.BSE_IDX,01/07/2025,11:33:15,34785.69,0,0,0,0,0,0
SS6535.BSE_IDX,01/07/2025,11:33:23,34787.59,0,0,0,0,0,0
SS6535.BSE_IDX,01/07/2025,11:33:31,34786.55,0,0,0,0,0,0
SS6535.BSE_IDX,01/07/2025,11:33:39,34788.64,0,0,0,0,0,0
SS6535.BSE_IDX,01/07/2025,11:33:47,34787.36,0,0,0,0,0,0
SS6535.BSE_IDX,01/07/2025,11:33:55,34787.74,0,0,0,0,0,0
SS6535.BSE_IDX,01/07/2025,11:34:03,34787.05,0,0,0,0,0,0
SS6535.BSE_IDX,01/07/2025,11:34:12,34784.87,0,0,0,0,0,0
SS6535.BSE_IDX,01/07/2025,11:34:19,34785.35,0,0,0,0,0,0
SS6535.BSE_IDX,01/07/2025,11:34:27,34783.36,0,0,0,0,0,0
SS6535.BSE_IDX,01/07/2025,11:34:35,34783.47,0,0,0,0,0,0
SS6535.BSE_IDX,01/07/2025,11:34:43,34784.35,0,0,0,0,0,0
SS6535.BSE_IDX,01/07/2025,11:34:52,34785.5,0,0,0,0,0,0
SS6535.BSE_IDX,01/07/2025,11:35:00,34784.67,0,0,0,0,0,0
SS6535.BSE_IDX,01/07/2025,11:35:07,34785.48,0,0,0,0,0,0
SS6535.BSE_IDX,01/07/2025,11:35:16,34785.69,0,0,0,0,0,0
SS6535.BSE_IDX,01/07/2025,11:35:23,34788.72,0,0,0,0,0,0
SS6535.BSE_IDX,01/07/2025,11:35:32,34787.89,0,0,0,0,0,0
SS6535.BSE_IDX,01/07/2025,11:35:40,34788.96,0,0,0,0,0,0
SS6535.BSE_IDX,01/07/2025,11:35:47,34790.09,0,0,0,0,0,0
SS6535.BSE_IDX,01/07/2025,11:35:55,34789.48,0,0,0,0,0,0
SS6535.BSE_IDX,01/07/2025,11:36:04,34789.09,0,0,0,0,0,0
SS6535.BSE_IDX,01/07/2025,11:36:11,34790.46,0,0,0,0,0,0
SS6535.BSE_IDX,01/07/2025,11:36:20,34788.54,0,0,0,0,0,0
SS6535.BSE_IDX,01/07/2025,11:36:28,34790.24,0,0,0,0,0,0
SS6535.BSE_IDX,01/07/2025,11:36:35,34788.09,0,0,0,0,0,0
SS6535.BSE_IDX,01/07/2025,11:36:44,34788.92,0,0,0,0,0,0
SS6535.BSE_IDX,01/07/2025,11:36:54,34790.97,0,0,0,0,0,0
SS6535.BSE_IDX,01/07/2025,11:36:59,34791.49,0,0,0,0,0,0
SS6535.BSE_IDX,01/07/2025,11:37:08,34791.78,0,0,0,0,0,0
SS6535.BSE_IDX,01/07/2025,11:37:15,34792.5,0,0,0,0,0,0
SS6535.BSE_IDX,01/07/2025,11:37:23,34791.4,0,0,0,0,0,0
SS6535.BSE_IDX,01/07/2025,11:37:32,34792.49,0,0,0,0,0,0
SS6535.BSE_IDX,01/07/2025,11:37:41,34790.83,0,0,0,0,0,0
SS6535.BSE_IDX,01/07/2025,11:37:47,34792.24,0,0,0,0,0,0
SS6535.BSE_IDX,01/07/2025,11:37:55,34794.21,0,0,0,0,0,0
SS6535.BSE_IDX,01/07/2025,11:38:03,34794,0,0,0,0,0,0
SS6535.BSE_IDX,01/07/2025,11:38:11,34792.45,0,0,0,0,0,0
SS6535.BSE_IDX,01/07/2025,11:38:20,34790.53,0,0,0,0,0,0
SS6535.BSE_IDX,01/07/2025,11:38:27,34791.4,0,0,0,0,0,0
SS6535.BSE_IDX,01/07/2025,11:38:35,34792.82,0,0,0,0,0,0
SS6535.BSE_IDX,01/07/2025,11:38:43,34792.26,0,0,0,0,0,0
SS6535.BSE_IDX,01/07/2025,11:38:51,34792.53,0,0,0,0,0,0
SS6535.BSE_IDX,01/07/2025,11:38:59,34791.64,0,0,0,0,0,0
SS6535.BSE_IDX,01/07/2025,11:39:07,34792.74,0,0,0,0,0,0
SS6535.BSE_IDX,01/07/2025,11:39:16,34793.6,0,0,0,0,0,0
SS6535.BSE_IDX,01/07/2025,11:39:24,34794.6,0,0,0,0,0,0
SS6535.BSE_IDX,01/07/2025,11:39:31,34794.81,0,0,0,0,0,0
SS6535.BSE_IDX,01/07/2025,11:39:39,34792.48,0,0,0,0,0,0
SS6535.BSE_IDX,01/07/2025,11:39:48,34793.01,0,0,0,0,0,0
SS6535.BSE_IDX,01/07/2025,11:39:55,34792.15,0,0,0,0,0,0
SS6535.BSE_IDX,01/07/2025,11:40:03,34794.57,0,0,0,0,0,0
SS6535.BSE_IDX,01/07/2025,11:40:12,34795.95,0,0,0,0,0,0
SS6535.BSE_IDX,01/07/2025,11:40:20,34794.52,0,0,0,0,0,0
SS6535.BSE_IDX,01/07/2025,11:40:28,34794.8,0,0,0,0,0,0
SS6535.BSE_IDX,01/07/2025,11:40:36,34794.49,0,0,0,0,0,0
SS6535.BSE_IDX,01/07/2025,11:40:44,34794.94,0,0,0,0,0,0
SS6535.BSE_IDX,01/07/2025,11:40:52,34794.41,0,0,0,0,0,0
SS6535.BSE_IDX,01/07/2025,11:41:00,34796.89,0,0,0,0,0,0
SS6535.BSE_IDX,01/07/2025,11:41:07,34796.17,0,0,0,0,0,0
SS6535.BSE_IDX,01/07/2025,11:41:16,34795.28,0,0,0,0,0,0
SS6535.BSE_IDX,01/07/2025,11:41:24,34797.79,0,0,0,0,0,0
SS6535.BSE_IDX,01/07/2025,11:41:32,34798.46,0,0,0,0,0,0
SS6535.BSE_IDX,01/07/2025,11:41:40,34800.62,0,0,0,0,0,0
SS6535.BSE_IDX,01/07/2025,11:41:48,34798.53,0,0,0,0,0,0
SS6535.BSE_IDX,01/07/2025,11:41:56,34797.11,0,0,0,0,0,0
SS6535.BSE_IDX,01/07/2025,11:42:04,34800.76,0,0,0,0,0,0
SS6535.BSE_IDX,01/07/2025,11:42:12,34800.26,0,0,0,0,0,0
SS6535.BSE_IDX,01/07/2025,11:42:20,34799.84,0,0,0,0,0,0
SS6535.BSE_IDX,01/07/2025,11:42:28,34799.59,0,0,0,0,0,0
SS6535.BSE_IDX,01/07/2025,11:42:36,34801.57,0,0,0,0,0,0
SS6535.BSE_IDX,01/07/2025,11:42:44,34802.34,0,0,0,0,0,0
SS6535.BSE_IDX,01/07/2025,11:42:52,34804.39,0,0,0,0,0,0
SS6535.BSE_IDX,01/07/2025,11:43:00,34802.83,0,0,0,0,0,0
SS6535.BSE_IDX,01/07/2025,11:43:08,34801.53,0,0,0,0,0,0
SS6535.BSE_IDX,01/07/2025,11:43:16,34803.13,0,0,0,0,0,0
SS6535.BSE_IDX,01/07/2025,11:43:24,34804.34,0,0,0,0,0,0
SS6535.BSE_IDX,01/07/2025,11:43:32,34802.96,0,0,0,0,0,0
SS6535.BSE_IDX,01/07/2025,11:43:40,34801.26,0,0,0,0,0,0
SS6535.BSE_IDX,01/07/2025,11:43:48,34802.44,0,0,0,0,0,0
SS6535.BSE_IDX,01/07/2025,11:43:56,34801,0,0,0,0,0,0
SS6535.BSE_IDX,01/07/2025,11:44:04,34801.71,0,0,0,0,0,0
SS6535.BSE_IDX,01/07/2025,11:44:12,34802.92,0,0,0,0,0,0
SS6535.BSE_IDX,01/07/2025,11:44:20,34802.32,0,0,0,0,0,0
SS6535.BSE_IDX,01/07/2025,11:44:28,34799.68,0,0,0,0,0,0
SS6535.BSE_IDX,01/07/2025,11:44:36,34792.72,0,0,0,0,0,0
SS6535.BSE_IDX,01/07/2025,11:44:44,34792.06,0,0,0,0,0,0
SS6535.BSE_IDX,01/07/2025,11:44:52,34789.76,0,0,0,0,0,0
SS6535.BSE_IDX,01/07/2025,11:45:00,34787.77,0,0,0,0,0,0
SS6535.BSE_IDX,01/07/2025,11:45:08,34792.87,0,0,0,0,0,0
SS6535.BSE_IDX,01/07/2025,11:45:16,34793.97,0,0,0,0,0,0
SS6535.BSE_IDX,01/07/2025,11:45:24,34796.37,0,0,0,0,0,0
SS6535.BSE_IDX,01/07/2025,11:45:32,34796.82,0,0,0,0,0,0
SS6535.BSE_IDX,01/07/2025,11:45:40,34800.86,0,0,0,0,0,0
SS6535.BSE_IDX,01/07/2025,11:45:48,34800.92,0,0,0,0,0,0
SS6535.BSE_IDX,01/07/2025,11:45:56,34803.97,0,0,0,0,0,0
SS6535.BSE_IDX,01/07/2025,11:46:04,34810.33,0,0,0,0,0,0
SS6535.BSE_IDX,01/07/2025,11:46:12,34813.9,0,0,0,0,0,0
SS6535.BSE_IDX,01/07/2025,11:46:20,34811.2,0,0,0,0,0,0
SS6535.BSE_IDX,01/07/2025,11:46:28,34809.77,0,0,0,0,0,0
SS6535.BSE_IDX,01/07/2025,11:46:36,34809.64,0,0,0,0,0,0
SS6535.BSE_IDX,01/07/2025,11:46:44,34807.56,0,0,0,0,0,0
SS6535.BSE_IDX,01/07/2025,11:46:52,34808.75,0,0,0,0,0,0
SS6535.BSE_IDX,01/07/2025,11:47:00,34807.53,0,0,0,0,0,0
SS6535.BSE_IDX,01/07/2025,11:47:08,34807.5,0,0,0,0,0,0
SS6535.BSE_IDX,01/07/2025,11:47:16,34802.8,0,0,0,0,0,0
SS6535.BSE_IDX,01/07/2025,11:47:24,34801.36,0,0,0,0,0,0
SS6535.BSE_IDX,01/07/2025,11:47:32,34801.63,0,0,0,0,0,0
SS6535.BSE_IDX,01/07/2025,11:47:40,34802.51,0,0,0,0,0,0
SS6535.BSE_IDX,01/07/2025,11:47:48,34802.3,0,0,0,0,0,0
SS6535.BSE_IDX,01/07/2025,11:47:56,34799.13,0,0,0,0,0,0
SS6535.BSE_IDX,01/07/2025,11:48:04,34799.09,0,0,0,0,0,0
SS6535.BSE_IDX,01/07/2025,11:48:12,34799.69,0,0,0,0,0,0
SS6535.BSE_IDX,01/07/2025,11:48:20,34801.51,0,0,0,0,0,0
SS6535.BSE_IDX,01/07/2025,11:48:28,34802.58,0,0,0,0,0,0
SS6535.BSE_IDX,01/07/2025,11:48:36,34801.83,0,0,0,0,0,0
SS6535.BSE_IDX,01/07/2025,11:48:44,34803.58,0,0,0,0,0,0
SS6535.BSE_IDX,01/07/2025,11:48:52,34803.06,0,0,0,0,0,0
SS6535.BSE_IDX,01/07/2025,11:49:01,34802.13,0,0,0,0,0,0
SS6535.BSE_IDX,01/07/2025,11:49:09,34802.01,0,0,0,0,0,0
SS6535.BSE_IDX,01/07/2025,11:49:16,34802.88,0,0,0,0,0,0
SS6535.BSE_IDX,01/07/2025,11:49:24,34802.11,0,0,0,0,0,0
SS6535.BSE_IDX,01/07/2025,11:49:32,34802.25,0,0,0,0,0,0
SS6535.BSE_IDX,01/07/2025,11:49:40,34802.61,0,0,0,0,0,0
SS6535.BSE_IDX,01/07/2025,11:49:49,34799.81,0,0,0,0,0,0
SS6535.BSE_IDX,01/07/2025,11:49:56,34799.72,0,0,0,0,0,0
SS6535.BSE_IDX,01/07/2025,11:50:04,34800.66,0,0,0,0,0,0
SS6535.BSE_IDX,01/07/2025,11:50:12,34798.46,0,0,0,0,0,0
SS6535.BSE_IDX,01/07/2025,11:50:20,34797.33,0,0,0,0,0,0
SS6535.BSE_IDX,01/07/2025,11:50:28,34798.42,0,0,0,0,0,0
SS6535.BSE_IDX,01/07/2025,11:50:36,34798.34,0,0,0,0,0,0
SS6535.BSE_IDX,01/07/2025,11:50:44,34798.54,0,0,0,0,0,0
SS6535.BSE_IDX,01/07/2025,11:50:52,34798.33,0,0,0,0,0,0
SS6535.BSE_IDX,01/07/2025,11:51:00,34797.63,0,0,0,0,0,0
SS6535.BSE_IDX,01/07/2025,11:51:08,34800.06,0,0,0,0,0,0
SS6535.BSE_IDX,01/07/2025,11:51:16,34800.37,0,0,0,0,0,0
SS6535.BSE_IDX,01/07/2025,11:51:24,34797.32,0,0,0,0,0,0
SS6535.BSE_IDX,01/07/2025,11:51:32,34798.27,0,0,0,0,0,0
SS6535.BSE_IDX,01/07/2025,11:51:40,34799.1,0,0,0,0,0,0
SS6535.BSE_IDX,01/07/2025,11:51:48,34799.99,0,0,0,0,0,0
SS6535.BSE_IDX,01/07/2025,11:51:56,34799.75,0,0,0,0,0,0
SS6535.BSE_IDX,01/07/2025,11:52:04,34798.85,0,0,0,0,0,0
SS6535.BSE_IDX,01/07/2025,11:52:12,34795.86,0,0,0,0,0,0
SS6535.BSE_IDX,01/07/2025,11:52:20,34796.22,0,0,0,0,0,0
SS6535.BSE_IDX,01/07/2025,11:52:28,34798.49,0,0,0,0,0,0
SS6535.BSE_IDX,01/07/2025,11:52:36,34797.08,0,0,0,0,0,0
SS6535.BSE_IDX,01/07/2025,11:52:44,34796.71,0,0,0,0,0,0
SS6535.BSE_IDX,01/07/2025,11:52:52,34796.13,0,0,0,0,0,0
SS6535.BSE_IDX,01/07/2025,11:53:00,34794.15,0,0,0,0,0,0
SS6535.BSE_IDX,01/07/2025,11:53:08,34792.77,0,0,0,0,0,0
SS6535.BSE_IDX,01/07/2025,11:53:16,34790.96,0,0,0,0,0,0
SS6535.BSE_IDX,01/07/2025,11:53:24,34789.28,0,0,0,0,0,0
SS6535.BSE_IDX,01/07/2025,11:53:32,34788.81,0,0,0,0,0,0
SS6535.BSE_IDX,01/07/2025,11:53:40,34790.59,0,0,0,0,0,0
SS6535.BSE_IDX,01/07/2025,11:53:48,34789.73,0,0,0,0,0,0
SS6535.BSE_IDX,01/07/2025,11:53:56,34788.32,0,0,0,0,0,0
SS6535.BSE_IDX,01/07/2025,11:54:04,34785.81,0,0,0,0,0,0
SS6535.BSE_IDX,01/07/2025,11:54:12,34781.13,0,0,0,0,0,0
SS6535.BSE_IDX,01/07/2025,11:54:20,34780.96,0,0,0,0,0,0
SS6535.BSE_IDX,01/07/2025,11:54:28,34782.5,0,0,0,0,0,0
SS6535.BSE_IDX,01/07/2025,11:54:36,34781.98,0,0,0,0,0,0
SS6535.BSE_IDX,01/07/2025,11:54:44,34781.58,0,0,0,0,0,0
SS6535.BSE_IDX,01/07/2025,11:54:52,34780.78,0,0,0,0,0,0
SS6535.BSE_IDX,01/07/2025,11:55:00,34780.24,0,0,0,0,0,0
SS6535.BSE_IDX,01/07/2025,11:55:08,34781.37,0,0,0,0,0,0
SS6535.BSE_IDX,01/07/2025,11:55:17,34780.18,0,0,0,0,0,0
SS6535.BSE_IDX,01/07/2025,11:55:24,34779.58,0,0,0,0,0,0
SS6535.BSE_IDX,01/07/2025,11:55:32,34779.39,0,0,0,0,0,0
SS6535.BSE_IDX,01/07/2025,11:55:40,34779.81,0,0,0,0,0,0
SS6535.BSE_IDX,01/07/2025,11:55:48,34777.9,0,0,0,0,0,0
SS6535.BSE_IDX,01/07/2025,11:55:56,34778.87,0,0,0,0,0,0
SS6535.BSE_IDX,01/07/2025,11:56:05,34779.21,0,0,0,0,0,0
SS6535.BSE_IDX,01/07/2025,11:56:12,34778.76,0,0,0,0,0,0
SS6535.BSE_IDX,01/07/2025,11:56:20,34771.63,0,0,0,0,0,0
SS6535.BSE_IDX,01/07/2025,11:56:28,34769.42,0,0,0,0,0,0
SS6535.BSE_IDX,01/07/2025,11:56:36,34769.78,0,0,0,0,0,0
SS6535.BSE_IDX,01/07/2025,11:56:44,34775.03,0,0,0,0,0,0
SS6535.BSE_IDX,01/07/2025,11:56:52,34771.03,0,0,0,0,0,0
SS6535.BSE_IDX,01/07/2025,11:57:00,34770.77,0,0,0,0,0,0
SS6535.BSE_IDX,01/07/2025,11:57:08,34768.97,0,0,0,0,0,0
SS6535.BSE_IDX,01/07/2025,11:57:16,34769.62,0,0,0,0,0,0
SS6535.BSE_IDX,01/07/2025,11:57:24,34770.42,0,0,0,0,0,0
SS6535.BSE_IDX,01/07/2025,11:57:32,34770.38,0,0,0,0,0,0
SS6535.BSE_IDX,01/07/2025,11:57:40,34770.2,0,0,0,0,0,0
SS6535.BSE_IDX,01/07/2025,11:57:48,34771.13,0,0,0,0,0,0
SS6535.BSE_IDX,01/07/2025,11:57:56,34771.6,0,0,0,0,0,0
SS6535.BSE_IDX,01/07/2025,11:58:04,34770.61,0,0,0,0,0,0
SS6535.BSE_IDX,01/07/2025,11:58:12,34770.33,0,0,0,0,0,0
SS6535.BSE_IDX,01/07/2025,11:58:20,34769.67,0,0,0,0,0,0
SS6535.BSE_IDX,01/07/2025,11:58:28,34768.74,0,0,0,0,0,0
SS6535.BSE_IDX,01/07/2025,11:58:36,34770.91,0,0,0,0,0,0
SS6535.BSE_IDX,01/07/2025,11:58:44,34774.04,0,0,0,0,0,0
SS6535.BSE_IDX,01/07/2025,11:58:52,34774.85,0,0,0,0,0,0
SS6535.BSE_IDX,01/07/2025,11:59:00,34773.17,0,0,0,0,0,0
SS6535.BSE_IDX,01/07/2025,11:59:08,34775.19,0,0,0,0,0,0
SS6535.BSE_IDX,01/07/2025,11:59:16,34775.14,0,0,0,0,0,0
SS6535.BSE_IDX,01/07/2025,11:59:24,34778.28,0,0,0,0,0,0
SS6535.BSE_IDX,01/07/2025,11:59:32,34781.82,0,0,0,0,0,0
SS6535.BSE_IDX,01/07/2025,11:59:40,34782.45,0,0,0,0,0,0
SS6535.BSE_IDX,01/07/2025,11:59:48,34783.99,0,0,0,0,0,0
SS6535.BSE_IDX,01/07/2025,11:59:56,34784.69,0,0,0,0,0,0
SS6535.BSE_IDX,01/07/2025,12:00:05,34786.04,0,0,0,0,0,0
SS6535.BSE_IDX,01/07/2025,12:00:12,34784.97,0,0,0,0,0,0
SS6535.BSE_IDX,01/07/2025,12:00:20,34782.37,0,0,0,0,0,0
SS6535.BSE_IDX,01/07/2025,12:00:28,34780.59,0,0,0,0,0,0
SS6535.BSE_IDX,01/07/2025,12:00:37,34780.46,0,0,0,0,0,0
SS6535.BSE_IDX,01/07/2025,12:00:44,34779.1,0,0,0,0,0,0
SS6535.BSE_IDX,01/07/2025,12:00:52,34779.43,0,0,0,0,0,0
SS6535.BSE_IDX,01/07/2025,12:01:00,34780.54,0,0,0,0,0,0
SS6535.BSE_IDX,01/07/2025,12:01:08,34780.83,0,0,0,0,0,0
SS6535.BSE_IDX,01/07/2025,12:01:16,34781.75,0,0,0,0,0,0
SS6535.BSE_IDX,01/07/2025,12:01:24,34782.34,0,0,0,0,0,0
SS6535.BSE_IDX,01/07/2025,12:01:32,34782.91,0,0,0,0,0,0
SS6535.BSE_IDX,01/07/2025,12:01:40,34783.74,0,0,0,0,0,0
SS6535.BSE_IDX,01/07/2025,12:01:48,34783.16,0,0,0,0,0,0
SS6535.BSE_IDX,01/07/2025,12:01:57,34782.83,0,0,0,0,0,0
SS6535.BSE_IDX,01/07/2025,12:02:04,34784.18,0,0,0,0,0,0
SS6535.BSE_IDX,01/07/2025,12:02:12,34785.29,0,0,0,0,0,0
SS6535.BSE_IDX,01/07/2025,12:02:20,34784.8,0,0,0,0,0,0
SS6535.BSE_IDX,01/07/2025,12:02:28,34782.83,0,0,0,0,0,0
SS6535.BSE_IDX,01/07/2025,12:02:36,34784.09,0,0,0,0,0,0
SS6535.BSE_IDX,01/07/2025,12:02:44,34784.05,0,0,0,0,0,0
SS6535.BSE_IDX,01/07/2025,12:02:52,34786.06,0,0,0,0,0,0
SS6535.BSE_IDX,01/07/2025,12:03:00,34786,0,0,0,0,0,0
SS6535.BSE_IDX,01/07/2025,12:03:08,34785.59,0,0,0,0,0,0
SS6535.BSE_IDX,01/07/2025,12:03:17,34786.48,0,0,0,0,0,0
SS6535.BSE_IDX,01/07/2025,12:03:24,34785.83,0,0,0,0,0,0
SS6535.BSE_IDX,01/07/2025,12:03:32,34787.41,0,0,0,0,0,0
SS6535.BSE_IDX,01/07/2025,12:03:40,34787.26,0,0,0,0,0,0
SS6535.BSE_IDX,01/07/2025,12:03:48,34785.87,0,0,0,0,0,0
SS6535.BSE_IDX,01/07/2025,12:03:56,34785.06,0,0,0,0,0,0
SS6535.BSE_IDX,01/07/2025,12:04:04,34785.56,0,0,0,0,0,0
SS6535.BSE_IDX,01/07/2025,12:04:12,34785.72,0,0,0,0,0,0
SS6535.BSE_IDX,01/07/2025,12:04:20,34785.04,0,0,0,0,0,0
SS6535.BSE_IDX,01/07/2025,12:04:28,34787.2,0,0,0,0,0,0
SS6535.BSE_IDX,01/07/2025,12:04:36,34788.29,0,0,0,0,0,0
SS6535.BSE_IDX,01/07/2025,12:04:44,34788.02,0,0,0,0,0,0
SS6535.BSE_IDX,01/07/2025,12:04:52,34787.42,0,0,0,0,0,0
SS6535.BSE_IDX,01/07/2025,12:05:01,34786.98,0,0,0,0,0,0
SS6535.BSE_IDX,01/07/2025,12:05:08,34787.64,0,0,0,0,0,0
SS6535.BSE_IDX,01/07/2025,12:05:16,34788.75,0,0,0,0,0,0
SS6535.BSE_IDX,01/07/2025,12:05:24,34786.94,0,0,0,0,0,0
SS6535.BSE_IDX,01/07/2025,12:05:32,34785.19,0,0,0,0,0,0
SS6535.BSE_IDX,01/07/2025,12:05:40,34786.54,0,0,0,0,0,0
SS6535.BSE_IDX,01/07/2025,12:05:48,34783.79,0,0,0,0,0,0
SS6535.BSE_IDX,01/07/2025,12:05:56,34785.89,0,0,0,0,0,0
SS6535.BSE_IDX,01/07/2025,12:06:04,34786.68,0,0,0,0,0,0
SS6535.BSE_IDX,01/07/2025,12:06:12,34787.52,0,0,0,0,0,0
SS6535.BSE_IDX,01/07/2025,12:06:20,34787.32,0,0,0,0,0,0
SS6535.BSE_IDX,01/07/2025,12:06:28,34786.58,0,0,0,0,0,0
SS6535.BSE_IDX,01/07/2025,12:06:36,34785.47,0,0,0,0,0,0
SS6535.BSE_IDX,01/07/2025,12:06:44,34787.05,0,0,0,0,0,0
SS6535.BSE_IDX,01/07/2025,12:06:53,34786.67,0,0,0,0,0,0
SS6535.BSE_IDX,01/07/2025,12:07:00,34785.02,0,0,0,0,0,0
SS6535.BSE_IDX,01/07/2025,12:07:08,34784.97,0,0,0,0,0,0
SS6535.BSE_IDX,01/07/2025,12:07:17,34785.54,0,0,0,0,0,0
SS6535.BSE_IDX,01/07/2025,12:07:24,34784.28,0,0,0,0,0,0
SS6535.BSE_IDX,01/07/2025,12:07:33,34782.86,0,0,0,0,0,0
SS6535.BSE_IDX,01/07/2025,12:07:40,34782.68,0,0,0,0,0,0
SS6535.BSE_IDX,01/07/2025,12:07:49,34784.58,0,0,0,0,0,0
SS6535.BSE_IDX,01/07/2025,12:07:57,34782.76,0,0,0,0,0,0
SS6535.BSE_IDX,01/07/2025,12:08:05,34783.8,0,0,0,0,0,0
SS6535.BSE_IDX,01/07/2025,12:08:13,34784.32,0,0,0,0,0,0
SS6535.BSE_IDX,01/07/2025,12:08:21,34782.2,0,0,0,0,0,0
SS6535.BSE_IDX,01/07/2025,12:08:28,34782.51,0,0,0,0,0,0
SS6535.BSE_IDX,01/07/2025,12:08:36,34781.48,0,0,0,0,0,0
SS6535.BSE_IDX,01/07/2025,12:08:45,34782.92,0,0,0,0,0,0
SS6535.BSE_IDX,01/07/2025,12:08:52,34785.07,0,0,0,0,0,0
SS6535.BSE_IDX,01/07/2025,12:09:00,34785.25,0,0,0,0,0,0
SS6535.BSE_IDX,01/07/2025,12:09:08,34784.52,0,0,0,0,0,0
SS6535.BSE_IDX,01/07/2025,12:09:16,34786.35,0,0,0,0,0,0
SS6535.BSE_IDX,01/07/2025,12:09:25,34785.33,0,0,0,0,0,0
SS6535.BSE_IDX,01/07/2025,12:09:32,34786.38,0,0,0,0,0,0
SS6535.BSE_IDX,01/07/2025,12:09:40,34788.8,0,0,0,0,0,0
SS6535.BSE_IDX,01/07/2025,12:09:48,34787.41,0,0,0,0,0,0
SS6535.BSE_IDX,01/07/2025,12:09:57,34787.67,0,0,0,0,0,0
SS6535.BSE_IDX,01/07/2025,12:10:05,34785.96,0,0,0,0,0,0
SS6535.BSE_IDX,01/07/2025,12:10:13,34785.47,0,0,0,0,0,0
SS6535.BSE_IDX,01/07/2025,12:10:22,34788.53,0,0,0,0,0,0
SS6535.BSE_IDX,01/07/2025,12:10:28,34788.43,0,0,0,0,0,0
SS6535.BSE_IDX,01/07/2025,12:10:36,34786.65,0,0,0,0,0,0
SS6535.BSE_IDX,01/07/2025,12:10:45,34786.19,0,0,0,0,0,0
SS6535.BSE_IDX,01/07/2025,12:10:52,34787.41,0,0,0,0,0,0
SS6535.BSE_IDX,01/07/2025,12:11:00,34787.69,0,0,0,0,0,0
SS6535.BSE_IDX,01/07/2025,12:11:08,34788.81,0,0,0,0,0,0
SS6535.BSE_IDX,01/07/2025,12:11:17,34789.32,0,0,0,0,0,0
SS6535.BSE_IDX,01/07/2025,12:11:24,34790.29,0,0,0,0,0,0
SS6535.BSE_IDX,01/07/2025,12:11:32,34789.54,0,0,0,0,0,0
SS6535.BSE_IDX,01/07/2025,12:11:41,34790.57,0,0,0,0,0,0
SS6535.BSE_IDX,01/07/2025,12:11:49,34794.32,0,0,0,0,0,0
SS6535.BSE_IDX,01/07/2025,12:11:57,34796,0,0,0,0,0,0
SS6535.BSE_IDX,01/07/2025,12:12:05,34797.81,0,0,0,0,0,0
SS6535.BSE_IDX,01/07/2025,12:12:13,34799.43,0,0,0,0,0,0
SS6535.BSE_IDX,01/07/2025,12:12:21,34799.96,0,0,0,0,0,0
SS6535.BSE_IDX,01/07/2025,12:12:29,34798.77,0,0,0,0,0,0
SS6535.BSE_IDX,01/07/2025,12:12:37,34799.61,0,0,0,0,0,0
SS6535.BSE_IDX,01/07/2025,12:12:45,34799.3,0,0,0,0,0,0
SS6535.BSE_IDX,01/07/2025,12:12:53,34796.48,0,0,0,0,0,0
SS6535.BSE_IDX,01/07/2025,12:13:01,34797.74,0,0,0,0,0,0
SS6535.BSE_IDX,01/07/2025,12:13:09,34798.68,0,0,0,0,0,0
SS6535.BSE_IDX,01/07/2025,12:13:17,34799.38,0,0,0,0,0,0
SS6535.BSE_IDX,01/07/2025,12:13:25,34800.33,0,0,0,0,0,0
SS6535.BSE_IDX,01/07/2025,12:13:33,34800.91,0,0,0,0,0,0
SS6535.BSE_IDX,01/07/2025,12:13:41,34802.56,0,0,0,0,0,0
SS6535.BSE_IDX,01/07/2025,12:13:49,34801.24,0,0,0,0,0,0
SS6535.BSE_IDX,01/07/2025,12:13:57,34800.07,0,0,0,0,0,0
SS6535.BSE_IDX,01/07/2025,12:14:05,34800.99,0,0,0,0,0,0
SS6535.BSE_IDX,01/07/2025,12:14:13,34801.53,0,0,0,0,0,0
SS6535.BSE_IDX,01/07/2025,12:14:21,34803.86,0,0,0,0,0,0
SS6535.BSE_IDX,01/07/2025,12:14:29,34803.23,0,0,0,0,0,0
SS6535.BSE_IDX,01/07/2025,12:14:37,34803.57,0,0,0,0,0,0
SS6535.BSE_IDX,01/07/2025,12:14:46,34803.99,0,0,0,0,0,0
SS6535.BSE_IDX,01/07/2025,12:14:54,34802,0,0,0,0,0,0
SS6535.BSE_IDX,01/07/2025,12:15:01,34801.82,0,0,0,0,0,0
SS6535.BSE_IDX,01/07/2025,12:15:09,34802.05,0,0,0,0,0,0
SS6535.BSE_IDX,01/07/2025,12:15:17,34803.76,0,0,0,0,0,0
SS6535.BSE_IDX,01/07/2025,12:15:25,34803.53,0,0,0,0,0,0
SS6535.BSE_IDX,01/07/2025,12:15:33,34803.1,0,0,0,0,0,0
SS6535.BSE_IDX,01/07/2025,12:15:41,34801.98,0,0,0,0,0,0
SS6535.BSE_IDX,01/07/2025,12:15:49,34800.06,0,0,0,0,0,0
SS6535.BSE_IDX,01/07/2025,12:15:57,34801.26,0,0,0,0,0,0
SS6535.BSE_IDX,01/07/2025,12:16:05,34801.2,0,0,0,0,0,0
SS6535.BSE_IDX,01/07/2025,12:16:13,34802.48,0,0,0,0,0,0
SS6535.BSE_IDX,01/07/2025,12:16:21,34804.71,0,0,0,0,0,0
SS6535.BSE_IDX,01/07/2025,12:16:29,34806.94,0,0,0,0,0,0
SS6535.BSE_IDX,01/07/2025,12:16:37,34808.17,0,0,0,0,0,0
SS6535.BSE_IDX,01/07/2025,12:16:45,34806.94,0,0,0,0,0,0
SS6535.BSE_IDX,01/07/2025,12:16:53,34803.86,0,0,0,0,0,0
SS6535.BSE_IDX,01/07/2025,12:17:01,34803.61,0,0,0,0,0,0
SS6535.BSE_IDX,01/07/2025,12:17:09,34804.91,0,0,0,0,0,0
SS6535.BSE_IDX,01/07/2025,12:17:17,34807.43,0,0,0,0,0,0
SS6535.BSE_IDX,01/07/2025,12:17:25,34804.48,0,0,0,0,0,0
SS6535.BSE_IDX,01/07/2025,12:17:33,34807.02,0,0,0,0,0,0
SS6535.BSE_IDX,01/07/2025,12:17:41,34806.26,0,0,0,0,0,0
SS6535.BSE_IDX,01/07/2025,12:17:49,34807.7,0,0,0,0,0,0
SS6535.BSE_IDX,01/07/2025,12:17:57,34808.58,0,0,0,0,0,0
SS6535.BSE_IDX,01/07/2025,12:18:05,34810.51,0,0,0,0,0,0
SS6535.BSE_IDX,01/07/2025,12:18:13,34810.43,0,0,0,0,0,0
SS6535.BSE_IDX,01/07/2025,12:18:21,34809.41,0,0,0,0,0,0
SS6535.BSE_IDX,01/07/2025,12:18:29,34811.19,0,0,0,0,0,0
SS6535.BSE_IDX,01/07/2025,12:18:37,34810.88,0,0,0,0,0,0
SS6535.BSE_IDX,01/07/2025,12:18:45,34812.23,0,0,0,0,0,0
SS6535.BSE_IDX,01/07/2025,12:18:53,34812.81,0,0,0,0,0,0
SS6535.BSE_IDX,01/07/2025,12:19:01,34815.04,0,0,0,0,0,0
SS6535.BSE_IDX,01/07/2025,12:19:09,34816.82,0,0,0,0,0,0
SS6535.BSE_IDX,01/07/2025,12:19:17,34816.16,0,0,0,0,0,0
SS6535.BSE_IDX,01/07/2025,12:19:25,34816.98,0,0,0,0,0,0
SS6535.BSE_IDX,01/07/2025,12:19:33,34817.4,0,0,0,0,0,0
SS6535.BSE_IDX,01/07/2025,12:19:41,34818.9,0,0,0,0,0,0
SS6535.BSE_IDX,01/07/2025,12:19:49,34820.17,0,0,0,0,0,0
SS6535.BSE_IDX,01/07/2025,12:19:57,34821,0,0,0,0,0,0
SS6535.BSE_IDX,01/07/2025,12:20:05,34822.89,0,0,0,0,0,0
SS6535.BSE_IDX,01/07/2025,12:20:13,34819.78,0,0,0,0,0,0
SS6535.BSE_IDX,01/07/2025,12:20:21,34824.61,0,0,0,0,0,0
SS6535.BSE_IDX,01/07/2025,12:20:29,34829.6,0,0,0,0,0,0
SS6535.BSE_IDX,01/07/2025,12:20:37,34831.62,0,0,0,0,0,0
SS6535.BSE_IDX,01/07/2025,12:20:45,34828.74,0,0,0,0,0,0
SS6535.BSE_IDX,01/07/2025,12:20:53,34830.59,0,0,0,0,0,0
SS6535.BSE_IDX,01/07/2025,12:21:01,34829.92,0,0,0,0,0,0
SS6535.BSE_IDX,01/07/2025,12:21:09,34829.7,0,0,0,0,0,0
SS6535.BSE_IDX,01/07/2025,12:21:17,34826.8,0,0,0,0,0,0
SS6535.BSE_IDX,01/07/2025,12:21:25,34827.08,0,0,0,0,0,0
SS6535.BSE_IDX,01/07/2025,12:21:33,34827.15,0,0,0,0,0,0
SS6535.BSE_IDX,01/07/2025,12:21:41,34829.71,0,0,0,0,0,0
SS6535.BSE_IDX,01/07/2025,12:21:49,34831.27,0,0,0,0,0,0
SS6535.BSE_IDX,01/07/2025,12:21:57,34832.09,0,0,0,0,0,0
SS6535.BSE_IDX,01/07/2025,12:22:05,34834.36,0,0,0,0,0,0
SS6535.BSE_IDX,01/07/2025,12:22:13,34833.07,0,0,0,0,0,0
SS6535.BSE_IDX,01/07/2025,12:22:21,34832.28,0,0,0,0,0,0
SS6535.BSE_IDX,01/07/2025,12:22:29,34830.04,0,0,0,0,0,0
SS6535.BSE_IDX,01/07/2025,12:22:37,34828.18,0,0,0,0,0,0
SS6535.BSE_IDX,01/07/2025,12:22:45,34826.55,0,0,0,0,0,0
SS6535.BSE_IDX,01/07/2025,12:22:53,34826.14,0,0,0,0,0,0
SS6535.BSE_IDX,01/07/2025,12:23:02,34827.52,0,0,0,0,0,0
SS6535.BSE_IDX,01/07/2025,12:23:09,34828.07,0,0,0,0,0,0
SS6535.BSE_IDX,01/07/2025,12:23:17,34827.89,0,0,0,0,0,0
SS6535.BSE_IDX,01/07/2025,12:23:25,34827.48,0,0,0,0,0,0
SS6535.BSE_IDX,01/07/2025,12:23:33,34825.83,0,0,0,0,0,0
SS6535.BSE_IDX,01/07/2025,12:23:41,34827.25,0,0,0,0,0,0
SS6535.BSE_IDX,01/07/2025,12:23:49,34828.82,0,0,0,0,0,0
SS6535.BSE_IDX,01/07/2025,12:23:57,34829.9,0,0,0,0,0,0
SS6535.BSE_IDX,01/07/2025,12:24:05,34831.12,0,0,0,0,0,0
SS6535.BSE_IDX,01/07/2025,12:24:13,34832.92,0,0,0,0,0,0
SS6535.BSE_IDX,01/07/2025,12:24:21,34834.8,0,0,0,0,0,0
SS6535.BSE_IDX,01/07/2025,12:24:29,34834.29,0,0,0,0,0,0
SS6535.BSE_IDX,01/07/2025,12:24:37,34833.89,0,0,0,0,0,0
SS6535.BSE_IDX,01/07/2025,12:24:45,34834.39,0,0,0,0,0,0
SS6535.BSE_IDX,01/07/2025,12:24:53,34833.14,0,0,0,0,0,0
SS6535.BSE_IDX,01/07/2025,12:25:01,34833.56,0,0,0,0,0,0
SS6535.BSE_IDX,01/07/2025,12:25:09,34833.54,0,0,0,0,0,0
SS6535.BSE_IDX,01/07/2025,12:25:17,34832.61,0,0,0,0,0,0
SS6535.BSE_IDX,01/07/2025,12:25:25,34833.95,0,0,0,0,0,0
SS6535.BSE_IDX,01/07/2025,12:25:33,34835.72,0,0,0,0,0,0
SS6535.BSE_IDX,01/07/2025,12:25:41,34836.28,0,0,0,0,0,0
SS6535.BSE_IDX,01/07/2025,12:25:49,34836.09,0,0,0,0,0,0
SS6535.BSE_IDX,01/07/2025,12:25:57,34837.67,0,0,0,0,0,0
SS6535.BSE_IDX,01/07/2025,12:26:05,34837.14,0,0,0,0,0,0
SS6535.BSE_IDX,01/07/2025,12:26:13,34836.81,0,0,0,0,0,0
SS6535.BSE_IDX,01/07/2025,12:26:21,34836.04,0,0,0,0,0,0
SS6535.BSE_IDX,01/07/2025,12:26:31,34836.12,0,0,0,0,0,0
SS6535.BSE_IDX,01/07/2025,12:26:37,34838.86,0,0,0,0,0,0
SS6535.BSE_IDX,01/07/2025,12:26:45,34839.28,0,0,0,0,0,0
SS6535.BSE_IDX,01/07/2025,12:26:53,34839.11,0,0,0,0,0,0
SS6535.BSE_IDX,01/07/2025,12:27:01,34836.29,0,0,0,0,0,0
SS6535.BSE_IDX,01/07/2025,12:27:09,34835.73,0,0,0,0,0,0
SS6535.BSE_IDX,01/07/2025,12:27:17,34836.98,0,0,0,0,0,0
SS6535.BSE_IDX,01/07/2025,12:27:25,34837.16,0,0,0,0,0,0
SS6535.BSE_IDX,01/07/2025,12:27:33,34834.93,0,0,0,0,0,0
SS6535.BSE_IDX,01/07/2025,12:27:41,34836.69,0,0,0,0,0,0
SS6535.BSE_IDX,01/07/2025,12:27:49,34835.23,0,0,0,0,0,0
SS6535.BSE_IDX,01/07/2025,12:27:57,34834.84,0,0,0,0,0,0
SS6535.BSE_IDX,01/07/2025,12:28:05,34833.88,0,0,0,0,0,0
SS6535.BSE_IDX,01/07/2025,12:28:13,34835.29,0,0,0,0,0,0
SS6535.BSE_IDX,01/07/2025,12:28:21,34833.61,0,0,0,0,0,0
SS6535.BSE_IDX,01/07/2025,12:28:29,34832.24,0,0,0,0,0,0
SS6535.BSE_IDX,01/07/2025,12:28:37,34833.67,0,0,0,0,0,0
SS6535.BSE_IDX,01/07/2025,12:28:45,34829.36,0,0,0,0,0,0
SS6535.BSE_IDX,01/07/2025,12:28:53,34825.77,0,0,0,0,0,0
SS6535.BSE_IDX,01/07/2025,12:29:01,34825.18,0,0,0,0,0,0
SS6535.BSE_IDX,01/07/2025,12:29:10,34823.56,0,0,0,0,0,0
SS6535.BSE_IDX,01/07/2025,12:29:18,34824.22,0,0,0,0,0,0
SS6535.BSE_IDX,01/07/2025,12:29:25,34826.3,0,0,0,0,0,0
SS6535.BSE_IDX,01/07/2025,12:29:33,34824.51,0,0,0,0,0,0
SS6535.BSE_IDX,01/07/2025,12:29:41,34823.08,0,0,0,0,0,0
SS6535.BSE_IDX,01/07/2025,12:29:49,34823.22,0,0,0,0,0,0
SS6535.BSE_IDX,01/07/2025,12:29:57,34824.67,0,0,0,0,0,0
SS6535.BSE_IDX,01/07/2025,12:30:05,34830.99,0,0,0,0,0,0
SS6535.BSE_IDX,01/07/2025,12:30:13,34831.98,0,0,0,0,0,0
SS6535.BSE_IDX,01/07/2025,12:30:22,34831.27,0,0,0,0,0,0
SS6535.BSE_IDX,01/07/2025,12:30:29,34828.2,0,0,0,0,0,0
SS6535.BSE_IDX,01/07/2025,12:30:37,34826.67,0,0,0,0,0,0
SS6535.BSE_IDX,01/07/2025,12:30:45,34827.44,0,0,0,0,0,0
SS6535.BSE_IDX,01/07/2025,12:30:53,34829.47,0,0,0,0,0,0
SS6535.BSE_IDX,01/07/2025,12:31:01,34830.99,0,0,0,0,0,0
SS6535.BSE_IDX,01/07/2025,12:31:09,34824.19,0,0,0,0,0,0
SS6535.BSE_IDX,01/07/2025,12:31:17,34819.99,0,0,0,0,0,0
SS6535.BSE_IDX,01/07/2025,12:31:25,34818.55,0,0,0,0,0,0
SS6535.BSE_IDX,01/07/2025,12:31:34,34817.29,0,0,0,0,0,0
SS6535.BSE_IDX,01/07/2025,12:31:41,34814.02,0,0,0,0,0,0
SS6535.BSE_IDX,01/07/2025,12:31:49,34812.29,0,0,0,0,0,0
SS6535.BSE_IDX,01/07/2025,12:31:57,34812.05,0,0,0,0,0,0
SS6535.BSE_IDX,01/07/2025,12:32:05,34812.69,0,0,0,0,0,0
SS6535.BSE_IDX,01/07/2025,12:32:13,34814.34,0,0,0,0,0,0
SS6535.BSE_IDX,01/07/2025,12:32:21,34814.08,0,0,0,0,0,0
SS6535.BSE_IDX,01/07/2025,12:32:29,34814.47,0,0,0,0,0,0
SS6535.BSE_IDX,01/07/2025,12:32:37,34813.93,0,0,0,0,0,0
SS6535.BSE_IDX,01/07/2025,12:32:45,34813.49,0,0,0,0,0,0
SS6535.BSE_IDX,01/07/2025,12:32:53,34812.79,0,0,0,0,0,0
SS6535.BSE_IDX,01/07/2025,12:33:01,34813.05,0,0,0,0,0,0
SS6535.BSE_IDX,01/07/2025,12:33:09,34812.67,0,0,0,0,0,0
SS6535.BSE_IDX,01/07/2025,12:33:17,34811.08,0,0,0,0,0,0
SS6535.BSE_IDX,01/07/2025,12:33:26,34811.37,0,0,0,0,0,0
SS6535.BSE_IDX,01/07/2025,12:33:33,34811.66,0,0,0,0,0,0
SS6535.BSE_IDX,01/07/2025,12:33:41,34813.58,0,0,0,0,0,0
SS6535.BSE_IDX,01/07/2025,12:33:49,34812.86,0,0,0,0,0,0
SS6535.BSE_IDX,01/07/2025,12:33:57,34812.6,0,0,0,0,0,0
SS6535.BSE_IDX,01/07/2025,12:34:05,34814.33,0,0,0,0,0,0
SS6535.BSE_IDX,01/07/2025,12:34:13,34815.99,0,0,0,0,0,0
SS6535.BSE_IDX,01/07/2025,12:34:21,34816.42,0,0,0,0,0,0
SS6535.BSE_IDX,01/07/2025,12:34:29,34819.53,0,0,0,0,0,0
SS6535.BSE_IDX,01/07/2025,12:34:37,34819.94,0,0,0,0,0,0
SS6535.BSE_IDX,01/07/2025,12:34:45,34820.33,0,0,0,0,0,0
SS6535.BSE_IDX,01/07/2025,12:34:53,34823.28,0,0,0,0,0,0
SS6535.BSE_IDX,01/07/2025,12:35:01,34824.99,0,0,0,0,0,0
SS6535.BSE_IDX,01/07/2025,12:35:09,34824.93,0,0,0,0,0,0
SS6535.BSE_IDX,01/07/2025,12:35:17,34826.82,0,0,0,0,0,0
SS6535.BSE_IDX,01/07/2025,12:35:25,34828.45,0,0,0,0,0,0
SS6535.BSE_IDX,01/07/2025,12:35:33,34828.6,0,0,0,0,0,0
SS6535.BSE_IDX,01/07/2025,12:35:41,34826.96,0,0,0,0,0,0
SS6535.BSE_IDX,01/07/2025,12:35:49,34830.29,0,0,0,0,0,0
SS6535.BSE_IDX,01/07/2025,12:35:57,34828.03,0,0,0,0,0,0
SS6535.BSE_IDX,01/07/2025,12:36:05,34831.88,0,0,0,0,0,0
SS6535.BSE_IDX,01/07/2025,12:36:13,34832.04,0,0,0,0,0,0
SS6535.BSE_IDX,01/07/2025,12:36:21,34829.82,0,0,0,0,0,0
SS6535.BSE_IDX,01/07/2025,12:36:29,34830.49,0,0,0,0,0,0
SS6535.BSE_IDX,01/07/2025,12:36:37,34831.06,0,0,0,0,0,0
SS6535.BSE_IDX,01/07/2025,12:36:45,34833.36,0,0,0,0,0,0
SS6535.BSE_IDX,01/07/2025,12:36:53,34833.78,0,0,0,0,0,0
SS6535.BSE_IDX,01/07/2025,12:37:01,34834.72,0,0,0,0,0,0
SS6535.BSE_IDX,01/07/2025,12:37:09,34835.6,0,0,0,0,0,0
SS6535.BSE_IDX,01/07/2025,12:37:17,34834.55,0,0,0,0,0,0
SS6535.BSE_IDX,01/07/2025,12:37:25,34832.23,0,0,0,0,0,0
SS6535.BSE_IDX,01/07/2025,12:37:33,34831.83,0,0,0,0,0,0
SS6535.BSE_IDX,01/07/2025,12:37:41,34828.2,0,0,0,0,0,0
SS6535.BSE_IDX,01/07/2025,12:37:49,34827.88,0,0,0,0,0,0
SS6535.BSE_IDX,01/07/2025,12:37:57,34825.95,0,0,0,0,0,0
SS6535.BSE_IDX,01/07/2025,12:38:05,34826.49,0,0,0,0,0,0
SS6535.BSE_IDX,01/07/2025,12:38:13,34827.06,0,0,0,0,0,0
SS6535.BSE_IDX,01/07/2025,12:38:22,34828.95,0,0,0,0,0,0
SS6535.BSE_IDX,01/07/2025,12:38:29,34828.43,0,0,0,0,0,0
SS6535.BSE_IDX,01/07/2025,12:38:39,34829.2,0,0,0,0,0,0
SS6535.BSE_IDX,01/07/2025,12:38:45,34829.24,0,0,0,0,0,0
SS6535.BSE_IDX,01/07/2025,12:38:53,34830.39,0,0,0,0,0,0
SS6535.BSE_IDX,01/07/2025,12:39:01,34830.04,0,0,0,0,0,0
SS6535.BSE_IDX,01/07/2025,12:39:10,34827.94,0,0,0,0,0,0
SS6535.BSE_IDX,01/07/2025,12:39:18,34829.57,0,0,0,0,0,0
SS6535.BSE_IDX,01/07/2025,12:39:25,34828.72,0,0,0,0,0,0
SS6535.BSE_IDX,01/07/2025,12:39:34,34828.76,0,0,0,0,0,0
SS6535.BSE_IDX,01/07/2025,12:39:42,34830.1,0,0,0,0,0,0
SS6535.BSE_IDX,01/07/2025,12:39:49,34828.94,0,0,0,0,0,0
SS6535.BSE_IDX,01/07/2025,12:39:57,34828.61,0,0,0,0,0,0
SS6535.BSE_IDX,01/07/2025,12:40:05,34830.44,0,0,0,0,0,0
SS6535.BSE_IDX,01/07/2025,12:40:14,34829.16,0,0,0,0,0,0
SS6535.BSE_IDX,01/07/2025,12:40:21,34828.83,0,0,0,0,0,0
SS6535.BSE_IDX,01/07/2025,12:40:29,34828.37,0,0,0,0,0,0
SS6535.BSE_IDX,01/07/2025,12:40:37,34828.98,0,0,0,0,0,0
SS6535.BSE_IDX,01/07/2025,12:40:45,34828.18,0,0,0,0,0,0
SS6535.BSE_IDX,01/07/2025,12:40:54,34828.26,0,0,0,0,0,0
SS6535.BSE_IDX,01/07/2025,12:41:01,34827.33,0,0,0,0,0,0
SS6535.BSE_IDX,01/07/2025,12:41:09,34827.17,0,0,0,0,0,0
SS6535.BSE_IDX,01/07/2025,12:41:17,34827.64,0,0,0,0,0,0
SS6535.BSE_IDX,01/07/2025,12:41:25,34827.06,0,0,0,0,0,0
SS6535.BSE_IDX,01/07/2025,12:41:33,34827.28,0,0,0,0,0,0
SS6535.BSE_IDX,01/07/2025,12:41:42,34827.98,0,0,0,0,0,0
SS6535.BSE_IDX,01/07/2025,12:41:50,34829.88,0,0,0,0,0,0
SS6535.BSE_IDX,01/07/2025,12:41:58,34829.92,0,0,0,0,0,0
SS6535.BSE_IDX,01/07/2025,12:42:05,34828.82,0,0,0,0,0,0
SS6535.BSE_IDX,01/07/2025,12:42:13,34829.52,0,0,0,0,0,0
SS6535.BSE_IDX,01/07/2025,12:42:21,34828.79,0,0,0,0,0,0
SS6535.BSE_IDX,01/07/2025,12:42:29,34831.11,0,0,0,0,0,0
SS6535.BSE_IDX,01/07/2025,12:42:37,34829.67,0,0,0,0,0,0
SS6535.BSE_IDX,01/07/2025,12:42:46,34829.65,0,0,0,0,0,0
SS6535.BSE_IDX,01/07/2025,12:42:53,34829.41,0,0,0,0,0,0
SS6535.BSE_IDX,01/07/2025,12:43:01,34830.1,0,0,0,0,0,0
SS6535.BSE_IDX,01/07/2025,12:43:10,34830.04,0,0,0,0,0,0
SS6535.BSE_IDX,01/07/2025,12:43:17,34830.73,0,0,0,0,0,0
SS6535.BSE_IDX,01/07/2025,12:43:26,34831.73,0,0,0,0,0,0
SS6535.BSE_IDX,01/07/2025,12:43:34,34830.72,0,0,0,0,0,0
SS6535.BSE_IDX,01/07/2025,12:43:42,34825.86,0,0,0,0,0,0
SS6535.BSE_IDX,01/07/2025,12:43:49,34825.66,0,0,0,0,0,0
SS6535.BSE_IDX,01/07/2025,12:43:58,34825.84,0,0,0,0,0,0
SS6535.BSE_IDX,01/07/2025,12:44:05,34826.93,0,0,0,0,0,0
SS6535.BSE_IDX,01/07/2025,12:44:14,34826.44,0,0,0,0,0,0
SS6535.BSE_IDX,01/07/2025,12:44:22,34823.82,0,0,0,0,0,0
SS6535.BSE_IDX,01/07/2025,12:44:29,34822.79,0,0,0,0,0,0
SS6535.BSE_IDX,01/07/2025,12:44:38,34822.04,0,0,0,0,0,0
SS6535.BSE_IDX,01/07/2025,12:44:46,34822.58,0,0,0,0,0,0
SS6535.BSE_IDX,01/07/2025,12:44:53,34820.8,0,0,0,0,0,0
SS6535.BSE_IDX,01/07/2025,12:45:01,34821.79,0,0,0,0,0,0
SS6535.BSE_IDX,01/07/2025,12:45:11,34821.9,0,0,0,0,0,0
SS6535.BSE_IDX,01/07/2025,12:45:18,34820.44,0,0,0,0,0,0
SS6535.BSE_IDX,01/07/2025,12:45:26,34820.34,0,0,0,0,0,0
SS6535.BSE_IDX,01/07/2025,12:45:34,34820.48,0,0,0,0,0,0
SS6535.BSE_IDX,01/07/2025,12:45:42,34819.06,0,0,0,0,0,0
SS6535.BSE_IDX,01/07/2025,12:45:50,34821.26,0,0,0,0,0,0
SS6535.BSE_IDX,01/07/2025,12:45:58,34820.27,0,0,0,0,0,0
SS6535.BSE_IDX,01/07/2025,12:46:06,34821.09,0,0,0,0,0,0
SS6535.BSE_IDX,01/07/2025,12:46:14,34819.97,0,0,0,0,0,0
SS6535.BSE_IDX,01/07/2025,12:46:22,34820.77,0,0,0,0,0,0
SS6535.BSE_IDX,01/07/2025,12:46:30,34819.1,0,0,0,0,0,0
SS6535.BSE_IDX,01/07/2025,12:46:38,34819.12,0,0,0,0,0,0
SS6535.BSE_IDX,01/07/2025,12:46:46,34820.5,0,0,0,0,0,0
SS6535.BSE_IDX,01/07/2025,12:46:54,34817.79,0,0,0,0,0,0
SS6535.BSE_IDX,01/07/2025,12:47:02,34817.61,0,0,0,0,0,0
SS6535.BSE_IDX,01/07/2025,12:47:10,34817.35,0,0,0,0,0,0
SS6535.BSE_IDX,01/07/2025,12:47:18,34817.54,0,0,0,0,0,0
SS6535.BSE_IDX,01/07/2025,12:47:26,34817.94,0,0,0,0,0,0
SS6535.BSE_IDX,01/07/2025,12:47:34,34819.52,0,0,0,0,0,0
SS6535.BSE_IDX,01/07/2025,12:47:42,34816.87,0,0,0,0,0,0
SS6535.BSE_IDX,01/07/2025,12:47:50,34819.16,0,0,0,0,0,0
SS6535.BSE_IDX,01/07/2025,12:47:58,34819.26,0,0,0,0,0,0
SS6535.BSE_IDX,01/07/2025,12:48:06,34820.39,0,0,0,0,0,0
SS6535.BSE_IDX,01/07/2025,12:48:14,34821.16,0,0,0,0,0,0
SS6535.BSE_IDX,01/07/2025,12:48:22,34821.34,0,0,0,0,0,0
SS6535.BSE_IDX,01/07/2025,12:48:30,34823.45,0,0,0,0,0,0
SS6535.BSE_IDX,01/07/2025,12:48:38,34823.26,0,0,0,0,0,0
SS6535.BSE_IDX,01/07/2025,12:48:46,34822.01,0,0,0,0,0,0
SS6535.BSE_IDX,01/07/2025,12:48:54,34822.69,0,0,0,0,0,0
SS6535.BSE_IDX,01/07/2025,12:49:02,34822.14,0,0,0,0,0,0
SS6535.BSE_IDX,01/07/2025,12:49:10,34823.04,0,0,0,0,0,0
SS6535.BSE_IDX,01/07/2025,12:49:18,34822.99,0,0,0,0,0,0
SS6535.BSE_IDX,01/07/2025,12:49:26,34823.25,0,0,0,0,0,0
SS6535.BSE_IDX,01/07/2025,12:49:34,34822.56,0,0,0,0,0,0
SS6535.BSE_IDX,01/07/2025,12:49:42,34823.58,0,0,0,0,0,0
SS6535.BSE_IDX,01/07/2025,12:49:50,34824.41,0,0,0,0,0,0
SS6535.BSE_IDX,01/07/2025,12:49:58,34825.18,0,0,0,0,0,0
SS6535.BSE_IDX,01/07/2025,12:50:06,34825.67,0,0,0,0,0,0
SS6535.BSE_IDX,01/07/2025,12:50:14,34825.6,0,0,0,0,0,0
SS6535.BSE_IDX,01/07/2025,12:50:22,34826.84,0,0,0,0,0,0
SS6535.BSE_IDX,01/07/2025,12:50:30,34827.36,0,0,0,0,0,0
SS6535.BSE_IDX,01/07/2025,12:50:38,34826.32,0,0,0,0,0,0
SS6535.BSE_IDX,01/07/2025,12:50:47,34827.39,0,0,0,0,0,0
SS6535.BSE_IDX,01/07/2025,12:50:54,34826.93,0,0,0,0,0,0
SS6535.BSE_IDX,01/07/2025,12:51:02,34827.7,0,0,0,0,0,0
SS6535.BSE_IDX,01/07/2025,12:51:10,34829.48,0,0,0,0,0,0
SS6535.BSE_IDX,01/07/2025,12:51:19,34830.42,0,0,0,0,0,0
SS6535.BSE_IDX,01/07/2025,12:51:26,34828.34,0,0,0,0,0,0
SS6535.BSE_IDX,01/07/2025,12:51:34,34829.31,0,0,0,0,0,0
SS6535.BSE_IDX,01/07/2025,12:51:42,34829.06,0,0,0,0,0,0
SS6535.BSE_IDX,01/07/2025,12:51:50,34828.07,0,0,0,0,0,0
SS6535.BSE_IDX,01/07/2025,12:51:58,34828.29,0,0,0,0,0,0
SS6535.BSE_IDX,01/07/2025,12:52:06,34827.21,0,0,0,0,0,0
SS6535.BSE_IDX,01/07/2025,12:52:14,34826.46,0,0,0,0,0,0
SS6535.BSE_IDX,01/07/2025,12:52:22,34827.75,0,0,0,0,0,0
SS6535.BSE_IDX,01/07/2025,12:52:30,34828.15,0,0,0,0,0,0
SS6535.BSE_IDX,01/07/2025,12:52:38,34827.03,0,0,0,0,0,0
SS6535.BSE_IDX,01/07/2025,12:52:46,34826.22,0,0,0,0,0,0
SS6535.BSE_IDX,01/07/2025,12:52:54,34826.45,0,0,0,0,0,0
SS6535.BSE_IDX,01/07/2025,12:53:02,34826.25,0,0,0,0,0,0
SS6535.BSE_IDX,01/07/2025,12:53:10,34825.9,0,0,0,0,0,0
SS6535.BSE_IDX,01/07/2025,12:53:18,34825.35,0,0,0,0,0,0
SS6535.BSE_IDX,01/07/2025,12:53:26,34823.94,0,0,0,0,0,0
SS6535.BSE_IDX,01/07/2025,12:53:34,34823.33,0,0,0,0,0,0
SS6535.BSE_IDX,01/07/2025,12:53:42,34821.22,0,0,0,0,0,0
SS6535.BSE_IDX,01/07/2025,12:53:50,34820.33,0,0,0,0,0,0
SS6535.BSE_IDX,01/07/2025,12:53:58,34820.68,0,0,0,0,0,0
SS6535.BSE_IDX,01/07/2025,12:54:06,34820.52,0,0,0,0,0,0
