Ticker,Date,Time,LTP,BuyPrice,BuyQty,SellPrice,SellQty,LTQ,OpenInterest
TECK.BSE_IDX,01/07/2025,09:00:07,19033.54,0,0,0,0,0,0
TECK.BSE_IDX,01/07/2025,09:00:15,18889.56,0,0,0,0,0,0
TECK.BSE_IDX,01/07/2025,09:00:23,18862.35,0,0,0,0,0,0
TECK.BSE_IDX,01/07/2025,09:00:31,18874.27,0,0,0,0,0,0
TECK.BSE_IDX,01/07/2025,09:00:39,18858.91,0,0,0,0,0,0
TECK.BSE_IDX,01/07/2025,09:00:47,18861.21,0,0,0,0,0,0
TECK.BSE_IDX,01/07/2025,09:00:55,18855.65,0,0,0,0,0,0
TECK.BSE_IDX,01/07/2025,09:01:03,18861.7,0,0,0,0,0,0
TECK.BSE_IDX,01/07/2025,09:01:11,18846.07,0,0,0,0,0,0
TECK.BSE_IDX,01/07/2025,09:01:19,18843.21,0,0,0,0,0,0
TECK.BSE_IDX,01/07/2025,09:01:27,18815.97,0,0,0,0,0,0
TECK.BSE_IDX,01/07/2025,09:01:35,18802.1,0,0,0,0,0,0
TECK.BSE_IDX,01/07/2025,09:01:43,18735.78,0,0,0,0,0,0
TECK.BSE_IDX,01/07/2025,09:01:51,18692.3,0,0,0,0,0,0
TECK.BSE_IDX,01/07/2025,09:01:59,18727.08,0,0,0,0,0,0
TECK.BSE_IDX,01/07/2025,09:02:07,18743.61,0,0,0,0,0,0
TECK.BSE_IDX,01/07/2025,09:02:15,18761.87,0,0,0,0,0,0
TECK.BSE_IDX,01/07/2025,09:02:23,18761.87,0,0,0,0,0,0
TECK.BSE_IDX,01/07/2025,09:02:31,18762.38,0,0,0,0,0,0
TECK.BSE_IDX,01/07/2025,09:02:39,18761.69,0,0,0,0,0,0
TECK.BSE_IDX,01/07/2025,09:02:47,18758.27,0,0,0,0,0,0
TECK.BSE_IDX,01/07/2025,09:02:55,18758.23,0,0,0,0,0,0
TECK.BSE_IDX,01/07/2025,09:03:03,18766.93,0,0,0,0,0,0
TECK.BSE_IDX,01/07/2025,09:03:11,18758.23,0,0,0,0,0,0
TECK.BSE_IDX,01/07/2025,09:03:19,18772.93,0,0,0,0,0,0
TECK.BSE_IDX,01/07/2025,09:03:27,18772.93,0,0,0,0,0,0
TECK.BSE_IDX,01/07/2025,09:03:35,18769.91,0,0,0,0,0,0
TECK.BSE_IDX,01/07/2025,09:03:43,18781.81,0,0,0,0,0,0
TECK.BSE_IDX,01/07/2025,09:03:51,18776.63,0,0,0,0,0,0
TECK.BSE_IDX,01/07/2025,09:03:59,18776.58,0,0,0,0,0,0
TECK.BSE_IDX,01/07/2025,09:04:07,18778,0,0,0,0,0,0
TECK.BSE_IDX,01/07/2025,09:04:15,18778.14,0,0,0,0,0,0
TECK.BSE_IDX,01/07/2025,09:04:23,18778.14,0,0,0,0,0,0
TECK.BSE_IDX,01/07/2025,09:04:31,18774.49,0,0,0,0,0,0
TECK.BSE_IDX,01/07/2025,09:04:39,18772.8,0,0,0,0,0,0
TECK.BSE_IDX,01/07/2025,09:04:47,18762.41,0,0,0,0,0,0
TECK.BSE_IDX,01/07/2025,09:04:55,18762.86,0,0,0,0,0,0
TECK.BSE_IDX,01/07/2025,09:05:03,18764.68,0,0,0,0,0,0
TECK.BSE_IDX,01/07/2025,09:05:11,18737.58,0,0,0,0,0,0
TECK.BSE_IDX,01/07/2025,09:05:19,18757.85,0,0,0,0,0,0
TECK.BSE_IDX,01/07/2025,09:05:27,18757.85,0,0,0,0,0,0
TECK.BSE_IDX,01/07/2025,09:05:35,18760.1,0,0,0,0,0,0
TECK.BSE_IDX,01/07/2025,09:05:43,18755.73,0,0,0,0,0,0
TECK.BSE_IDX,01/07/2025,09:05:51,18756.48,0,0,0,0,0,0
TECK.BSE_IDX,01/07/2025,09:05:59,18754.56,0,0,0,0,0,0
TECK.BSE_IDX,01/07/2025,09:06:07,18751.92,0,0,0,0,0,0
TECK.BSE_IDX,01/07/2025,09:06:15,18755.26,0,0,0,0,0,0
TECK.BSE_IDX,01/07/2025,09:06:23,18752.79,0,0,0,0,0,0
TECK.BSE_IDX,01/07/2025,09:06:31,18752.95,0,0,0,0,0,0
TECK.BSE_IDX,01/07/2025,09:06:39,18766.95,0,0,0,0,0,0
TECK.BSE_IDX,01/07/2025,09:06:47,18754.9,0,0,0,0,0,0
TECK.BSE_IDX,01/07/2025,09:06:55,18755.42,0,0,0,0,0,0
TECK.BSE_IDX,01/07/2025,09:07:04,18764.72,0,0,0,0,0,0
TECK.BSE_IDX,01/07/2025,09:07:11,18764.72,0,0,0,0,0,0
TECK.BSE_IDX,01/07/2025,09:07:19,18764.72,0,0,0,0,0,0
TECK.BSE_IDX,01/07/2025,09:07:27,18764.72,0,0,0,0,0,0
TECK.BSE_IDX,01/07/2025,09:07:35,18764.72,0,0,0,0,0,0
TECK.BSE_IDX,01/07/2025,09:07:43,18764.72,0,0,0,0,0,0
TECK.BSE_IDX,01/07/2025,09:07:51,18764.72,0,0,0,0,0,0
TECK.BSE_IDX,01/07/2025,09:07:59,18764.72,0,0,0,0,0,0
TECK.BSE_IDX,01/07/2025,09:08:07,18764.72,0,0,0,0,0,0
TECK.BSE_IDX,01/07/2025,09:08:15,18764.72,0,0,0,0,0,0
TECK.BSE_IDX,01/07/2025,09:08:23,18764.72,0,0,0,0,0,0
TECK.BSE_IDX,01/07/2025,09:08:31,18764.72,0,0,0,0,0,0
TECK.BSE_IDX,01/07/2025,09:08:39,18764.72,0,0,0,0,0,0
TECK.BSE_IDX,01/07/2025,09:08:47,18764.72,0,0,0,0,0,0
TECK.BSE_IDX,01/07/2025,09:08:55,18764.72,0,0,0,0,0,0
TECK.BSE_IDX,01/07/2025,09:09:03,18760.82,0,0,0,0,0,0
TECK.BSE_IDX,01/07/2025,09:09:11,18760.82,0,0,0,0,0,0
TECK.BSE_IDX,01/07/2025,09:09:19,18760.82,0,0,0,0,0,0
TECK.BSE_IDX,01/07/2025,09:09:27,18760.82,0,0,0,0,0,0
TECK.BSE_IDX,01/07/2025,09:09:35,18760.82,0,0,0,0,0,0
TECK.BSE_IDX,01/07/2025,09:09:43,18760.82,0,0,0,0,0,0
TECK.BSE_IDX,01/07/2025,09:09:51,18760.82,0,0,0,0,0,0
TECK.BSE_IDX,01/07/2025,09:09:59,18760.82,0,0,0,0,0,0
TECK.BSE_IDX,01/07/2025,09:10:07,18760.82,0,0,0,0,0,0
TECK.BSE_IDX,01/07/2025,09:10:15,18760.82,0,0,0,0,0,0
TECK.BSE_IDX,01/07/2025,09:10:23,18760.82,0,0,0,0,0,0
TECK.BSE_IDX,01/07/2025,09:10:31,18760.82,0,0,0,0,0,0
TECK.BSE_IDX,01/07/2025,09:10:39,18760.82,0,0,0,0,0,0
TECK.BSE_IDX,01/07/2025,09:10:47,18760.82,0,0,0,0,0,0
TECK.BSE_IDX,01/07/2025,09:10:55,18760.82,0,0,0,0,0,0
TECK.BSE_IDX,01/07/2025,09:11:03,18760.82,0,0,0,0,0,0
TECK.BSE_IDX,01/07/2025,09:11:11,18760.82,0,0,0,0,0,0
TECK.BSE_IDX,01/07/2025,09:11:19,18760.82,0,0,0,0,0,0
TECK.BSE_IDX,01/07/2025,09:11:27,18760.82,0,0,0,0,0,0
TECK.BSE_IDX,01/07/2025,09:11:35,18760.82,0,0,0,0,0,0
TECK.BSE_IDX,01/07/2025,09:11:43,18760.82,0,0,0,0,0,0
TECK.BSE_IDX,01/07/2025,09:11:51,18760.82,0,0,0,0,0,0
TECK.BSE_IDX,01/07/2025,09:11:59,18760.82,0,0,0,0,0,0
TECK.BSE_IDX,01/07/2025,09:12:07,18760.82,0,0,0,0,0,0
TECK.BSE_IDX,01/07/2025,09:12:16,18760.82,0,0,0,0,0,0
TECK.BSE_IDX,01/07/2025,09:12:23,18760.82,0,0,0,0,0,0
TECK.BSE_IDX,01/07/2025,09:12:31,18760.82,0,0,0,0,0,0
TECK.BSE_IDX,01/07/2025,09:12:39,18760.82,0,0,0,0,0,0
TECK.BSE_IDX,01/07/2025,09:12:47,18760.82,0,0,0,0,0,0
TECK.BSE_IDX,01/07/2025,09:12:55,18760.82,0,0,0,0,0,0
TECK.BSE_IDX,01/07/2025,09:13:03,18760.82,0,0,0,0,0,0
TECK.BSE_IDX,01/07/2025,09:13:11,18760.82,0,0,0,0,0,0
TECK.BSE_IDX,01/07/2025,09:13:19,18760.82,0,0,0,0,0,0
TECK.BSE_IDX,01/07/2025,09:13:27,18760.82,0,0,0,0,0,0
TECK.BSE_IDX,01/07/2025,09:13:35,18760.82,0,0,0,0,0,0
TECK.BSE_IDX,01/07/2025,09:13:43,18760.82,0,0,0,0,0,0
TECK.BSE_IDX,01/07/2025,09:13:51,18760.82,0,0,0,0,0,0
TECK.BSE_IDX,01/07/2025,09:13:59,18760.82,0,0,0,0,0,0
TECK.BSE_IDX,01/07/2025,09:14:07,18760.82,0,0,0,0,0,0
TECK.BSE_IDX,01/07/2025,09:14:15,18760.82,0,0,0,0,0,0
TECK.BSE_IDX,01/07/2025,09:14:23,18760.82,0,0,0,0,0,0
TECK.BSE_IDX,01/07/2025,09:14:31,18760.82,0,0,0,0,0,0
TECK.BSE_IDX,01/07/2025,09:14:39,18760.82,0,0,0,0,0,0
TECK.BSE_IDX,01/07/2025,09:14:47,18760.82,0,0,0,0,0,0
TECK.BSE_IDX,01/07/2025,09:14:55,18760.82,0,0,0,0,0,0
TECK.BSE_IDX,01/07/2025,09:15:04,18789.5,0,0,0,0,0,0
TECK.BSE_IDX,01/07/2025,09:15:11,18790.46,0,0,0,0,0,0
TECK.BSE_IDX,01/07/2025,09:15:19,18780.39,0,0,0,0,0,0
TECK.BSE_IDX,01/07/2025,09:15:27,18770.84,0,0,0,0,0,0
TECK.BSE_IDX,01/07/2025,09:15:35,18763.35,0,0,0,0,0,0
TECK.BSE_IDX,01/07/2025,09:15:43,18762.63,0,0,0,0,0,0
TECK.BSE_IDX,01/07/2025,09:15:51,18754.96,0,0,0,0,0,0
TECK.BSE_IDX,01/07/2025,09:15:59,18754.31,0,0,0,0,0,0
TECK.BSE_IDX,01/07/2025,09:16:07,18754.73,0,0,0,0,0,0
TECK.BSE_IDX,01/07/2025,09:16:15,18760.33,0,0,0,0,0,0
TECK.BSE_IDX,01/07/2025,09:16:24,18761.34,0,0,0,0,0,0
TECK.BSE_IDX,01/07/2025,09:16:31,18769.8,0,0,0,0,0,0
TECK.BSE_IDX,01/07/2025,09:16:39,18767.62,0,0,0,0,0,0
TECK.BSE_IDX,01/07/2025,09:16:48,18760.03,0,0,0,0,0,0
TECK.BSE_IDX,01/07/2025,09:16:55,18765.49,0,0,0,0,0,0
TECK.BSE_IDX,01/07/2025,09:17:03,18761.92,0,0,0,0,0,0
TECK.BSE_IDX,01/07/2025,09:17:12,18750.76,0,0,0,0,0,0
TECK.BSE_IDX,01/07/2025,09:17:19,18750.54,0,0,0,0,0,0
TECK.BSE_IDX,01/07/2025,09:17:27,18748.89,0,0,0,0,0,0
TECK.BSE_IDX,01/07/2025,09:17:35,18750.18,0,0,0,0,0,0
TECK.BSE_IDX,01/07/2025,09:17:44,18759.34,0,0,0,0,0,0
TECK.BSE_IDX,01/07/2025,09:17:51,18762.98,0,0,0,0,0,0
TECK.BSE_IDX,01/07/2025,09:17:59,18766.51,0,0,0,0,0,0
TECK.BSE_IDX,01/07/2025,09:18:07,18767.19,0,0,0,0,0,0
TECK.BSE_IDX,01/07/2025,09:18:15,18764.22,0,0,0,0,0,0
TECK.BSE_IDX,01/07/2025,09:18:23,18767.22,0,0,0,0,0,0
TECK.BSE_IDX,01/07/2025,09:18:31,18767.74,0,0,0,0,0,0
TECK.BSE_IDX,01/07/2025,09:18:39,18768.09,0,0,0,0,0,0
TECK.BSE_IDX,01/07/2025,09:18:47,18769.13,0,0,0,0,0,0
TECK.BSE_IDX,01/07/2025,09:18:56,18770.51,0,0,0,0,0,0
TECK.BSE_IDX,01/07/2025,09:19:03,18766.79,0,0,0,0,0,0
TECK.BSE_IDX,01/07/2025,09:19:11,18764.85,0,0,0,0,0,0
TECK.BSE_IDX,01/07/2025,09:19:19,18766.44,0,0,0,0,0,0
TECK.BSE_IDX,01/07/2025,09:19:28,18765.79,0,0,0,0,0,0
TECK.BSE_IDX,01/07/2025,09:19:35,18764.98,0,0,0,0,0,0
TECK.BSE_IDX,01/07/2025,09:19:43,18766.39,0,0,0,0,0,0
TECK.BSE_IDX,01/07/2025,09:19:52,18762.24,0,0,0,0,0,0
TECK.BSE_IDX,01/07/2025,09:19:59,18764.28,0,0,0,0,0,0
TECK.BSE_IDX,01/07/2025,09:20:07,18759.76,0,0,0,0,0,0
TECK.BSE_IDX,01/07/2025,09:20:15,18762.34,0,0,0,0,0,0
TECK.BSE_IDX,01/07/2025,09:20:24,18764.01,0,0,0,0,0,0
TECK.BSE_IDX,01/07/2025,09:20:31,18767.8,0,0,0,0,0,0
TECK.BSE_IDX,01/07/2025,09:20:39,18764.43,0,0,0,0,0,0
TECK.BSE_IDX,01/07/2025,09:20:47,18765.37,0,0,0,0,0,0
TECK.BSE_IDX,01/07/2025,09:20:55,18760.58,0,0,0,0,0,0
TECK.BSE_IDX,01/07/2025,09:21:03,18754.73,0,0,0,0,0,0
TECK.BSE_IDX,01/07/2025,09:21:11,18761.08,0,0,0,0,0,0
TECK.BSE_IDX,01/07/2025,09:21:19,18768.87,0,0,0,0,0,0
TECK.BSE_IDX,01/07/2025,09:21:27,18772.09,0,0,0,0,0,0
TECK.BSE_IDX,01/07/2025,09:21:36,18774.46,0,0,0,0,0,0
TECK.BSE_IDX,01/07/2025,09:21:43,18773.8,0,0,0,0,0,0
TECK.BSE_IDX,01/07/2025,09:21:51,18775.03,0,0,0,0,0,0
TECK.BSE_IDX,01/07/2025,09:21:59,18777.69,0,0,0,0,0,0
TECK.BSE_IDX,01/07/2025,09:22:07,18778.01,0,0,0,0,0,0
TECK.BSE_IDX,01/07/2025,09:22:15,18773.57,0,0,0,0,0,0
TECK.BSE_IDX,01/07/2025,09:22:23,18779.68,0,0,0,0,0,0
TECK.BSE_IDX,01/07/2025,09:22:31,18780.39,0,0,0,0,0,0
TECK.BSE_IDX,01/07/2025,09:22:39,18779.58,0,0,0,0,0,0
TECK.BSE_IDX,01/07/2025,09:22:47,18778.54,0,0,0,0,0,0
TECK.BSE_IDX,01/07/2025,09:22:55,18778.49,0,0,0,0,0,0
TECK.BSE_IDX,01/07/2025,09:23:03,18775.95,0,0,0,0,0,0
TECK.BSE_IDX,01/07/2025,09:23:11,18775.42,0,0,0,0,0,0
TECK.BSE_IDX,01/07/2025,09:23:19,18774.65,0,0,0,0,0,0
TECK.BSE_IDX,01/07/2025,09:23:27,18773.77,0,0,0,0,0,0
TECK.BSE_IDX,01/07/2025,09:23:35,18774.35,0,0,0,0,0,0
TECK.BSE_IDX,01/07/2025,09:23:44,18770.33,0,0,0,0,0,0
TECK.BSE_IDX,01/07/2025,09:23:51,18771.91,0,0,0,0,0,0
TECK.BSE_IDX,01/07/2025,09:23:59,18776.67,0,0,0,0,0,0
TECK.BSE_IDX,01/07/2025,09:24:08,18777.66,0,0,0,0,0,0
TECK.BSE_IDX,01/07/2025,09:24:15,18777.3,0,0,0,0,0,0
TECK.BSE_IDX,01/07/2025,09:24:23,18781.02,0,0,0,0,0,0
TECK.BSE_IDX,01/07/2025,09:24:32,18777.38,0,0,0,0,0,0
TECK.BSE_IDX,01/07/2025,09:24:39,18777.7,0,0,0,0,0,0
TECK.BSE_IDX,01/07/2025,09:24:48,18778.36,0,0,0,0,0,0
TECK.BSE_IDX,01/07/2025,09:24:57,18779.3,0,0,0,0,0,0
TECK.BSE_IDX,01/07/2025,09:25:03,18781.82,0,0,0,0,0,0
TECK.BSE_IDX,01/07/2025,09:25:12,18786.59,0,0,0,0,0,0
TECK.BSE_IDX,01/07/2025,09:25:19,18788.15,0,0,0,0,0,0
TECK.BSE_IDX,01/07/2025,09:25:29,18786.07,0,0,0,0,0,0
TECK.BSE_IDX,01/07/2025,09:25:35,18787.2,0,0,0,0,0,0
TECK.BSE_IDX,01/07/2025,09:25:43,18787.11,0,0,0,0,0,0
TECK.BSE_IDX,01/07/2025,09:25:51,18790.71,0,0,0,0,0,0
TECK.BSE_IDX,01/07/2025,09:25:59,18793.19,0,0,0,0,0,0
TECK.BSE_IDX,01/07/2025,09:26:08,18786.97,0,0,0,0,0,0
TECK.BSE_IDX,01/07/2025,09:26:15,18783.7,0,0,0,0,0,0
TECK.BSE_IDX,01/07/2025,09:26:23,18789.5,0,0,0,0,0,0
TECK.BSE_IDX,01/07/2025,09:26:31,18788.86,0,0,0,0,0,0
TECK.BSE_IDX,01/07/2025,09:26:39,18791.99,0,0,0,0,0,0
TECK.BSE_IDX,01/07/2025,09:26:48,18793.45,0,0,0,0,0,0
TECK.BSE_IDX,01/07/2025,09:26:55,18791.9,0,0,0,0,0,0
TECK.BSE_IDX,01/07/2025,09:27:04,18795.03,0,0,0,0,0,0
TECK.BSE_IDX,01/07/2025,09:27:12,18793.9,0,0,0,0,0,0
TECK.BSE_IDX,01/07/2025,09:27:19,18797.1,0,0,0,0,0,0
TECK.BSE_IDX,01/07/2025,09:27:28,18795.79,0,0,0,0,0,0
TECK.BSE_IDX,01/07/2025,09:27:36,18796.9,0,0,0,0,0,0
TECK.BSE_IDX,01/07/2025,09:27:44,18795.1,0,0,0,0,0,0
TECK.BSE_IDX,01/07/2025,09:27:51,18801.36,0,0,0,0,0,0
TECK.BSE_IDX,01/07/2025,09:28:00,18804.83,0,0,0,0,0,0
TECK.BSE_IDX,01/07/2025,09:28:08,18808.18,0,0,0,0,0,0
TECK.BSE_IDX,01/07/2025,09:28:16,18817.55,0,0,0,0,0,0
TECK.BSE_IDX,01/07/2025,09:28:24,18811.53,0,0,0,0,0,0
TECK.BSE_IDX,01/07/2025,09:28:32,18805.09,0,0,0,0,0,0
TECK.BSE_IDX,01/07/2025,09:28:40,18802.87,0,0,0,0,0,0
TECK.BSE_IDX,01/07/2025,09:28:48,18797.98,0,0,0,0,0,0
TECK.BSE_IDX,01/07/2025,09:28:56,18797.64,0,0,0,0,0,0
TECK.BSE_IDX,01/07/2025,09:29:04,18796.94,0,0,0,0,0,0
TECK.BSE_IDX,01/07/2025,09:29:12,18800.48,0,0,0,0,0,0
TECK.BSE_IDX,01/07/2025,09:29:20,18801.32,0,0,0,0,0,0
TECK.BSE_IDX,01/07/2025,09:29:28,18802.14,0,0,0,0,0,0
TECK.BSE_IDX,01/07/2025,09:29:36,18801.21,0,0,0,0,0,0
TECK.BSE_IDX,01/07/2025,09:29:44,18809.67,0,0,0,0,0,0
TECK.BSE_IDX,01/07/2025,09:29:52,18809.06,0,0,0,0,0,0
TECK.BSE_IDX,01/07/2025,09:30:00,18810.93,0,0,0,0,0,0
TECK.BSE_IDX,01/07/2025,09:30:08,18811.63,0,0,0,0,0,0
TECK.BSE_IDX,01/07/2025,09:30:16,18825.04,0,0,0,0,0,0
TECK.BSE_IDX,01/07/2025,09:30:24,18829.24,0,0,0,0,0,0
TECK.BSE_IDX,01/07/2025,09:30:32,18828.89,0,0,0,0,0,0
TECK.BSE_IDX,01/07/2025,09:30:40,18837.2,0,0,0,0,0,0
TECK.BSE_IDX,01/07/2025,09:30:48,18841.2,0,0,0,0,0,0
TECK.BSE_IDX,01/07/2025,09:30:56,18839.21,0,0,0,0,0,0
TECK.BSE_IDX,01/07/2025,09:31:04,18842.21,0,0,0,0,0,0
TECK.BSE_IDX,01/07/2025,09:31:12,18841.1,0,0,0,0,0,0
TECK.BSE_IDX,01/07/2025,09:31:20,18847.95,0,0,0,0,0,0
TECK.BSE_IDX,01/07/2025,09:31:28,18857.69,0,0,0,0,0,0
TECK.BSE_IDX,01/07/2025,09:31:36,18854.74,0,0,0,0,0,0
TECK.BSE_IDX,01/07/2025,09:31:44,18854.34,0,0,0,0,0,0
TECK.BSE_IDX,01/07/2025,09:31:52,18860.33,0,0,0,0,0,0
TECK.BSE_IDX,01/07/2025,09:32:00,18864.97,0,0,0,0,0,0
TECK.BSE_IDX,01/07/2025,09:32:08,18866.84,0,0,0,0,0,0
TECK.BSE_IDX,01/07/2025,09:32:16,18865.06,0,0,0,0,0,0
TECK.BSE_IDX,01/07/2025,09:32:24,18864.8,0,0,0,0,0,0
TECK.BSE_IDX,01/07/2025,09:32:32,18867.24,0,0,0,0,0,0
TECK.BSE_IDX,01/07/2025,09:32:40,18863.9,0,0,0,0,0,0
TECK.BSE_IDX,01/07/2025,09:32:48,18865.44,0,0,0,0,0,0
TECK.BSE_IDX,01/07/2025,09:32:56,18862.27,0,0,0,0,0,0
TECK.BSE_IDX,01/07/2025,09:33:04,18858.82,0,0,0,0,0,0
TECK.BSE_IDX,01/07/2025,09:33:12,18861.74,0,0,0,0,0,0
TECK.BSE_IDX,01/07/2025,09:33:20,18865.95,0,0,0,0,0,0
TECK.BSE_IDX,01/07/2025,09:33:28,18866.84,0,0,0,0,0,0
TECK.BSE_IDX,01/07/2025,09:33:36,18866.52,0,0,0,0,0,0
TECK.BSE_IDX,01/07/2025,09:33:44,18866.1,0,0,0,0,0,0
TECK.BSE_IDX,01/07/2025,09:33:52,18866,0,0,0,0,0,0
TECK.BSE_IDX,01/07/2025,09:34:00,18862.13,0,0,0,0,0,0
TECK.BSE_IDX,01/07/2025,09:34:08,18860.81,0,0,0,0,0,0
TECK.BSE_IDX,01/07/2025,09:34:16,18858.08,0,0,0,0,0,0
TECK.BSE_IDX,01/07/2025,09:34:24,18856.66,0,0,0,0,0,0
TECK.BSE_IDX,01/07/2025,09:34:32,18853.24,0,0,0,0,0,0
TECK.BSE_IDX,01/07/2025,09:34:40,18855.82,0,0,0,0,0,0
TECK.BSE_IDX,01/07/2025,09:34:48,18856.65,0,0,0,0,0,0
TECK.BSE_IDX,01/07/2025,09:34:56,18852.3,0,0,0,0,0,0
TECK.BSE_IDX,01/07/2025,09:35:05,18851.46,0,0,0,0,0,0
TECK.BSE_IDX,01/07/2025,09:35:12,18849.09,0,0,0,0,0,0
TECK.BSE_IDX,01/07/2025,09:35:20,18841.03,0,0,0,0,0,0
TECK.BSE_IDX,01/07/2025,09:35:28,18841.18,0,0,0,0,0,0
TECK.BSE_IDX,01/07/2025,09:35:36,18842.35,0,0,0,0,0,0
TECK.BSE_IDX,01/07/2025,09:35:44,18841.98,0,0,0,0,0,0
TECK.BSE_IDX,01/07/2025,09:35:52,18838.35,0,0,0,0,0,0
TECK.BSE_IDX,01/07/2025,09:36:00,18837.47,0,0,0,0,0,0
TECK.BSE_IDX,01/07/2025,09:36:08,18839.49,0,0,0,0,0,0
TECK.BSE_IDX,01/07/2025,09:36:16,18835.99,0,0,0,0,0,0
TECK.BSE_IDX,01/07/2025,09:36:24,18839.33,0,0,0,0,0,0
TECK.BSE_IDX,01/07/2025,09:36:33,18840.17,0,0,0,0,0,0
TECK.BSE_IDX,01/07/2025,09:36:40,18836.37,0,0,0,0,0,0
TECK.BSE_IDX,01/07/2025,09:36:48,18836.58,0,0,0,0,0,0
TECK.BSE_IDX,01/07/2025,09:36:56,18832.48,0,0,0,0,0,0
TECK.BSE_IDX,01/07/2025,09:37:04,18833.62,0,0,0,0,0,0
TECK.BSE_IDX,01/07/2025,09:37:12,18833.19,0,0,0,0,0,0
TECK.BSE_IDX,01/07/2025,09:37:20,18834.39,0,0,0,0,0,0
TECK.BSE_IDX,01/07/2025,09:37:28,18836.23,0,0,0,0,0,0
TECK.BSE_IDX,01/07/2025,09:37:36,18837.81,0,0,0,0,0,0
TECK.BSE_IDX,01/07/2025,09:37:44,18836.57,0,0,0,0,0,0
TECK.BSE_IDX,01/07/2025,09:37:52,18839.92,0,0,0,0,0,0
TECK.BSE_IDX,01/07/2025,09:38:00,18842.72,0,0,0,0,0,0
TECK.BSE_IDX,01/07/2025,09:38:08,18840.03,0,0,0,0,0,0
TECK.BSE_IDX,01/07/2025,09:38:16,18836.74,0,0,0,0,0,0
TECK.BSE_IDX,01/07/2025,09:38:24,18833.33,0,0,0,0,0,0
TECK.BSE_IDX,01/07/2025,09:38:32,18831.91,0,0,0,0,0,0
TECK.BSE_IDX,01/07/2025,09:38:40,18832.21,0,0,0,0,0,0
TECK.BSE_IDX,01/07/2025,09:38:48,18832.64,0,0,0,0,0,0
TECK.BSE_IDX,01/07/2025,09:38:56,18830.66,0,0,0,0,0,0
TECK.BSE_IDX,01/07/2025,09:39:04,18830.2,0,0,0,0,0,0
TECK.BSE_IDX,01/07/2025,09:39:12,18828.87,0,0,0,0,0,0
TECK.BSE_IDX,01/07/2025,09:39:20,18829.83,0,0,0,0,0,0
TECK.BSE_IDX,01/07/2025,09:39:28,18830.15,0,0,0,0,0,0
TECK.BSE_IDX,01/07/2025,09:39:36,18830.3,0,0,0,0,0,0
TECK.BSE_IDX,01/07/2025,09:39:44,18831.65,0,0,0,0,0,0
TECK.BSE_IDX,01/07/2025,09:39:52,18831.81,0,0,0,0,0,0
TECK.BSE_IDX,01/07/2025,09:40:00,18834.08,0,0,0,0,0,0
TECK.BSE_IDX,01/07/2025,09:40:08,18839.59,0,0,0,0,0,0
TECK.BSE_IDX,01/07/2025,09:40:16,18836.39,0,0,0,0,0,0
TECK.BSE_IDX,01/07/2025,09:40:24,18835.56,0,0,0,0,0,0
TECK.BSE_IDX,01/07/2025,09:40:32,18831.11,0,0,0,0,0,0
TECK.BSE_IDX,01/07/2025,09:40:40,18829.56,0,0,0,0,0,0
TECK.BSE_IDX,01/07/2025,09:40:48,18832.89,0,0,0,0,0,0
TECK.BSE_IDX,01/07/2025,09:40:56,18830.58,0,0,0,0,0,0
TECK.BSE_IDX,01/07/2025,09:41:04,18831.92,0,0,0,0,0,0
TECK.BSE_IDX,01/07/2025,09:41:12,18834.89,0,0,0,0,0,0
TECK.BSE_IDX,01/07/2025,09:41:20,18834.54,0,0,0,0,0,0
TECK.BSE_IDX,01/07/2025,09:41:28,18832.3,0,0,0,0,0,0
TECK.BSE_IDX,01/07/2025,09:41:36,18831.09,0,0,0,0,0,0
TECK.BSE_IDX,01/07/2025,09:41:44,18828.03,0,0,0,0,0,0
TECK.BSE_IDX,01/07/2025,09:41:52,18829.08,0,0,0,0,0,0
TECK.BSE_IDX,01/07/2025,09:42:00,18832.51,0,0,0,0,0,0
TECK.BSE_IDX,01/07/2025,09:42:08,18834.46,0,0,0,0,0,0
TECK.BSE_IDX,01/07/2025,09:42:16,18835.66,0,0,0,0,0,0
TECK.BSE_IDX,01/07/2025,09:42:24,18837.13,0,0,0,0,0,0
TECK.BSE_IDX,01/07/2025,09:42:32,18834.51,0,0,0,0,0,0
TECK.BSE_IDX,01/07/2025,09:42:40,18834.31,0,0,0,0,0,0
TECK.BSE_IDX,01/07/2025,09:42:48,18835.37,0,0,0,0,0,0
TECK.BSE_IDX,01/07/2025,09:42:56,18837.61,0,0,0,0,0,0
TECK.BSE_IDX,01/07/2025,09:43:04,18836.37,0,0,0,0,0,0
TECK.BSE_IDX,01/07/2025,09:43:12,18836.87,0,0,0,0,0,0
TECK.BSE_IDX,01/07/2025,09:43:20,18836.57,0,0,0,0,0,0
TECK.BSE_IDX,01/07/2025,09:43:28,18837.1,0,0,0,0,0,0
TECK.BSE_IDX,01/07/2025,09:43:36,18835.44,0,0,0,0,0,0
TECK.BSE_IDX,01/07/2025,09:43:44,18830.7,0,0,0,0,0,0
TECK.BSE_IDX,01/07/2025,09:43:53,18829.06,0,0,0,0,0,0
TECK.BSE_IDX,01/07/2025,09:44:00,18829.74,0,0,0,0,0,0
TECK.BSE_IDX,01/07/2025,09:44:08,18829.3,0,0,0,0,0,0
TECK.BSE_IDX,01/07/2025,09:44:16,18829.84,0,0,0,0,0,0
TECK.BSE_IDX,01/07/2025,09:44:24,18830.19,0,0,0,0,0,0
TECK.BSE_IDX,01/07/2025,09:44:32,18831.91,0,0,0,0,0,0
TECK.BSE_IDX,01/07/2025,09:44:40,18831.19,0,0,0,0,0,0
TECK.BSE_IDX,01/07/2025,09:44:48,18830.29,0,0,0,0,0,0
TECK.BSE_IDX,01/07/2025,09:44:56,18830.37,0,0,0,0,0,0
TECK.BSE_IDX,01/07/2025,09:45:05,18830.6,0,0,0,0,0,0
TECK.BSE_IDX,01/07/2025,09:45:12,18827.45,0,0,0,0,0,0
TECK.BSE_IDX,01/07/2025,09:45:20,18821.58,0,0,0,0,0,0
TECK.BSE_IDX,01/07/2025,09:45:28,18821.98,0,0,0,0,0,0
TECK.BSE_IDX,01/07/2025,09:45:36,18822.41,0,0,0,0,0,0
TECK.BSE_IDX,01/07/2025,09:45:44,18816.93,0,0,0,0,0,0
TECK.BSE_IDX,01/07/2025,09:45:52,18818.21,0,0,0,0,0,0
TECK.BSE_IDX,01/07/2025,09:46:01,18813.69,0,0,0,0,0,0
TECK.BSE_IDX,01/07/2025,09:46:08,18811.52,0,0,0,0,0,0
TECK.BSE_IDX,01/07/2025,09:46:16,18809.85,0,0,0,0,0,0
TECK.BSE_IDX,01/07/2025,09:46:24,18805.43,0,0,0,0,0,0
TECK.BSE_IDX,01/07/2025,09:46:32,18809.51,0,0,0,0,0,0
TECK.BSE_IDX,01/07/2025,09:46:40,18808.04,0,0,0,0,0,0
TECK.BSE_IDX,01/07/2025,09:46:48,18808.38,0,0,0,0,0,0
TECK.BSE_IDX,01/07/2025,09:46:56,18807.01,0,0,0,0,0,0
TECK.BSE_IDX,01/07/2025,09:47:04,18803.86,0,0,0,0,0,0
TECK.BSE_IDX,01/07/2025,09:47:12,18804.75,0,0,0,0,0,0
TECK.BSE_IDX,01/07/2025,09:47:20,18802.01,0,0,0,0,0,0
TECK.BSE_IDX,01/07/2025,09:47:28,18802.3,0,0,0,0,0,0
TECK.BSE_IDX,01/07/2025,09:47:36,18802.06,0,0,0,0,0,0
TECK.BSE_IDX,01/07/2025,09:47:44,18802.13,0,0,0,0,0,0
TECK.BSE_IDX,01/07/2025,09:47:52,18802.79,0,0,0,0,0,0
TECK.BSE_IDX,01/07/2025,09:48:00,18804.91,0,0,0,0,0,0
TECK.BSE_IDX,01/07/2025,09:48:08,18804.53,0,0,0,0,0,0
TECK.BSE_IDX,01/07/2025,09:48:16,18805.87,0,0,0,0,0,0
TECK.BSE_IDX,01/07/2025,09:48:24,18806.62,0,0,0,0,0,0
TECK.BSE_IDX,01/07/2025,09:48:32,18813.47,0,0,0,0,0,0
TECK.BSE_IDX,01/07/2025,09:48:40,18813.15,0,0,0,0,0,0
TECK.BSE_IDX,01/07/2025,09:48:48,18811.83,0,0,0,0,0,0
TECK.BSE_IDX,01/07/2025,09:48:56,18812.75,0,0,0,0,0,0
TECK.BSE_IDX,01/07/2025,09:49:04,18815.36,0,0,0,0,0,0
TECK.BSE_IDX,01/07/2025,09:49:12,18810,0,0,0,0,0,0
TECK.BSE_IDX,01/07/2025,09:49:20,18808.96,0,0,0,0,0,0
TECK.BSE_IDX,01/07/2025,09:49:28,18812.21,0,0,0,0,0,0
TECK.BSE_IDX,01/07/2025,09:49:36,18812.65,0,0,0,0,0,0
TECK.BSE_IDX,01/07/2025,09:49:44,18812.91,0,0,0,0,0,0
TECK.BSE_IDX,01/07/2025,09:49:52,18813.02,0,0,0,0,0,0
TECK.BSE_IDX,01/07/2025,09:50:00,18810.2,0,0,0,0,0,0
TECK.BSE_IDX,01/07/2025,09:50:08,18808.64,0,0,0,0,0,0
TECK.BSE_IDX,01/07/2025,09:50:16,18809.08,0,0,0,0,0,0
TECK.BSE_IDX,01/07/2025,09:50:24,18809.28,0,0,0,0,0,0
TECK.BSE_IDX,01/07/2025,09:50:32,18808.66,0,0,0,0,0,0
TECK.BSE_IDX,01/07/2025,09:50:40,18805.17,0,0,0,0,0,0
TECK.BSE_IDX,01/07/2025,09:50:48,18805.81,0,0,0,0,0,0
TECK.BSE_IDX,01/07/2025,09:50:57,18807.42,0,0,0,0,0,0
TECK.BSE_IDX,01/07/2025,09:51:04,18805.01,0,0,0,0,0,0
TECK.BSE_IDX,01/07/2025,09:51:12,18809.51,0,0,0,0,0,0
TECK.BSE_IDX,01/07/2025,09:51:20,18809.72,0,0,0,0,0,0
TECK.BSE_IDX,01/07/2025,09:51:28,18804.56,0,0,0,0,0,0
TECK.BSE_IDX,01/07/2025,09:51:37,18803.9,0,0,0,0,0,0
TECK.BSE_IDX,01/07/2025,09:51:44,18805.5,0,0,0,0,0,0
TECK.BSE_IDX,01/07/2025,09:51:52,18800.61,0,0,0,0,0,0
TECK.BSE_IDX,01/07/2025,09:52:01,18800.85,0,0,0,0,0,0
TECK.BSE_IDX,01/07/2025,09:52:08,18801.5,0,0,0,0,0,0
TECK.BSE_IDX,01/07/2025,09:52:17,18792.22,0,0,0,0,0,0
TECK.BSE_IDX,01/07/2025,09:52:24,18790.79,0,0,0,0,0,0
TECK.BSE_IDX,01/07/2025,09:52:32,18797.43,0,0,0,0,0,0
TECK.BSE_IDX,01/07/2025,09:52:40,18796.99,0,0,0,0,0,0
TECK.BSE_IDX,01/07/2025,09:52:48,18797.9,0,0,0,0,0,0
TECK.BSE_IDX,01/07/2025,09:52:57,18796.83,0,0,0,0,0,0
TECK.BSE_IDX,01/07/2025,09:53:04,18797.24,0,0,0,0,0,0
TECK.BSE_IDX,01/07/2025,09:53:13,18795.6,0,0,0,0,0,0
TECK.BSE_IDX,01/07/2025,09:53:20,18795.56,0,0,0,0,0,0
TECK.BSE_IDX,01/07/2025,09:53:28,18798.36,0,0,0,0,0,0
TECK.BSE_IDX,01/07/2025,09:53:36,18797.56,0,0,0,0,0,0
TECK.BSE_IDX,01/07/2025,09:53:44,18798.18,0,0,0,0,0,0
TECK.BSE_IDX,01/07/2025,09:53:52,18798.11,0,0,0,0,0,0
TECK.BSE_IDX,01/07/2025,09:54:00,18794.52,0,0,0,0,0,0
TECK.BSE_IDX,01/07/2025,09:54:08,18792.17,0,0,0,0,0,0
TECK.BSE_IDX,01/07/2025,09:54:16,18790.97,0,0,0,0,0,0
TECK.BSE_IDX,01/07/2025,09:54:24,18789.25,0,0,0,0,0,0
TECK.BSE_IDX,01/07/2025,09:54:32,18789.99,0,0,0,0,0,0
TECK.BSE_IDX,01/07/2025,09:54:40,18789.33,0,0,0,0,0,0
TECK.BSE_IDX,01/07/2025,09:54:48,18791.16,0,0,0,0,0,0
TECK.BSE_IDX,01/07/2025,09:54:56,18791.45,0,0,0,0,0,0
TECK.BSE_IDX,01/07/2025,09:55:04,18789.74,0,0,0,0,0,0
TECK.BSE_IDX,01/07/2025,09:55:12,18791.8,0,0,0,0,0,0
TECK.BSE_IDX,01/07/2025,09:55:20,18792.2,0,0,0,0,0,0
TECK.BSE_IDX,01/07/2025,09:55:28,18790.85,0,0,0,0,0,0
TECK.BSE_IDX,01/07/2025,09:55:36,18789.9,0,0,0,0,0,0
TECK.BSE_IDX,01/07/2025,09:55:44,18789.27,0,0,0,0,0,0
TECK.BSE_IDX,01/07/2025,09:55:52,18783.98,0,0,0,0,0,0
TECK.BSE_IDX,01/07/2025,09:56:00,18783.41,0,0,0,0,0,0
TECK.BSE_IDX,01/07/2025,09:56:08,18783.45,0,0,0,0,0,0
TECK.BSE_IDX,01/07/2025,09:56:16,18785.44,0,0,0,0,0,0
TECK.BSE_IDX,01/07/2025,09:56:25,18783.65,0,0,0,0,0,0
TECK.BSE_IDX,01/07/2025,09:56:32,18781.95,0,0,0,0,0,0
TECK.BSE_IDX,01/07/2025,09:56:41,18781.08,0,0,0,0,0,0
TECK.BSE_IDX,01/07/2025,09:56:48,18782.37,0,0,0,0,0,0
TECK.BSE_IDX,01/07/2025,09:56:57,18781.12,0,0,0,0,0,0
TECK.BSE_IDX,01/07/2025,09:57:04,18779.68,0,0,0,0,0,0
TECK.BSE_IDX,01/07/2025,09:57:12,18779.83,0,0,0,0,0,0
TECK.BSE_IDX,01/07/2025,09:57:20,18778.82,0,0,0,0,0,0
TECK.BSE_IDX,01/07/2025,09:57:28,18777.76,0,0,0,0,0,0
TECK.BSE_IDX,01/07/2025,09:57:36,18776.04,0,0,0,0,0,0
TECK.BSE_IDX,01/07/2025,09:57:44,18776.98,0,0,0,0,0,0
TECK.BSE_IDX,01/07/2025,09:57:52,18777.47,0,0,0,0,0,0
TECK.BSE_IDX,01/07/2025,09:58:00,18776.9,0,0,0,0,0,0
TECK.BSE_IDX,01/07/2025,09:58:08,18776.07,0,0,0,0,0,0
TECK.BSE_IDX,01/07/2025,09:58:16,18775.42,0,0,0,0,0,0
TECK.BSE_IDX,01/07/2025,09:58:24,18773,0,0,0,0,0,0
TECK.BSE_IDX,01/07/2025,09:58:32,18772.47,0,0,0,0,0,0
TECK.BSE_IDX,01/07/2025,09:58:40,18776.62,0,0,0,0,0,0
TECK.BSE_IDX,01/07/2025,09:58:48,18779.52,0,0,0,0,0,0
TECK.BSE_IDX,01/07/2025,09:58:56,18781.76,0,0,0,0,0,0
TECK.BSE_IDX,01/07/2025,09:59:05,18786.77,0,0,0,0,0,0
TECK.BSE_IDX,01/07/2025,09:59:12,18787.43,0,0,0,0,0,0
TECK.BSE_IDX,01/07/2025,09:59:20,18788.62,0,0,0,0,0,0
TECK.BSE_IDX,01/07/2025,09:59:28,18790.38,0,0,0,0,0,0
TECK.BSE_IDX,01/07/2025,09:59:36,18789.77,0,0,0,0,0,0
TECK.BSE_IDX,01/07/2025,09:59:45,18793,0,0,0,0,0,0
TECK.BSE_IDX,01/07/2025,09:59:52,18791.58,0,0,0,0,0,0
TECK.BSE_IDX,01/07/2025,10:00:00,18794.16,0,0,0,0,0,0
TECK.BSE_IDX,01/07/2025,10:00:08,18797.61,0,0,0,0,0,0
TECK.BSE_IDX,01/07/2025,10:00:16,18795.43,0,0,0,0,0,0
TECK.BSE_IDX,01/07/2025,10:00:24,18792.53,0,0,0,0,0,0
TECK.BSE_IDX,01/07/2025,10:00:32,18792.84,0,0,0,0,0,0
TECK.BSE_IDX,01/07/2025,10:00:40,18791.96,0,0,0,0,0,0
TECK.BSE_IDX,01/07/2025,10:00:48,18790.77,0,0,0,0,0,0
TECK.BSE_IDX,01/07/2025,10:00:56,18790.91,0,0,0,0,0,0
TECK.BSE_IDX,01/07/2025,10:01:04,18788.59,0,0,0,0,0,0
TECK.BSE_IDX,01/07/2025,10:01:12,18786.55,0,0,0,0,0,0
TECK.BSE_IDX,01/07/2025,10:01:21,18787.22,0,0,0,0,0,0
TECK.BSE_IDX,01/07/2025,10:01:28,18785.81,0,0,0,0,0,0
TECK.BSE_IDX,01/07/2025,10:01:36,18785.94,0,0,0,0,0,0
TECK.BSE_IDX,01/07/2025,10:01:44,18785.76,0,0,0,0,0,0
TECK.BSE_IDX,01/07/2025,10:01:52,18784.61,0,0,0,0,0,0
TECK.BSE_IDX,01/07/2025,10:02:00,18782.43,0,0,0,0,0,0
TECK.BSE_IDX,01/07/2025,10:02:08,18780.19,0,0,0,0,0,0
TECK.BSE_IDX,01/07/2025,10:02:16,18777.3,0,0,0,0,0,0
TECK.BSE_IDX,01/07/2025,10:02:24,18777.84,0,0,0,0,0,0
TECK.BSE_IDX,01/07/2025,10:02:32,18776.68,0,0,0,0,0,0
TECK.BSE_IDX,01/07/2025,10:02:41,18778.8,0,0,0,0,0,0
TECK.BSE_IDX,01/07/2025,10:02:49,18774.41,0,0,0,0,0,0
TECK.BSE_IDX,01/07/2025,10:02:56,18772.15,0,0,0,0,0,0
TECK.BSE_IDX,01/07/2025,10:03:04,18772.55,0,0,0,0,0,0
TECK.BSE_IDX,01/07/2025,10:03:13,18768.82,0,0,0,0,0,0
TECK.BSE_IDX,01/07/2025,10:03:20,18766.51,0,0,0,0,0,0
TECK.BSE_IDX,01/07/2025,10:03:29,18760.59,0,0,0,0,0,0
TECK.BSE_IDX,01/07/2025,10:03:37,18760.49,0,0,0,0,0,0
TECK.BSE_IDX,01/07/2025,10:03:45,18760.21,0,0,0,0,0,0
TECK.BSE_IDX,01/07/2025,10:03:53,18761.34,0,0,0,0,0,0
TECK.BSE_IDX,01/07/2025,10:04:01,18762.09,0,0,0,0,0,0
TECK.BSE_IDX,01/07/2025,10:04:09,18762.98,0,0,0,0,0,0
TECK.BSE_IDX,01/07/2025,10:04:17,18764.69,0,0,0,0,0,0
TECK.BSE_IDX,01/07/2025,10:04:25,18762.28,0,0,0,0,0,0
TECK.BSE_IDX,01/07/2025,10:04:33,18768.93,0,0,0,0,0,0
TECK.BSE_IDX,01/07/2025,10:04:41,18773.4,0,0,0,0,0,0
TECK.BSE_IDX,01/07/2025,10:04:50,18775.8,0,0,0,0,0,0
TECK.BSE_IDX,01/07/2025,10:04:57,18774.21,0,0,0,0,0,0
TECK.BSE_IDX,01/07/2025,10:05:05,18771.3,0,0,0,0,0,0
TECK.BSE_IDX,01/07/2025,10:05:14,18771.39,0,0,0,0,0,0
TECK.BSE_IDX,01/07/2025,10:05:21,18770.02,0,0,0,0,0,0
TECK.BSE_IDX,01/07/2025,10:05:29,18760.02,0,0,0,0,0,0
TECK.BSE_IDX,01/07/2025,10:05:37,18761.77,0,0,0,0,0,0
TECK.BSE_IDX,01/07/2025,10:05:45,18764.33,0,0,0,0,0,0
TECK.BSE_IDX,01/07/2025,10:05:53,18764.58,0,0,0,0,0,0
TECK.BSE_IDX,01/07/2025,10:06:01,18765.91,0,0,0,0,0,0
TECK.BSE_IDX,01/07/2025,10:06:09,18768.7,0,0,0,0,0,0
TECK.BSE_IDX,01/07/2025,10:06:17,18769.03,0,0,0,0,0,0
TECK.BSE_IDX,01/07/2025,10:06:25,18769.38,0,0,0,0,0,0
TECK.BSE_IDX,01/07/2025,10:06:33,18769.93,0,0,0,0,0,0
TECK.BSE_IDX,01/07/2025,10:06:41,18772.15,0,0,0,0,0,0
TECK.BSE_IDX,01/07/2025,10:06:49,18772.14,0,0,0,0,0,0
TECK.BSE_IDX,01/07/2025,10:06:57,18772.18,0,0,0,0,0,0
TECK.BSE_IDX,01/07/2025,10:07:05,18772.31,0,0,0,0,0,0
TECK.BSE_IDX,01/07/2025,10:07:13,18771.5,0,0,0,0,0,0
TECK.BSE_IDX,01/07/2025,10:07:21,18771.9,0,0,0,0,0,0
TECK.BSE_IDX,01/07/2025,10:07:29,18773.18,0,0,0,0,0,0
TECK.BSE_IDX,01/07/2025,10:07:37,18771.11,0,0,0,0,0,0
TECK.BSE_IDX,01/07/2025,10:07:45,18771.41,0,0,0,0,0,0
TECK.BSE_IDX,01/07/2025,10:07:53,18774.33,0,0,0,0,0,0
TECK.BSE_IDX,01/07/2025,10:08:01,18773.79,0,0,0,0,0,0
TECK.BSE_IDX,01/07/2025,10:08:09,18773.07,0,0,0,0,0,0
TECK.BSE_IDX,01/07/2025,10:08:17,18773.01,0,0,0,0,0,0
TECK.BSE_IDX,01/07/2025,10:08:25,18770.95,0,0,0,0,0,0
TECK.BSE_IDX,01/07/2025,10:08:33,18771.56,0,0,0,0,0,0
TECK.BSE_IDX,01/07/2025,10:08:41,18771.38,0,0,0,0,0,0
TECK.BSE_IDX,01/07/2025,10:08:49,18770.51,0,0,0,0,0,0
TECK.BSE_IDX,01/07/2025,10:08:57,18770.37,0,0,0,0,0,0
TECK.BSE_IDX,01/07/2025,10:09:05,18764.19,0,0,0,0,0,0
TECK.BSE_IDX,01/07/2025,10:09:13,18762.81,0,0,0,0,0,0
TECK.BSE_IDX,01/07/2025,10:09:21,18762.26,0,0,0,0,0,0
TECK.BSE_IDX,01/07/2025,10:09:29,18760.83,0,0,0,0,0,0
TECK.BSE_IDX,01/07/2025,10:09:37,18760,0,0,0,0,0,0
TECK.BSE_IDX,01/07/2025,10:09:45,18761.42,0,0,0,0,0,0
TECK.BSE_IDX,01/07/2025,10:09:53,18760.58,0,0,0,0,0,0
TECK.BSE_IDX,01/07/2025,10:10:01,18761.94,0,0,0,0,0,0
TECK.BSE_IDX,01/07/2025,10:10:09,18761.78,0,0,0,0,0,0
TECK.BSE_IDX,01/07/2025,10:10:17,18761.6,0,0,0,0,0,0
TECK.BSE_IDX,01/07/2025,10:10:25,18762.97,0,0,0,0,0,0
TECK.BSE_IDX,01/07/2025,10:10:33,18763.49,0,0,0,0,0,0
TECK.BSE_IDX,01/07/2025,10:10:41,18763.54,0,0,0,0,0,0
TECK.BSE_IDX,01/07/2025,10:10:49,18765.48,0,0,0,0,0,0
TECK.BSE_IDX,01/07/2025,10:10:57,18765.5,0,0,0,0,0,0
TECK.BSE_IDX,01/07/2025,10:11:05,18765.06,0,0,0,0,0,0
TECK.BSE_IDX,01/07/2025,10:11:13,18765.15,0,0,0,0,0,0
TECK.BSE_IDX,01/07/2025,10:11:22,18764.9,0,0,0,0,0,0
TECK.BSE_IDX,01/07/2025,10:11:29,18762.23,0,0,0,0,0,0
TECK.BSE_IDX,01/07/2025,10:11:37,18761.9,0,0,0,0,0,0
TECK.BSE_IDX,01/07/2025,10:11:45,18762.78,0,0,0,0,0,0
TECK.BSE_IDX,01/07/2025,10:11:53,18759.25,0,0,0,0,0,0
TECK.BSE_IDX,01/07/2025,10:12:01,18763.83,0,0,0,0,0,0
TECK.BSE_IDX,01/07/2025,10:12:09,18763.52,0,0,0,0,0,0
TECK.BSE_IDX,01/07/2025,10:12:17,18763.89,0,0,0,0,0,0
TECK.BSE_IDX,01/07/2025,10:12:25,18759.78,0,0,0,0,0,0
TECK.BSE_IDX,01/07/2025,10:12:33,18760.98,0,0,0,0,0,0
TECK.BSE_IDX,01/07/2025,10:12:41,18760.77,0,0,0,0,0,0
TECK.BSE_IDX,01/07/2025,10:12:49,18759.61,0,0,0,0,0,0
TECK.BSE_IDX,01/07/2025,10:12:57,18752.32,0,0,0,0,0,0
TECK.BSE_IDX,01/07/2025,10:13:05,18751.27,0,0,0,0,0,0
TECK.BSE_IDX,01/07/2025,10:13:13,18759.43,0,0,0,0,0,0
TECK.BSE_IDX,01/07/2025,10:13:21,18761.19,0,0,0,0,0,0
TECK.BSE_IDX,01/07/2025,10:13:29,18760.55,0,0,0,0,0,0
TECK.BSE_IDX,01/07/2025,10:13:37,18762.18,0,0,0,0,0,0
TECK.BSE_IDX,01/07/2025,10:13:45,18762.78,0,0,0,0,0,0
TECK.BSE_IDX,01/07/2025,10:13:53,18761.69,0,0,0,0,0,0
TECK.BSE_IDX,01/07/2025,10:14:01,18763.13,0,0,0,0,0,0
TECK.BSE_IDX,01/07/2025,10:14:09,18760.8,0,0,0,0,0,0
TECK.BSE_IDX,01/07/2025,10:14:17,18759.49,0,0,0,0,0,0
TECK.BSE_IDX,01/07/2025,10:14:25,18759.6,0,0,0,0,0,0
TECK.BSE_IDX,01/07/2025,10:14:33,18762.36,0,0,0,0,0,0
TECK.BSE_IDX,01/07/2025,10:14:41,18764.63,0,0,0,0,0,0
TECK.BSE_IDX,01/07/2025,10:14:49,18765.19,0,0,0,0,0,0
TECK.BSE_IDX,01/07/2025,10:14:57,18764.36,0,0,0,0,0,0
TECK.BSE_IDX,01/07/2025,10:15:05,18764.05,0,0,0,0,0,0
TECK.BSE_IDX,01/07/2025,10:15:13,18764.13,0,0,0,0,0,0
TECK.BSE_IDX,01/07/2025,10:15:21,18765.91,0,0,0,0,0,0
TECK.BSE_IDX,01/07/2025,10:15:29,18765.36,0,0,0,0,0,0
TECK.BSE_IDX,01/07/2025,10:15:37,18771.04,0,0,0,0,0,0
TECK.BSE_IDX,01/07/2025,10:15:45,18773.73,0,0,0,0,0,0
TECK.BSE_IDX,01/07/2025,10:15:53,18777.34,0,0,0,0,0,0
TECK.BSE_IDX,01/07/2025,10:16:01,18781.48,0,0,0,0,0,0
TECK.BSE_IDX,01/07/2025,10:16:09,18781.48,0,0,0,0,0,0
TECK.BSE_IDX,01/07/2025,10:16:17,18781.5,0,0,0,0,0,0
TECK.BSE_IDX,01/07/2025,10:16:25,18782.48,0,0,0,0,0,0
TECK.BSE_IDX,01/07/2025,10:16:33,18784.02,0,0,0,0,0,0
TECK.BSE_IDX,01/07/2025,10:16:41,18785.59,0,0,0,0,0,0
TECK.BSE_IDX,01/07/2025,10:16:49,18785.99,0,0,0,0,0,0
TECK.BSE_IDX,01/07/2025,10:16:57,18788.43,0,0,0,0,0,0
TECK.BSE_IDX,01/07/2025,10:17:05,18789.86,0,0,0,0,0,0
TECK.BSE_IDX,01/07/2025,10:17:13,18791.37,0,0,0,0,0,0
TECK.BSE_IDX,01/07/2025,10:17:21,18798.76,0,0,0,0,0,0
TECK.BSE_IDX,01/07/2025,10:17:29,18800.14,0,0,0,0,0,0
TECK.BSE_IDX,01/07/2025,10:17:37,18796.56,0,0,0,0,0,0
TECK.BSE_IDX,01/07/2025,10:17:45,18796.36,0,0,0,0,0,0
TECK.BSE_IDX,01/07/2025,10:17:53,18798.88,0,0,0,0,0,0
TECK.BSE_IDX,01/07/2025,10:18:01,18799.91,0,0,0,0,0,0
TECK.BSE_IDX,01/07/2025,10:18:09,18799.95,0,0,0,0,0,0
TECK.BSE_IDX,01/07/2025,10:18:17,18800.64,0,0,0,0,0,0
TECK.BSE_IDX,01/07/2025,10:18:25,18800.86,0,0,0,0,0,0
TECK.BSE_IDX,01/07/2025,10:18:33,18800.23,0,0,0,0,0,0
TECK.BSE_IDX,01/07/2025,10:18:41,18798.03,0,0,0,0,0,0
TECK.BSE_IDX,01/07/2025,10:18:49,18798.14,0,0,0,0,0,0
TECK.BSE_IDX,01/07/2025,10:18:57,18799.31,0,0,0,0,0,0
TECK.BSE_IDX,01/07/2025,10:19:05,18795.42,0,0,0,0,0,0
TECK.BSE_IDX,01/07/2025,10:19:13,18794.75,0,0,0,0,0,0
TECK.BSE_IDX,01/07/2025,10:19:21,18796.57,0,0,0,0,0,0
TECK.BSE_IDX,01/07/2025,10:19:29,18798.48,0,0,0,0,0,0
TECK.BSE_IDX,01/07/2025,10:19:37,18794.99,0,0,0,0,0,0
TECK.BSE_IDX,01/07/2025,10:19:45,18794.88,0,0,0,0,0,0
TECK.BSE_IDX,01/07/2025,10:19:53,18794.55,0,0,0,0,0,0
TECK.BSE_IDX,01/07/2025,10:20:01,18794.92,0,0,0,0,0,0
TECK.BSE_IDX,01/07/2025,10:20:09,18794.05,0,0,0,0,0,0
TECK.BSE_IDX,01/07/2025,10:20:17,18797.84,0,0,0,0,0,0
TECK.BSE_IDX,01/07/2025,10:20:25,18796.23,0,0,0,0,0,0
TECK.BSE_IDX,01/07/2025,10:20:33,18797.79,0,0,0,0,0,0
TECK.BSE_IDX,01/07/2025,10:20:41,18800.25,0,0,0,0,0,0
TECK.BSE_IDX,01/07/2025,10:20:49,18799.94,0,0,0,0,0,0
TECK.BSE_IDX,01/07/2025,10:20:57,18798.55,0,0,0,0,0,0
TECK.BSE_IDX,01/07/2025,10:21:05,18794.75,0,0,0,0,0,0
TECK.BSE_IDX,01/07/2025,10:21:13,18796.63,0,0,0,0,0,0
TECK.BSE_IDX,01/07/2025,10:21:21,18798.16,0,0,0,0,0,0
TECK.BSE_IDX,01/07/2025,10:21:29,18800.26,0,0,0,0,0,0
TECK.BSE_IDX,01/07/2025,10:21:37,18799.92,0,0,0,0,0,0
TECK.BSE_IDX,01/07/2025,10:21:45,18800.44,0,0,0,0,0,0
TECK.BSE_IDX,01/07/2025,10:21:53,18800.39,0,0,0,0,0,0
TECK.BSE_IDX,01/07/2025,10:22:01,18801.71,0,0,0,0,0,0
TECK.BSE_IDX,01/07/2025,10:22:09,18801.73,0,0,0,0,0,0
TECK.BSE_IDX,01/07/2025,10:22:17,18800.21,0,0,0,0,0,0
TECK.BSE_IDX,01/07/2025,10:22:25,18802.66,0,0,0,0,0,0
TECK.BSE_IDX,01/07/2025,10:22:33,18799.41,0,0,0,0,0,0
TECK.BSE_IDX,01/07/2025,10:22:41,18803.26,0,0,0,0,0,0
TECK.BSE_IDX,01/07/2025,10:22:49,18802.22,0,0,0,0,0,0
TECK.BSE_IDX,01/07/2025,10:22:57,18805.48,0,0,0,0,0,0
TECK.BSE_IDX,01/07/2025,10:23:05,18800.94,0,0,0,0,0,0
TECK.BSE_IDX,01/07/2025,10:23:13,18802.28,0,0,0,0,0,0
TECK.BSE_IDX,01/07/2025,10:23:21,18801.57,0,0,0,0,0,0
TECK.BSE_IDX,01/07/2025,10:23:29,18801.63,0,0,0,0,0,0
TECK.BSE_IDX,01/07/2025,10:23:37,18801.5,0,0,0,0,0,0
TECK.BSE_IDX,01/07/2025,10:23:45,18801.31,0,0,0,0,0,0
TECK.BSE_IDX,01/07/2025,10:23:53,18799.21,0,0,0,0,0,0
TECK.BSE_IDX,01/07/2025,10:24:01,18798.47,0,0,0,0,0,0
TECK.BSE_IDX,01/07/2025,10:24:09,18797.44,0,0,0,0,0,0
TECK.BSE_IDX,01/07/2025,10:24:17,18794.51,0,0,0,0,0,0
TECK.BSE_IDX,01/07/2025,10:24:25,18793.77,0,0,0,0,0,0
TECK.BSE_IDX,01/07/2025,10:24:33,18790.84,0,0,0,0,0,0
TECK.BSE_IDX,01/07/2025,10:24:41,18791.95,0,0,0,0,0,0
TECK.BSE_IDX,01/07/2025,10:24:49,18790.67,0,0,0,0,0,0
TECK.BSE_IDX,01/07/2025,10:24:57,18793.92,0,0,0,0,0,0
TECK.BSE_IDX,01/07/2025,10:25:05,18791.68,0,0,0,0,0,0
TECK.BSE_IDX,01/07/2025,10:25:13,18791.6,0,0,0,0,0,0
TECK.BSE_IDX,01/07/2025,10:25:21,18789.49,0,0,0,0,0,0
TECK.BSE_IDX,01/07/2025,10:25:29,18788.94,0,0,0,0,0,0
TECK.BSE_IDX,01/07/2025,10:25:37,18789.8,0,0,0,0,0,0
TECK.BSE_IDX,01/07/2025,10:25:45,18789.93,0,0,0,0,0,0
TECK.BSE_IDX,01/07/2025,10:25:53,18789.5,0,0,0,0,0,0
TECK.BSE_IDX,01/07/2025,10:26:01,18791.56,0,0,0,0,0,0
TECK.BSE_IDX,01/07/2025,10:26:09,18791.58,0,0,0,0,0,0
TECK.BSE_IDX,01/07/2025,10:26:17,18792.72,0,0,0,0,0,0
TECK.BSE_IDX,01/07/2025,10:26:25,18792.46,0,0,0,0,0,0
TECK.BSE_IDX,01/07/2025,10:26:33,18791.89,0,0,0,0,0,0
TECK.BSE_IDX,01/07/2025,10:26:41,18792.14,0,0,0,0,0,0
TECK.BSE_IDX,01/07/2025,10:26:49,18790.78,0,0,0,0,0,0
TECK.BSE_IDX,01/07/2025,10:26:57,18789.99,0,0,0,0,0,0
TECK.BSE_IDX,01/07/2025,10:27:05,18788.52,0,0,0,0,0,0
TECK.BSE_IDX,01/07/2025,10:27:13,18787.32,0,0,0,0,0,0
TECK.BSE_IDX,01/07/2025,10:27:21,18786.06,0,0,0,0,0,0
TECK.BSE_IDX,01/07/2025,10:27:29,18787.87,0,0,0,0,0,0
TECK.BSE_IDX,01/07/2025,10:27:37,18785.41,0,0,0,0,0,0
TECK.BSE_IDX,01/07/2025,10:27:45,18786.39,0,0,0,0,0,0
TECK.BSE_IDX,01/07/2025,10:27:53,18787.07,0,0,0,0,0,0
TECK.BSE_IDX,01/07/2025,10:28:01,18788.02,0,0,0,0,0,0
TECK.BSE_IDX,01/07/2025,10:28:09,18787.95,0,0,0,0,0,0
TECK.BSE_IDX,01/07/2025,10:28:17,18790.92,0,0,0,0,0,0
TECK.BSE_IDX,01/07/2025,10:28:25,18788.83,0,0,0,0,0,0
TECK.BSE_IDX,01/07/2025,10:28:33,18788.94,0,0,0,0,0,0
TECK.BSE_IDX,01/07/2025,10:28:41,18787.81,0,0,0,0,0,0
TECK.BSE_IDX,01/07/2025,10:28:49,18790.06,0,0,0,0,0,0
TECK.BSE_IDX,01/07/2025,10:28:57,18790.97,0,0,0,0,0,0
TECK.BSE_IDX,01/07/2025,10:29:05,18792.73,0,0,0,0,0,0
TECK.BSE_IDX,01/07/2025,10:29:13,18792.91,0,0,0,0,0,0
TECK.BSE_IDX,01/07/2025,10:29:21,18790.03,0,0,0,0,0,0
TECK.BSE_IDX,01/07/2025,10:29:29,18789.87,0,0,0,0,0,0
TECK.BSE_IDX,01/07/2025,10:29:37,18787.55,0,0,0,0,0,0
TECK.BSE_IDX,01/07/2025,10:29:46,18789.34,0,0,0,0,0,0
TECK.BSE_IDX,01/07/2025,10:29:54,18788.91,0,0,0,0,0,0
TECK.BSE_IDX,01/07/2025,10:30:01,18788.91,0,0,0,0,0,0
TECK.BSE_IDX,01/07/2025,10:30:09,18791.34,0,0,0,0,0,0
TECK.BSE_IDX,01/07/2025,10:30:17,18793.12,0,0,0,0,0,0
TECK.BSE_IDX,01/07/2025,10:30:25,18795.03,0,0,0,0,0,0
TECK.BSE_IDX,01/07/2025,10:30:33,18794.59,0,0,0,0,0,0
TECK.BSE_IDX,01/07/2025,10:30:41,18794.89,0,0,0,0,0,0
TECK.BSE_IDX,01/07/2025,10:30:49,18793.86,0,0,0,0,0,0
TECK.BSE_IDX,01/07/2025,10:30:57,18794.07,0,0,0,0,0,0
TECK.BSE_IDX,01/07/2025,10:31:05,18795.78,0,0,0,0,0,0
TECK.BSE_IDX,01/07/2025,10:31:13,18795.78,0,0,0,0,0,0
TECK.BSE_IDX,01/07/2025,10:31:21,18795.78,0,0,0,0,0,0
TECK.BSE_IDX,01/07/2025,10:31:29,18795.6,0,0,0,0,0,0
TECK.BSE_IDX,01/07/2025,10:31:37,18793.26,0,0,0,0,0,0
TECK.BSE_IDX,01/07/2025,10:31:45,18790.44,0,0,0,0,0,0
TECK.BSE_IDX,01/07/2025,10:31:53,18788.21,0,0,0,0,0,0
TECK.BSE_IDX,01/07/2025,10:32:01,18788.53,0,0,0,0,0,0
TECK.BSE_IDX,01/07/2025,10:32:09,18786.32,0,0,0,0,0,0
TECK.BSE_IDX,01/07/2025,10:32:17,18788.43,0,0,0,0,0,0
TECK.BSE_IDX,01/07/2025,10:32:25,18788.38,0,0,0,0,0,0
TECK.BSE_IDX,01/07/2025,10:32:33,18787.73,0,0,0,0,0,0
TECK.BSE_IDX,01/07/2025,10:32:41,18786.66,0,0,0,0,0,0
TECK.BSE_IDX,01/07/2025,10:32:49,18787.1,0,0,0,0,0,0
TECK.BSE_IDX,01/07/2025,10:32:57,18791.03,0,0,0,0,0,0
TECK.BSE_IDX,01/07/2025,10:33:05,18791.56,0,0,0,0,0,0
TECK.BSE_IDX,01/07/2025,10:33:13,18791.5,0,0,0,0,0,0
TECK.BSE_IDX,01/07/2025,10:33:21,18790.45,0,0,0,0,0,0
TECK.BSE_IDX,01/07/2025,10:33:29,18789.98,0,0,0,0,0,0
TECK.BSE_IDX,01/07/2025,10:33:37,18790.56,0,0,0,0,0,0
TECK.BSE_IDX,01/07/2025,10:33:45,18790.77,0,0,0,0,0,0
TECK.BSE_IDX,01/07/2025,10:33:53,18790.93,0,0,0,0,0,0
TECK.BSE_IDX,01/07/2025,10:34:01,18788.43,0,0,0,0,0,0
TECK.BSE_IDX,01/07/2025,10:34:09,18789.07,0,0,0,0,0,0
TECK.BSE_IDX,01/07/2025,10:34:17,18787.46,0,0,0,0,0,0
TECK.BSE_IDX,01/07/2025,10:34:25,18787.91,0,0,0,0,0,0
TECK.BSE_IDX,01/07/2025,10:34:33,18787.76,0,0,0,0,0,0
TECK.BSE_IDX,01/07/2025,10:34:41,18788.54,0,0,0,0,0,0
TECK.BSE_IDX,01/07/2025,10:34:49,18788.49,0,0,0,0,0,0
TECK.BSE_IDX,01/07/2025,10:34:58,18788.08,0,0,0,0,0,0
TECK.BSE_IDX,01/07/2025,10:35:06,18787.96,0,0,0,0,0,0
TECK.BSE_IDX,01/07/2025,10:35:14,18788.61,0,0,0,0,0,0
TECK.BSE_IDX,01/07/2025,10:35:21,18789.19,0,0,0,0,0,0
TECK.BSE_IDX,01/07/2025,10:35:29,18788.32,0,0,0,0,0,0
TECK.BSE_IDX,01/07/2025,10:35:37,18786.57,0,0,0,0,0,0
TECK.BSE_IDX,01/07/2025,10:35:45,18786.82,0,0,0,0,0,0
TECK.BSE_IDX,01/07/2025,10:35:54,18789.56,0,0,0,0,0,0
TECK.BSE_IDX,01/07/2025,10:36:02,18790.2,0,0,0,0,0,0
TECK.BSE_IDX,01/07/2025,10:36:10,18790.2,0,0,0,0,0,0
TECK.BSE_IDX,01/07/2025,10:36:17,18790.77,0,0,0,0,0,0
TECK.BSE_IDX,01/07/2025,10:36:25,18790.03,0,0,0,0,0,0
TECK.BSE_IDX,01/07/2025,10:36:34,18790.26,0,0,0,0,0,0
TECK.BSE_IDX,01/07/2025,10:36:42,18792.79,0,0,0,0,0,0
TECK.BSE_IDX,01/07/2025,10:36:49,18795.23,0,0,0,0,0,0
TECK.BSE_IDX,01/07/2025,10:36:58,18796.18,0,0,0,0,0,0
TECK.BSE_IDX,01/07/2025,10:37:05,18796.63,0,0,0,0,0,0
TECK.BSE_IDX,01/07/2025,10:37:14,18797.47,0,0,0,0,0,0
TECK.BSE_IDX,01/07/2025,10:37:21,18796.8,0,0,0,0,0,0
TECK.BSE_IDX,01/07/2025,10:37:30,18794.94,0,0,0,0,0,0
TECK.BSE_IDX,01/07/2025,10:37:38,18796.24,0,0,0,0,0,0
TECK.BSE_IDX,01/07/2025,10:37:46,18796.31,0,0,0,0,0,0
TECK.BSE_IDX,01/07/2025,10:37:54,18795.53,0,0,0,0,0,0
TECK.BSE_IDX,01/07/2025,10:38:02,18792.66,0,0,0,0,0,0
TECK.BSE_IDX,01/07/2025,10:38:10,18793.17,0,0,0,0,0,0
TECK.BSE_IDX,01/07/2025,10:38:18,18791.27,0,0,0,0,0,0
TECK.BSE_IDX,01/07/2025,10:38:26,18791.97,0,0,0,0,0,0
TECK.BSE_IDX,01/07/2025,10:38:34,18791.08,0,0,0,0,0,0
TECK.BSE_IDX,01/07/2025,10:38:42,18791.59,0,0,0,0,0,0
TECK.BSE_IDX,01/07/2025,10:38:50,18791.63,0,0,0,0,0,0
TECK.BSE_IDX,01/07/2025,10:38:58,18791.85,0,0,0,0,0,0
TECK.BSE_IDX,01/07/2025,10:39:06,18795.04,0,0,0,0,0,0
TECK.BSE_IDX,01/07/2025,10:39:14,18797.16,0,0,0,0,0,0
TECK.BSE_IDX,01/07/2025,10:39:22,18794.95,0,0,0,0,0,0
TECK.BSE_IDX,01/07/2025,10:39:30,18793.93,0,0,0,0,0,0
TECK.BSE_IDX,01/07/2025,10:39:38,18795.89,0,0,0,0,0,0
TECK.BSE_IDX,01/07/2025,10:39:46,18798.64,0,0,0,0,0,0
TECK.BSE_IDX,01/07/2025,10:39:54,18798.38,0,0,0,0,0,0
TECK.BSE_IDX,01/07/2025,10:40:02,18798.46,0,0,0,0,0,0
TECK.BSE_IDX,01/07/2025,10:40:10,18793.41,0,0,0,0,0,0
TECK.BSE_IDX,01/07/2025,10:40:18,18793.43,0,0,0,0,0,0
TECK.BSE_IDX,01/07/2025,10:40:26,18795.39,0,0,0,0,0,0
TECK.BSE_IDX,01/07/2025,10:40:34,18795.21,0,0,0,0,0,0
TECK.BSE_IDX,01/07/2025,10:40:42,18795.05,0,0,0,0,0,0
TECK.BSE_IDX,01/07/2025,10:40:50,18794.73,0,0,0,0,0,0
TECK.BSE_IDX,01/07/2025,10:40:58,18796.22,0,0,0,0,0,0
TECK.BSE_IDX,01/07/2025,10:41:06,18795.43,0,0,0,0,0,0
TECK.BSE_IDX,01/07/2025,10:41:14,18792.56,0,0,0,0,0,0
TECK.BSE_IDX,01/07/2025,10:41:22,18791.81,0,0,0,0,0,0
TECK.BSE_IDX,01/07/2025,10:41:30,18786.74,0,0,0,0,0,0
TECK.BSE_IDX,01/07/2025,10:41:38,18793.29,0,0,0,0,0,0
TECK.BSE_IDX,01/07/2025,10:41:46,18793.05,0,0,0,0,0,0
TECK.BSE_IDX,01/07/2025,10:41:54,18792.62,0,0,0,0,0,0
TECK.BSE_IDX,01/07/2025,10:42:02,18791.57,0,0,0,0,0,0
TECK.BSE_IDX,01/07/2025,10:42:10,18792.1,0,0,0,0,0,0
TECK.BSE_IDX,01/07/2025,10:42:18,18793.5,0,0,0,0,0,0
TECK.BSE_IDX,01/07/2025,10:42:26,18793.35,0,0,0,0,0,0
TECK.BSE_IDX,01/07/2025,10:42:34,18794.3,0,0,0,0,0,0
TECK.BSE_IDX,01/07/2025,10:42:42,18793.71,0,0,0,0,0,0
TECK.BSE_IDX,01/07/2025,10:42:50,18792.37,0,0,0,0,0,0
TECK.BSE_IDX,01/07/2025,10:42:58,18791.34,0,0,0,0,0,0
TECK.BSE_IDX,01/07/2025,10:43:06,18792.5,0,0,0,0,0,0
TECK.BSE_IDX,01/07/2025,10:43:14,18790.07,0,0,0,0,0,0
TECK.BSE_IDX,01/07/2025,10:43:22,18789.83,0,0,0,0,0,0
TECK.BSE_IDX,01/07/2025,10:43:30,18789.58,0,0,0,0,0,0
TECK.BSE_IDX,01/07/2025,10:43:38,18787.97,0,0,0,0,0,0
TECK.BSE_IDX,01/07/2025,10:43:46,18787.64,0,0,0,0,0,0
TECK.BSE_IDX,01/07/2025,10:43:54,18789.66,0,0,0,0,0,0
TECK.BSE_IDX,01/07/2025,10:44:02,18789.03,0,0,0,0,0,0
TECK.BSE_IDX,01/07/2025,10:44:10,18789.62,0,0,0,0,0,0
TECK.BSE_IDX,01/07/2025,10:44:18,18788.24,0,0,0,0,0,0
TECK.BSE_IDX,01/07/2025,10:44:26,18791.5,0,0,0,0,0,0
TECK.BSE_IDX,01/07/2025,10:44:34,18790.76,0,0,0,0,0,0
TECK.BSE_IDX,01/07/2025,10:44:42,18791.13,0,0,0,0,0,0
TECK.BSE_IDX,01/07/2025,10:44:50,18793.64,0,0,0,0,0,0
TECK.BSE_IDX,01/07/2025,10:44:58,18792.58,0,0,0,0,0,0
TECK.BSE_IDX,01/07/2025,10:45:07,18789.69,0,0,0,0,0,0
TECK.BSE_IDX,01/07/2025,10:45:14,18791.14,0,0,0,0,0,0
TECK.BSE_IDX,01/07/2025,10:45:22,18790.08,0,0,0,0,0,0
TECK.BSE_IDX,01/07/2025,10:45:30,18789.82,0,0,0,0,0,0
TECK.BSE_IDX,01/07/2025,10:45:38,18787.06,0,0,0,0,0,0
TECK.BSE_IDX,01/07/2025,10:45:46,18788.25,0,0,0,0,0,0
TECK.BSE_IDX,01/07/2025,10:45:54,18788.47,0,0,0,0,0,0
TECK.BSE_IDX,01/07/2025,10:46:02,18788.81,0,0,0,0,0,0
TECK.BSE_IDX,01/07/2025,10:46:10,18791.13,0,0,0,0,0,0
TECK.BSE_IDX,01/07/2025,10:46:18,18791.68,0,0,0,0,0,0
TECK.BSE_IDX,01/07/2025,10:46:26,18793.97,0,0,0,0,0,0
TECK.BSE_IDX,01/07/2025,10:46:34,18795.3,0,0,0,0,0,0
TECK.BSE_IDX,01/07/2025,10:46:42,18801.27,0,0,0,0,0,0
TECK.BSE_IDX,01/07/2025,10:46:50,18803.42,0,0,0,0,0,0
TECK.BSE_IDX,01/07/2025,10:46:58,18802.71,0,0,0,0,0,0
TECK.BSE_IDX,01/07/2025,10:47:06,18803.03,0,0,0,0,0,0
TECK.BSE_IDX,01/07/2025,10:47:14,18802.49,0,0,0,0,0,0
TECK.BSE_IDX,01/07/2025,10:47:22,18799.55,0,0,0,0,0,0
TECK.BSE_IDX,01/07/2025,10:47:30,18799.73,0,0,0,0,0,0
TECK.BSE_IDX,01/07/2025,10:47:38,18802.45,0,0,0,0,0,0
TECK.BSE_IDX,01/07/2025,10:47:46,18800.26,0,0,0,0,0,0
TECK.BSE_IDX,01/07/2025,10:47:54,18802.31,0,0,0,0,0,0
TECK.BSE_IDX,01/07/2025,10:48:02,18802.35,0,0,0,0,0,0
TECK.BSE_IDX,01/07/2025,10:48:10,18800.03,0,0,0,0,0,0
TECK.BSE_IDX,01/07/2025,10:48:18,18799.74,0,0,0,0,0,0
TECK.BSE_IDX,01/07/2025,10:48:26,18801.81,0,0,0,0,0,0
TECK.BSE_IDX,01/07/2025,10:48:34,18799.44,0,0,0,0,0,0
TECK.BSE_IDX,01/07/2025,10:48:42,18799.08,0,0,0,0,0,0
TECK.BSE_IDX,01/07/2025,10:48:50,18799.48,0,0,0,0,0,0
TECK.BSE_IDX,01/07/2025,10:48:58,18800.39,0,0,0,0,0,0
TECK.BSE_IDX,01/07/2025,10:49:06,18797.6,0,0,0,0,0,0
TECK.BSE_IDX,01/07/2025,10:49:14,18796.05,0,0,0,0,0,0
TECK.BSE_IDX,01/07/2025,10:49:22,18796.35,0,0,0,0,0,0
TECK.BSE_IDX,01/07/2025,10:49:30,18793.88,0,0,0,0,0,0
TECK.BSE_IDX,01/07/2025,10:49:38,18793.64,0,0,0,0,0,0
TECK.BSE_IDX,01/07/2025,10:49:46,18791.33,0,0,0,0,0,0
TECK.BSE_IDX,01/07/2025,10:49:54,18791.18,0,0,0,0,0,0
TECK.BSE_IDX,01/07/2025,10:50:02,18791.19,0,0,0,0,0,0
TECK.BSE_IDX,01/07/2025,10:50:10,18790.95,0,0,0,0,0,0
TECK.BSE_IDX,01/07/2025,10:50:18,18790.53,0,0,0,0,0,0
TECK.BSE_IDX,01/07/2025,10:50:26,18791.19,0,0,0,0,0,0
TECK.BSE_IDX,01/07/2025,10:50:34,18789.99,0,0,0,0,0,0
TECK.BSE_IDX,01/07/2025,10:50:42,18789.78,0,0,0,0,0,0
TECK.BSE_IDX,01/07/2025,10:50:50,18791.14,0,0,0,0,0,0
TECK.BSE_IDX,01/07/2025,10:50:58,18792.42,0,0,0,0,0,0
TECK.BSE_IDX,01/07/2025,10:51:06,18791.36,0,0,0,0,0,0
TECK.BSE_IDX,01/07/2025,10:51:14,18790.78,0,0,0,0,0,0
TECK.BSE_IDX,01/07/2025,10:51:22,18790.7,0,0,0,0,0,0
TECK.BSE_IDX,01/07/2025,10:51:30,18790.9,0,0,0,0,0,0
TECK.BSE_IDX,01/07/2025,10:51:38,18790.74,0,0,0,0,0,0
TECK.BSE_IDX,01/07/2025,10:51:46,18790.37,0,0,0,0,0,0
TECK.BSE_IDX,01/07/2025,10:51:54,18785.12,0,0,0,0,0,0
TECK.BSE_IDX,01/07/2025,10:52:02,18784.45,0,0,0,0,0,0
TECK.BSE_IDX,01/07/2025,10:52:10,18785.06,0,0,0,0,0,0
TECK.BSE_IDX,01/07/2025,10:52:18,18783.68,0,0,0,0,0,0
TECK.BSE_IDX,01/07/2025,10:52:26,18779.86,0,0,0,0,0,0
TECK.BSE_IDX,01/07/2025,10:52:34,18779.3,0,0,0,0,0,0
TECK.BSE_IDX,01/07/2025,10:52:43,18779.15,0,0,0,0,0,0
TECK.BSE_IDX,01/07/2025,10:52:50,18779.76,0,0,0,0,0,0
TECK.BSE_IDX,01/07/2025,10:52:58,18778.36,0,0,0,0,0,0
TECK.BSE_IDX,01/07/2025,10:53:06,18776.69,0,0,0,0,0,0
TECK.BSE_IDX,01/07/2025,10:53:14,18776.33,0,0,0,0,0,0
TECK.BSE_IDX,01/07/2025,10:53:22,18776.46,0,0,0,0,0,0
TECK.BSE_IDX,01/07/2025,10:53:30,18775.88,0,0,0,0,0,0
TECK.BSE_IDX,01/07/2025,10:53:38,18777.51,0,0,0,0,0,0
TECK.BSE_IDX,01/07/2025,10:53:46,18777.18,0,0,0,0,0,0
TECK.BSE_IDX,01/07/2025,10:53:54,18779.38,0,0,0,0,0,0
TECK.BSE_IDX,01/07/2025,10:54:02,18779.38,0,0,0,0,0,0
TECK.BSE_IDX,01/07/2025,10:54:10,18779.46,0,0,0,0,0,0
TECK.BSE_IDX,01/07/2025,10:54:18,18779.67,0,0,0,0,0,0
TECK.BSE_IDX,01/07/2025,10:54:26,18777.99,0,0,0,0,0,0
TECK.BSE_IDX,01/07/2025,10:54:34,18780.71,0,0,0,0,0,0
TECK.BSE_IDX,01/07/2025,10:54:42,18781.87,0,0,0,0,0,0
TECK.BSE_IDX,01/07/2025,10:54:51,18780.9,0,0,0,0,0,0
TECK.BSE_IDX,01/07/2025,10:54:58,18781.71,0,0,0,0,0,0
TECK.BSE_IDX,01/07/2025,10:55:06,18781.82,0,0,0,0,0,0
TECK.BSE_IDX,01/07/2025,10:55:14,18779.25,0,0,0,0,0,0
TECK.BSE_IDX,01/07/2025,10:55:22,18781.66,0,0,0,0,0,0
TECK.BSE_IDX,01/07/2025,10:55:30,18782.1,0,0,0,0,0,0
TECK.BSE_IDX,01/07/2025,10:55:38,18781.96,0,0,0,0,0,0
TECK.BSE_IDX,01/07/2025,10:55:46,18781.83,0,0,0,0,0,0
TECK.BSE_IDX,01/07/2025,10:55:54,18779.69,0,0,0,0,0,0
TECK.BSE_IDX,01/07/2025,10:56:02,18778.92,0,0,0,0,0,0
TECK.BSE_IDX,01/07/2025,10:56:10,18779.95,0,0,0,0,0,0
TECK.BSE_IDX,01/07/2025,10:56:18,18780.18,0,0,0,0,0,0
TECK.BSE_IDX,01/07/2025,10:56:26,18778.56,0,0,0,0,0,0
TECK.BSE_IDX,01/07/2025,10:56:34,18778.09,0,0,0,0,0,0
TECK.BSE_IDX,01/07/2025,10:56:42,18778.26,0,0,0,0,0,0
TECK.BSE_IDX,01/07/2025,10:56:50,18777.6,0,0,0,0,0,0
TECK.BSE_IDX,01/07/2025,10:56:58,18769.37,0,0,0,0,0,0
TECK.BSE_IDX,01/07/2025,10:57:06,18769.71,0,0,0,0,0,0
TECK.BSE_IDX,01/07/2025,10:57:14,18770.03,0,0,0,0,0,0
TECK.BSE_IDX,01/07/2025,10:57:22,18769.5,0,0,0,0,0,0
TECK.BSE_IDX,01/07/2025,10:57:30,18771.25,0,0,0,0,0,0
TECK.BSE_IDX,01/07/2025,10:57:39,18771.25,0,0,0,0,0,0
TECK.BSE_IDX,01/07/2025,10:57:46,18768.77,0,0,0,0,0,0
TECK.BSE_IDX,01/07/2025,10:57:54,18768.65,0,0,0,0,0,0
TECK.BSE_IDX,01/07/2025,10:58:02,18767,0,0,0,0,0,0
TECK.BSE_IDX,01/07/2025,10:58:10,18766.37,0,0,0,0,0,0
TECK.BSE_IDX,01/07/2025,10:58:18,18767.26,0,0,0,0,0,0
TECK.BSE_IDX,01/07/2025,10:58:26,18767.13,0,0,0,0,0,0
TECK.BSE_IDX,01/07/2025,10:58:34,18770.19,0,0,0,0,0,0
TECK.BSE_IDX,01/07/2025,10:58:42,18770.32,0,0,0,0,0,0
TECK.BSE_IDX,01/07/2025,10:58:50,18770.32,0,0,0,0,0,0
TECK.BSE_IDX,01/07/2025,10:58:58,18771.07,0,0,0,0,0,0
TECK.BSE_IDX,01/07/2025,10:59:06,18770.05,0,0,0,0,0,0
TECK.BSE_IDX,01/07/2025,10:59:14,18770.04,0,0,0,0,0,0
TECK.BSE_IDX,01/07/2025,10:59:22,18769.98,0,0,0,0,0,0
TECK.BSE_IDX,01/07/2025,10:59:30,18770.56,0,0,0,0,0,0
TECK.BSE_IDX,01/07/2025,10:59:38,18768.94,0,0,0,0,0,0
TECK.BSE_IDX,01/07/2025,10:59:47,18771.52,0,0,0,0,0,0
TECK.BSE_IDX,01/07/2025,10:59:55,18770.82,0,0,0,0,0,0
TECK.BSE_IDX,01/07/2025,11:00:03,18770.67,0,0,0,0,0,0
TECK.BSE_IDX,01/07/2025,11:00:11,18770.46,0,0,0,0,0,0
TECK.BSE_IDX,01/07/2025,11:00:18,18770.45,0,0,0,0,0,0
TECK.BSE_IDX,01/07/2025,11:00:26,18770.61,0,0,0,0,0,0
TECK.BSE_IDX,01/07/2025,11:00:34,18769.06,0,0,0,0,0,0
TECK.BSE_IDX,01/07/2025,11:00:42,18770.76,0,0,0,0,0,0
TECK.BSE_IDX,01/07/2025,11:00:50,18769.96,0,0,0,0,0,0
TECK.BSE_IDX,01/07/2025,11:00:58,18769.82,0,0,0,0,0,0
TECK.BSE_IDX,01/07/2025,11:01:06,18769.93,0,0,0,0,0,0
TECK.BSE_IDX,01/07/2025,11:01:15,18770.37,0,0,0,0,0,0
TECK.BSE_IDX,01/07/2025,11:01:22,18768.44,0,0,0,0,0,0
TECK.BSE_IDX,01/07/2025,11:01:30,18770.84,0,0,0,0,0,0
TECK.BSE_IDX,01/07/2025,11:01:38,18766.33,0,0,0,0,0,0
TECK.BSE_IDX,01/07/2025,11:01:46,18766.3,0,0,0,0,0,0
TECK.BSE_IDX,01/07/2025,11:01:54,18766.45,0,0,0,0,0,0
TECK.BSE_IDX,01/07/2025,11:02:02,18764.52,0,0,0,0,0,0
TECK.BSE_IDX,01/07/2025,11:02:10,18761.22,0,0,0,0,0,0
TECK.BSE_IDX,01/07/2025,11:02:18,18760.36,0,0,0,0,0,0
TECK.BSE_IDX,01/07/2025,11:02:27,18760.48,0,0,0,0,0,0
TECK.BSE_IDX,01/07/2025,11:02:34,18760.87,0,0,0,0,0,0
TECK.BSE_IDX,01/07/2025,11:02:42,18760.45,0,0,0,0,0,0
TECK.BSE_IDX,01/07/2025,11:02:51,18762.84,0,0,0,0,0,0
TECK.BSE_IDX,01/07/2025,11:02:58,18764.28,0,0,0,0,0,0
TECK.BSE_IDX,01/07/2025,11:03:06,18764.19,0,0,0,0,0,0
TECK.BSE_IDX,01/07/2025,11:03:14,18763.69,0,0,0,0,0,0
TECK.BSE_IDX,01/07/2025,11:03:22,18763.22,0,0,0,0,0,0
TECK.BSE_IDX,01/07/2025,11:03:31,18763.18,0,0,0,0,0,0
TECK.BSE_IDX,01/07/2025,11:03:38,18761.4,0,0,0,0,0,0
TECK.BSE_IDX,01/07/2025,11:03:46,18759.94,0,0,0,0,0,0
TECK.BSE_IDX,01/07/2025,11:03:54,18760.15,0,0,0,0,0,0
TECK.BSE_IDX,01/07/2025,11:04:02,18759.97,0,0,0,0,0,0
TECK.BSE_IDX,01/07/2025,11:04:10,18759.9,0,0,0,0,0,0
TECK.BSE_IDX,01/07/2025,11:04:18,18760.52,0,0,0,0,0,0
TECK.BSE_IDX,01/07/2025,11:04:27,18768.68,0,0,0,0,0,0
TECK.BSE_IDX,01/07/2025,11:04:34,18769.34,0,0,0,0,0,0
TECK.BSE_IDX,01/07/2025,11:04:42,18769.07,0,0,0,0,0,0
TECK.BSE_IDX,01/07/2025,11:04:51,18769.06,0,0,0,0,0,0
TECK.BSE_IDX,01/07/2025,11:04:58,18769.49,0,0,0,0,0,0
TECK.BSE_IDX,01/07/2025,11:05:06,18770.04,0,0,0,0,0,0
TECK.BSE_IDX,01/07/2025,11:05:14,18770.32,0,0,0,0,0,0
TECK.BSE_IDX,01/07/2025,11:05:22,18769.06,0,0,0,0,0,0
TECK.BSE_IDX,01/07/2025,11:05:30,18769.83,0,0,0,0,0,0
TECK.BSE_IDX,01/07/2025,11:05:38,18771.28,0,0,0,0,0,0
TECK.BSE_IDX,01/07/2025,11:05:46,18771.71,0,0,0,0,0,0
TECK.BSE_IDX,01/07/2025,11:05:54,18774.91,0,0,0,0,0,0
TECK.BSE_IDX,01/07/2025,11:06:02,18774.9,0,0,0,0,0,0
TECK.BSE_IDX,01/07/2025,11:06:11,18775.32,0,0,0,0,0,0
TECK.BSE_IDX,01/07/2025,11:06:19,18778.28,0,0,0,0,0,0
TECK.BSE_IDX,01/07/2025,11:06:26,18777.67,0,0,0,0,0,0
TECK.BSE_IDX,01/07/2025,11:06:34,18773.33,0,0,0,0,0,0
TECK.BSE_IDX,01/07/2025,11:06:42,18773.74,0,0,0,0,0,0
TECK.BSE_IDX,01/07/2025,11:06:50,18774.27,0,0,0,0,0,0
TECK.BSE_IDX,01/07/2025,11:06:58,18774.03,0,0,0,0,0,0
TECK.BSE_IDX,01/07/2025,11:07:06,18770.48,0,0,0,0,0,0
TECK.BSE_IDX,01/07/2025,11:07:15,18768.61,0,0,0,0,0,0
TECK.BSE_IDX,01/07/2025,11:07:22,18769.59,0,0,0,0,0,0
TECK.BSE_IDX,01/07/2025,11:07:30,18768.46,0,0,0,0,0,0
TECK.BSE_IDX,01/07/2025,11:07:38,18769.66,0,0,0,0,0,0
TECK.BSE_IDX,01/07/2025,11:07:46,18773.24,0,0,0,0,0,0
TECK.BSE_IDX,01/07/2025,11:07:54,18774.11,0,0,0,0,0,0
TECK.BSE_IDX,01/07/2025,11:08:02,18775.5,0,0,0,0,0,0
TECK.BSE_IDX,01/07/2025,11:08:11,18773.1,0,0,0,0,0,0
TECK.BSE_IDX,01/07/2025,11:08:18,18773.07,0,0,0,0,0,0
TECK.BSE_IDX,01/07/2025,11:08:26,18774.35,0,0,0,0,0,0
TECK.BSE_IDX,01/07/2025,11:08:35,18773.53,0,0,0,0,0,0
TECK.BSE_IDX,01/07/2025,11:08:43,18773.16,0,0,0,0,0,0
TECK.BSE_IDX,01/07/2025,11:08:51,18773.15,0,0,0,0,0,0
TECK.BSE_IDX,01/07/2025,11:08:58,18772.87,0,0,0,0,0,0
TECK.BSE_IDX,01/07/2025,11:09:07,18772.67,0,0,0,0,0,0
TECK.BSE_IDX,01/07/2025,11:09:15,18772.68,0,0,0,0,0,0
TECK.BSE_IDX,01/07/2025,11:09:23,18772.69,0,0,0,0,0,0
TECK.BSE_IDX,01/07/2025,11:09:31,18772.98,0,0,0,0,0,0
TECK.BSE_IDX,01/07/2025,11:09:39,18774.05,0,0,0,0,0,0
TECK.BSE_IDX,01/07/2025,11:09:46,18773.49,0,0,0,0,0,0
TECK.BSE_IDX,01/07/2025,11:09:55,18773.74,0,0,0,0,0,0
TECK.BSE_IDX,01/07/2025,11:10:03,18773.78,0,0,0,0,0,0
TECK.BSE_IDX,01/07/2025,11:10:11,18774.79,0,0,0,0,0,0
TECK.BSE_IDX,01/07/2025,11:10:19,18775.46,0,0,0,0,0,0
TECK.BSE_IDX,01/07/2025,11:10:27,18774.35,0,0,0,0,0,0
TECK.BSE_IDX,01/07/2025,11:10:35,18775.11,0,0,0,0,0,0
TECK.BSE_IDX,01/07/2025,11:10:43,18776.07,0,0,0,0,0,0
TECK.BSE_IDX,01/07/2025,11:10:51,18776.38,0,0,0,0,0,0
TECK.BSE_IDX,01/07/2025,11:10:59,18776.39,0,0,0,0,0,0
TECK.BSE_IDX,01/07/2025,11:11:07,18775.62,0,0,0,0,0,0
TECK.BSE_IDX,01/07/2025,11:11:15,18777.03,0,0,0,0,0,0
TECK.BSE_IDX,01/07/2025,11:11:23,18777.48,0,0,0,0,0,0
TECK.BSE_IDX,01/07/2025,11:11:31,18777.2,0,0,0,0,0,0
TECK.BSE_IDX,01/07/2025,11:11:39,18780.86,0,0,0,0,0,0
TECK.BSE_IDX,01/07/2025,11:11:47,18780.26,0,0,0,0,0,0
TECK.BSE_IDX,01/07/2025,11:11:55,18778.26,0,0,0,0,0,0
TECK.BSE_IDX,01/07/2025,11:12:03,18778.25,0,0,0,0,0,0
TECK.BSE_IDX,01/07/2025,11:12:11,18778.15,0,0,0,0,0,0
TECK.BSE_IDX,01/07/2025,11:12:19,18773.81,0,0,0,0,0,0
TECK.BSE_IDX,01/07/2025,11:12:27,18774.45,0,0,0,0,0,0
TECK.BSE_IDX,01/07/2025,11:12:35,18775.07,0,0,0,0,0,0
TECK.BSE_IDX,01/07/2025,11:12:43,18770.46,0,0,0,0,0,0
TECK.BSE_IDX,01/07/2025,11:12:51,18770.29,0,0,0,0,0,0
TECK.BSE_IDX,01/07/2025,11:12:59,18771.2,0,0,0,0,0,0
TECK.BSE_IDX,01/07/2025,11:13:07,18770.52,0,0,0,0,0,0
TECK.BSE_IDX,01/07/2025,11:13:16,18771.14,0,0,0,0,0,0
TECK.BSE_IDX,01/07/2025,11:13:23,18770.52,0,0,0,0,0,0
TECK.BSE_IDX,01/07/2025,11:13:31,18769.54,0,0,0,0,0,0
TECK.BSE_IDX,01/07/2025,11:13:39,18771.56,0,0,0,0,0,0
TECK.BSE_IDX,01/07/2025,11:13:47,18772.2,0,0,0,0,0,0
TECK.BSE_IDX,01/07/2025,11:13:55,18770.86,0,0,0,0,0,0
TECK.BSE_IDX,01/07/2025,11:14:03,18771.4,0,0,0,0,0,0
TECK.BSE_IDX,01/07/2025,11:14:11,18772.64,0,0,0,0,0,0
TECK.BSE_IDX,01/07/2025,11:14:19,18773.75,0,0,0,0,0,0
TECK.BSE_IDX,01/07/2025,11:14:27,18773.38,0,0,0,0,0,0
TECK.BSE_IDX,01/07/2025,11:14:35,18773.51,0,0,0,0,0,0
TECK.BSE_IDX,01/07/2025,11:14:43,18773.76,0,0,0,0,0,0
TECK.BSE_IDX,01/07/2025,11:14:51,18773.97,0,0,0,0,0,0
TECK.BSE_IDX,01/07/2025,11:14:59,18774.06,0,0,0,0,0,0
TECK.BSE_IDX,01/07/2025,11:15:07,18770.71,0,0,0,0,0,0
TECK.BSE_IDX,01/07/2025,11:15:15,18770.09,0,0,0,0,0,0
TECK.BSE_IDX,01/07/2025,11:15:23,18772.01,0,0,0,0,0,0
TECK.BSE_IDX,01/07/2025,11:15:31,18771.5,0,0,0,0,0,0
TECK.BSE_IDX,01/07/2025,11:15:39,18772.25,0,0,0,0,0,0
TECK.BSE_IDX,01/07/2025,11:15:47,18771.78,0,0,0,0,0,0
TECK.BSE_IDX,01/07/2025,11:15:56,18771.21,0,0,0,0,0,0
TECK.BSE_IDX,01/07/2025,11:16:03,18771.09,0,0,0,0,0,0
TECK.BSE_IDX,01/07/2025,11:16:11,18769.25,0,0,0,0,0,0
TECK.BSE_IDX,01/07/2025,11:16:19,18768.56,0,0,0,0,0,0
TECK.BSE_IDX,01/07/2025,11:16:27,18766.99,0,0,0,0,0,0
TECK.BSE_IDX,01/07/2025,11:16:35,18766.45,0,0,0,0,0,0
TECK.BSE_IDX,01/07/2025,11:16:43,18766.46,0,0,0,0,0,0
TECK.BSE_IDX,01/07/2025,11:16:51,18767.47,0,0,0,0,0,0
TECK.BSE_IDX,01/07/2025,11:16:59,18771.19,0,0,0,0,0,0
TECK.BSE_IDX,01/07/2025,11:17:07,18770.21,0,0,0,0,0,0
TECK.BSE_IDX,01/07/2025,11:17:15,18770.04,0,0,0,0,0,0
TECK.BSE_IDX,01/07/2025,11:17:23,18771.38,0,0,0,0,0,0
TECK.BSE_IDX,01/07/2025,11:17:31,18773.67,0,0,0,0,0,0
TECK.BSE_IDX,01/07/2025,11:17:39,18772.27,0,0,0,0,0,0
TECK.BSE_IDX,01/07/2025,11:17:47,18775.49,0,0,0,0,0,0
TECK.BSE_IDX,01/07/2025,11:17:57,18775.47,0,0,0,0,0,0
TECK.BSE_IDX,01/07/2025,11:18:03,18776.01,0,0,0,0,0,0
TECK.BSE_IDX,01/07/2025,11:18:11,18776.13,0,0,0,0,0,0
TECK.BSE_IDX,01/07/2025,11:18:19,18777.68,0,0,0,0,0,0
TECK.BSE_IDX,01/07/2025,11:18:27,18782.17,0,0,0,0,0,0
TECK.BSE_IDX,01/07/2025,11:18:35,18783.73,0,0,0,0,0,0
TECK.BSE_IDX,01/07/2025,11:18:44,18782.8,0,0,0,0,0,0
TECK.BSE_IDX,01/07/2025,11:18:51,18783.92,0,0,0,0,0,0
TECK.BSE_IDX,01/07/2025,11:18:59,18783.24,0,0,0,0,0,0
TECK.BSE_IDX,01/07/2025,11:19:08,18783.8,0,0,0,0,0,0
TECK.BSE_IDX,01/07/2025,11:19:15,18787.77,0,0,0,0,0,0
TECK.BSE_IDX,01/07/2025,11:19:23,18788.19,0,0,0,0,0,0
TECK.BSE_IDX,01/07/2025,11:19:31,18787.18,0,0,0,0,0,0
TECK.BSE_IDX,01/07/2025,11:19:39,18786.68,0,0,0,0,0,0
TECK.BSE_IDX,01/07/2025,11:19:47,18784.6,0,0,0,0,0,0
TECK.BSE_IDX,01/07/2025,11:19:55,18784.57,0,0,0,0,0,0
TECK.BSE_IDX,01/07/2025,11:20:03,18785.39,0,0,0,0,0,0
TECK.BSE_IDX,01/07/2025,11:20:11,18784.01,0,0,0,0,0,0
TECK.BSE_IDX,01/07/2025,11:20:19,18783.63,0,0,0,0,0,0
TECK.BSE_IDX,01/07/2025,11:20:27,18783.32,0,0,0,0,0,0
TECK.BSE_IDX,01/07/2025,11:20:35,18782.89,0,0,0,0,0,0
TECK.BSE_IDX,01/07/2025,11:20:43,18782.78,0,0,0,0,0,0
TECK.BSE_IDX,01/07/2025,11:20:51,18782.61,0,0,0,0,0,0
TECK.BSE_IDX,01/07/2025,11:20:59,18785.32,0,0,0,0,0,0
TECK.BSE_IDX,01/07/2025,11:21:07,18785.68,0,0,0,0,0,0
TECK.BSE_IDX,01/07/2025,11:21:15,18784.9,0,0,0,0,0,0
TECK.BSE_IDX,01/07/2025,11:21:24,18784.95,0,0,0,0,0,0
TECK.BSE_IDX,01/07/2025,11:21:31,18780.25,0,0,0,0,0,0
TECK.BSE_IDX,01/07/2025,11:21:39,18777.55,0,0,0,0,0,0
TECK.BSE_IDX,01/07/2025,11:21:47,18778.95,0,0,0,0,0,0
TECK.BSE_IDX,01/07/2025,11:21:56,18778.05,0,0,0,0,0,0
TECK.BSE_IDX,01/07/2025,11:22:03,18777.22,0,0,0,0,0,0
TECK.BSE_IDX,01/07/2025,11:22:11,18777.09,0,0,0,0,0,0
TECK.BSE_IDX,01/07/2025,11:22:19,18777.41,0,0,0,0,0,0
TECK.BSE_IDX,01/07/2025,11:22:28,18776.15,0,0,0,0,0,0
TECK.BSE_IDX,01/07/2025,11:22:35,18778.46,0,0,0,0,0,0
TECK.BSE_IDX,01/07/2025,11:22:43,18777.54,0,0,0,0,0,0
TECK.BSE_IDX,01/07/2025,11:22:51,18776.95,0,0,0,0,0,0
TECK.BSE_IDX,01/07/2025,11:22:59,18776.48,0,0,0,0,0,0
TECK.BSE_IDX,01/07/2025,11:23:07,18776.5,0,0,0,0,0,0
TECK.BSE_IDX,01/07/2025,11:23:15,18775.55,0,0,0,0,0,0
TECK.BSE_IDX,01/07/2025,11:23:23,18775.33,0,0,0,0,0,0
TECK.BSE_IDX,01/07/2025,11:23:31,18774.7,0,0,0,0,0,0
TECK.BSE_IDX,01/07/2025,11:23:39,18774.58,0,0,0,0,0,0
TECK.BSE_IDX,01/07/2025,11:23:47,18775.64,0,0,0,0,0,0
TECK.BSE_IDX,01/07/2025,11:23:55,18775.99,0,0,0,0,0,0
TECK.BSE_IDX,01/07/2025,11:24:04,18776.88,0,0,0,0,0,0
TECK.BSE_IDX,01/07/2025,11:24:11,18776.65,0,0,0,0,0,0
TECK.BSE_IDX,01/07/2025,11:24:19,18776.39,0,0,0,0,0,0
TECK.BSE_IDX,01/07/2025,11:24:27,18775.03,0,0,0,0,0,0
TECK.BSE_IDX,01/07/2025,11:24:35,18774.59,0,0,0,0,0,0
TECK.BSE_IDX,01/07/2025,11:24:43,18776.31,0,0,0,0,0,0
TECK.BSE_IDX,01/07/2025,11:24:52,18774,0,0,0,0,0,0
TECK.BSE_IDX,01/07/2025,11:25:00,18772.98,0,0,0,0,0,0
TECK.BSE_IDX,01/07/2025,11:25:07,18774.54,0,0,0,0,0,0
TECK.BSE_IDX,01/07/2025,11:25:15,18773.74,0,0,0,0,0,0
TECK.BSE_IDX,01/07/2025,11:25:23,18773.95,0,0,0,0,0,0
TECK.BSE_IDX,01/07/2025,11:25:31,18774.07,0,0,0,0,0,0
TECK.BSE_IDX,01/07/2025,11:25:41,18772.91,0,0,0,0,0,0
TECK.BSE_IDX,01/07/2025,11:25:47,18774.33,0,0,0,0,0,0
TECK.BSE_IDX,01/07/2025,11:25:55,18774.46,0,0,0,0,0,0
TECK.BSE_IDX,01/07/2025,11:26:03,18775.97,0,0,0,0,0,0
TECK.BSE_IDX,01/07/2025,11:26:11,18775.48,0,0,0,0,0,0
TECK.BSE_IDX,01/07/2025,11:26:19,18775.8,0,0,0,0,0,0
TECK.BSE_IDX,01/07/2025,11:26:27,18775.85,0,0,0,0,0,0
TECK.BSE_IDX,01/07/2025,11:26:35,18775.31,0,0,0,0,0,0
TECK.BSE_IDX,01/07/2025,11:26:43,18777.55,0,0,0,0,0,0
TECK.BSE_IDX,01/07/2025,11:26:51,18777.56,0,0,0,0,0,0
TECK.BSE_IDX,01/07/2025,11:26:59,18777.56,0,0,0,0,0,0
TECK.BSE_IDX,01/07/2025,11:27:07,18776.87,0,0,0,0,0,0
TECK.BSE_IDX,01/07/2025,11:27:15,18776.13,0,0,0,0,0,0
TECK.BSE_IDX,01/07/2025,11:27:23,18775.76,0,0,0,0,0,0
TECK.BSE_IDX,01/07/2025,11:27:31,18776.49,0,0,0,0,0,0
TECK.BSE_IDX,01/07/2025,11:27:39,18776.6,0,0,0,0,0,0
TECK.BSE_IDX,01/07/2025,11:27:47,18776.6,0,0,0,0,0,0
TECK.BSE_IDX,01/07/2025,11:27:55,18776.93,0,0,0,0,0,0
TECK.BSE_IDX,01/07/2025,11:28:03,18776.89,0,0,0,0,0,0
TECK.BSE_IDX,01/07/2025,11:28:11,18777.67,0,0,0,0,0,0
TECK.BSE_IDX,01/07/2025,11:28:19,18775.64,0,0,0,0,0,0
TECK.BSE_IDX,01/07/2025,11:28:27,18774.51,0,0,0,0,0,0
TECK.BSE_IDX,01/07/2025,11:28:36,18776.87,0,0,0,0,0,0
TECK.BSE_IDX,01/07/2025,11:28:43,18774.63,0,0,0,0,0,0
TECK.BSE_IDX,01/07/2025,11:28:51,18773.59,0,0,0,0,0,0
TECK.BSE_IDX,01/07/2025,11:28:59,18773.12,0,0,0,0,0,0
TECK.BSE_IDX,01/07/2025,11:29:07,18774.8,0,0,0,0,0,0
TECK.BSE_IDX,01/07/2025,11:29:16,18772.23,0,0,0,0,0,0
TECK.BSE_IDX,01/07/2025,11:29:24,18772.33,0,0,0,0,0,0
TECK.BSE_IDX,01/07/2025,11:29:31,18773.69,0,0,0,0,0,0
TECK.BSE_IDX,01/07/2025,11:29:39,18772.56,0,0,0,0,0,0
TECK.BSE_IDX,01/07/2025,11:29:47,18772.93,0,0,0,0,0,0
TECK.BSE_IDX,01/07/2025,11:29:55,18772.5,0,0,0,0,0,0
TECK.BSE_IDX,01/07/2025,11:30:03,18770.23,0,0,0,0,0,0
TECK.BSE_IDX,01/07/2025,11:30:11,18770.3,0,0,0,0,0,0
TECK.BSE_IDX,01/07/2025,11:30:19,18772.84,0,0,0,0,0,0
TECK.BSE_IDX,01/07/2025,11:30:27,18772.72,0,0,0,0,0,0
TECK.BSE_IDX,01/07/2025,11:30:35,18771.87,0,0,0,0,0,0
TECK.BSE_IDX,01/07/2025,11:30:43,18772.13,0,0,0,0,0,0
TECK.BSE_IDX,01/07/2025,11:30:51,18769.26,0,0,0,0,0,0
TECK.BSE_IDX,01/07/2025,11:30:59,18769.42,0,0,0,0,0,0
TECK.BSE_IDX,01/07/2025,11:31:07,18766.62,0,0,0,0,0,0
TECK.BSE_IDX,01/07/2025,11:31:15,18768.89,0,0,0,0,0,0
TECK.BSE_IDX,01/07/2025,11:31:23,18767.79,0,0,0,0,0,0
TECK.BSE_IDX,01/07/2025,11:31:31,18767.18,0,0,0,0,0,0
TECK.BSE_IDX,01/07/2025,11:31:39,18765.87,0,0,0,0,0,0
TECK.BSE_IDX,01/07/2025,11:31:47,18766.7,0,0,0,0,0,0
TECK.BSE_IDX,01/07/2025,11:31:55,18767.87,0,0,0,0,0,0
TECK.BSE_IDX,01/07/2025,11:32:04,18769.11,0,0,0,0,0,0
TECK.BSE_IDX,01/07/2025,11:32:11,18768.34,0,0,0,0,0,0
TECK.BSE_IDX,01/07/2025,11:32:19,18764.42,0,0,0,0,0,0
TECK.BSE_IDX,01/07/2025,11:32:27,18764.3,0,0,0,0,0,0
TECK.BSE_IDX,01/07/2025,11:32:35,18763.67,0,0,0,0,0,0
TECK.BSE_IDX,01/07/2025,11:32:43,18763.59,0,0,0,0,0,0
TECK.BSE_IDX,01/07/2025,11:32:51,18764.31,0,0,0,0,0,0
TECK.BSE_IDX,01/07/2025,11:32:59,18761.45,0,0,0,0,0,0
TECK.BSE_IDX,01/07/2025,11:33:07,18760.7,0,0,0,0,0,0
TECK.BSE_IDX,01/07/2025,11:33:15,18758.05,0,0,0,0,0,0
TECK.BSE_IDX,01/07/2025,11:33:23,18757.56,0,0,0,0,0,0
TECK.BSE_IDX,01/07/2025,11:33:31,18757.56,0,0,0,0,0,0
TECK.BSE_IDX,01/07/2025,11:33:39,18756.64,0,0,0,0,0,0
TECK.BSE_IDX,01/07/2025,11:33:47,18757.52,0,0,0,0,0,0
TECK.BSE_IDX,01/07/2025,11:33:55,18755.53,0,0,0,0,0,0
TECK.BSE_IDX,01/07/2025,11:34:03,18755.53,0,0,0,0,0,0
TECK.BSE_IDX,01/07/2025,11:34:12,18754.64,0,0,0,0,0,0
TECK.BSE_IDX,01/07/2025,11:34:19,18755.29,0,0,0,0,0,0
TECK.BSE_IDX,01/07/2025,11:34:27,18754.75,0,0,0,0,0,0
TECK.BSE_IDX,01/07/2025,11:34:35,18754.69,0,0,0,0,0,0
TECK.BSE_IDX,01/07/2025,11:34:43,18757.07,0,0,0,0,0,0
TECK.BSE_IDX,01/07/2025,11:34:51,18756.48,0,0,0,0,0,0
TECK.BSE_IDX,01/07/2025,11:34:59,18756.37,0,0,0,0,0,0
TECK.BSE_IDX,01/07/2025,11:35:07,18755.91,0,0,0,0,0,0
TECK.BSE_IDX,01/07/2025,11:35:16,18755.98,0,0,0,0,0,0
TECK.BSE_IDX,01/07/2025,11:35:23,18754.7,0,0,0,0,0,0
TECK.BSE_IDX,01/07/2025,11:35:32,18753.6,0,0,0,0,0,0
TECK.BSE_IDX,01/07/2025,11:35:39,18756.17,0,0,0,0,0,0
TECK.BSE_IDX,01/07/2025,11:35:47,18758.56,0,0,0,0,0,0
TECK.BSE_IDX,01/07/2025,11:35:55,18760.06,0,0,0,0,0,0
TECK.BSE_IDX,01/07/2025,11:36:04,18759.11,0,0,0,0,0,0
TECK.BSE_IDX,01/07/2025,11:36:11,18759.64,0,0,0,0,0,0
TECK.BSE_IDX,01/07/2025,11:36:19,18754.8,0,0,0,0,0,0
TECK.BSE_IDX,01/07/2025,11:36:28,18756.56,0,0,0,0,0,0
TECK.BSE_IDX,01/07/2025,11:36:35,18755.99,0,0,0,0,0,0
TECK.BSE_IDX,01/07/2025,11:36:43,18757.74,0,0,0,0,0,0
TECK.BSE_IDX,01/07/2025,11:36:54,18755.72,0,0,0,0,0,0
TECK.BSE_IDX,01/07/2025,11:36:59,18755.72,0,0,0,0,0,0
TECK.BSE_IDX,01/07/2025,11:37:07,18755.87,0,0,0,0,0,0
TECK.BSE_IDX,01/07/2025,11:37:15,18756.94,0,0,0,0,0,0
TECK.BSE_IDX,01/07/2025,11:37:23,18756.26,0,0,0,0,0,0
TECK.BSE_IDX,01/07/2025,11:37:31,18755.78,0,0,0,0,0,0
TECK.BSE_IDX,01/07/2025,11:37:41,18755.99,0,0,0,0,0,0
TECK.BSE_IDX,01/07/2025,11:37:47,18755.98,0,0,0,0,0,0
TECK.BSE_IDX,01/07/2025,11:37:55,18758.53,0,0,0,0,0,0
TECK.BSE_IDX,01/07/2025,11:38:03,18759.01,0,0,0,0,0,0
TECK.BSE_IDX,01/07/2025,11:38:11,18754.92,0,0,0,0,0,0
TECK.BSE_IDX,01/07/2025,11:38:20,18754.36,0,0,0,0,0,0
TECK.BSE_IDX,01/07/2025,11:38:27,18754.71,0,0,0,0,0,0
TECK.BSE_IDX,01/07/2025,11:38:35,18755.17,0,0,0,0,0,0
TECK.BSE_IDX,01/07/2025,11:38:43,18755.73,0,0,0,0,0,0
TECK.BSE_IDX,01/07/2025,11:38:51,18756.63,0,0,0,0,0,0
TECK.BSE_IDX,01/07/2025,11:38:59,18756.85,0,0,0,0,0,0
TECK.BSE_IDX,01/07/2025,11:39:07,18754.08,0,0,0,0,0,0
TECK.BSE_IDX,01/07/2025,11:39:16,18752.46,0,0,0,0,0,0
TECK.BSE_IDX,01/07/2025,11:39:23,18753.92,0,0,0,0,0,0
TECK.BSE_IDX,01/07/2025,11:39:31,18754.72,0,0,0,0,0,0
TECK.BSE_IDX,01/07/2025,11:39:39,18754.91,0,0,0,0,0,0
TECK.BSE_IDX,01/07/2025,11:39:47,18754.98,0,0,0,0,0,0
TECK.BSE_IDX,01/07/2025,11:39:55,18754.93,0,0,0,0,0,0
TECK.BSE_IDX,01/07/2025,11:40:03,18754.62,0,0,0,0,0,0
TECK.BSE_IDX,01/07/2025,11:40:11,18756.52,0,0,0,0,0,0
TECK.BSE_IDX,01/07/2025,11:40:19,18756.74,0,0,0,0,0,0
TECK.BSE_IDX,01/07/2025,11:40:27,18757.14,0,0,0,0,0,0
TECK.BSE_IDX,01/07/2025,11:40:35,18756.16,0,0,0,0,0,0
TECK.BSE_IDX,01/07/2025,11:40:43,18756.32,0,0,0,0,0,0
TECK.BSE_IDX,01/07/2025,11:40:51,18757.28,0,0,0,0,0,0
TECK.BSE_IDX,01/07/2025,11:41:00,18756.58,0,0,0,0,0,0
TECK.BSE_IDX,01/07/2025,11:41:07,18754.65,0,0,0,0,0,0
TECK.BSE_IDX,01/07/2025,11:41:15,18754.57,0,0,0,0,0,0
TECK.BSE_IDX,01/07/2025,11:41:24,18754.37,0,0,0,0,0,0
TECK.BSE_IDX,01/07/2025,11:41:32,18753.9,0,0,0,0,0,0
TECK.BSE_IDX,01/07/2025,11:41:39,18755.92,0,0,0,0,0,0
TECK.BSE_IDX,01/07/2025,11:41:48,18752.68,0,0,0,0,0,0
TECK.BSE_IDX,01/07/2025,11:41:56,18754.96,0,0,0,0,0,0
TECK.BSE_IDX,01/07/2025,11:42:04,18756.42,0,0,0,0,0,0
TECK.BSE_IDX,01/07/2025,11:42:12,18756.74,0,0,0,0,0,0
TECK.BSE_IDX,01/07/2025,11:42:20,18753.91,0,0,0,0,0,0
TECK.BSE_IDX,01/07/2025,11:42:28,18754.3,0,0,0,0,0,0
TECK.BSE_IDX,01/07/2025,11:42:36,18752.75,0,0,0,0,0,0
TECK.BSE_IDX,01/07/2025,11:42:44,18752.51,0,0,0,0,0,0
TECK.BSE_IDX,01/07/2025,11:42:52,18752.62,0,0,0,0,0,0
TECK.BSE_IDX,01/07/2025,11:43:00,18752.93,0,0,0,0,0,0
TECK.BSE_IDX,01/07/2025,11:43:08,18753.05,0,0,0,0,0,0
TECK.BSE_IDX,01/07/2025,11:43:16,18753.88,0,0,0,0,0,0
TECK.BSE_IDX,01/07/2025,11:43:24,18751.85,0,0,0,0,0,0
TECK.BSE_IDX,01/07/2025,11:43:32,18752.33,0,0,0,0,0,0
TECK.BSE_IDX,01/07/2025,11:43:40,18750.68,0,0,0,0,0,0
TECK.BSE_IDX,01/07/2025,11:43:48,18750.81,0,0,0,0,0,0
TECK.BSE_IDX,01/07/2025,11:43:56,18747.74,0,0,0,0,0,0
TECK.BSE_IDX,01/07/2025,11:44:04,18747.38,0,0,0,0,0,0
TECK.BSE_IDX,01/07/2025,11:44:12,18745.91,0,0,0,0,0,0
TECK.BSE_IDX,01/07/2025,11:44:20,18745.62,0,0,0,0,0,0
TECK.BSE_IDX,01/07/2025,11:44:28,18744.45,0,0,0,0,0,0
TECK.BSE_IDX,01/07/2025,11:44:36,18739.13,0,0,0,0,0,0
TECK.BSE_IDX,01/07/2025,11:44:44,18738.16,0,0,0,0,0,0
TECK.BSE_IDX,01/07/2025,11:44:52,18737.95,0,0,0,0,0,0
TECK.BSE_IDX,01/07/2025,11:45:00,18736.34,0,0,0,0,0,0
TECK.BSE_IDX,01/07/2025,11:45:08,18746.62,0,0,0,0,0,0
TECK.BSE_IDX,01/07/2025,11:45:16,18748.66,0,0,0,0,0,0
TECK.BSE_IDX,01/07/2025,11:45:24,18748.29,0,0,0,0,0,0
TECK.BSE_IDX,01/07/2025,11:45:32,18747.19,0,0,0,0,0,0
TECK.BSE_IDX,01/07/2025,11:45:40,18749.75,0,0,0,0,0,0
TECK.BSE_IDX,01/07/2025,11:45:48,18750.31,0,0,0,0,0,0
TECK.BSE_IDX,01/07/2025,11:45:56,18751.82,0,0,0,0,0,0
TECK.BSE_IDX,01/07/2025,11:46:04,18754.88,0,0,0,0,0,0
TECK.BSE_IDX,01/07/2025,11:46:12,18756.63,0,0,0,0,0,0
TECK.BSE_IDX,01/07/2025,11:46:20,18753.93,0,0,0,0,0,0
TECK.BSE_IDX,01/07/2025,11:46:28,18752.62,0,0,0,0,0,0
TECK.BSE_IDX,01/07/2025,11:46:36,18754.91,0,0,0,0,0,0
TECK.BSE_IDX,01/07/2025,11:46:44,18751.52,0,0,0,0,0,0
TECK.BSE_IDX,01/07/2025,11:46:52,18751.38,0,0,0,0,0,0
TECK.BSE_IDX,01/07/2025,11:47:00,18746.77,0,0,0,0,0,0
TECK.BSE_IDX,01/07/2025,11:47:08,18749.11,0,0,0,0,0,0
TECK.BSE_IDX,01/07/2025,11:47:16,18748.49,0,0,0,0,0,0
TECK.BSE_IDX,01/07/2025,11:47:24,18747.87,0,0,0,0,0,0
TECK.BSE_IDX,01/07/2025,11:47:32,18747.3,0,0,0,0,0,0
TECK.BSE_IDX,01/07/2025,11:47:40,18747.32,0,0,0,0,0,0
TECK.BSE_IDX,01/07/2025,11:47:48,18747.7,0,0,0,0,0,0
TECK.BSE_IDX,01/07/2025,11:47:56,18746.58,0,0,0,0,0,0
TECK.BSE_IDX,01/07/2025,11:48:04,18745.53,0,0,0,0,0,0
TECK.BSE_IDX,01/07/2025,11:48:12,18746.02,0,0,0,0,0,0
TECK.BSE_IDX,01/07/2025,11:48:20,18746.68,0,0,0,0,0,0
TECK.BSE_IDX,01/07/2025,11:48:28,18747.76,0,0,0,0,0,0
TECK.BSE_IDX,01/07/2025,11:48:36,18744.15,0,0,0,0,0,0
TECK.BSE_IDX,01/07/2025,11:48:44,18744.15,0,0,0,0,0,0
TECK.BSE_IDX,01/07/2025,11:48:52,18739.86,0,0,0,0,0,0
TECK.BSE_IDX,01/07/2025,11:49:01,18740.74,0,0,0,0,0,0
TECK.BSE_IDX,01/07/2025,11:49:09,18740.63,0,0,0,0,0,0
TECK.BSE_IDX,01/07/2025,11:49:16,18743.12,0,0,0,0,0,0
TECK.BSE_IDX,01/07/2025,11:49:24,18743.58,0,0,0,0,0,0
TECK.BSE_IDX,01/07/2025,11:49:32,18743.27,0,0,0,0,0,0
TECK.BSE_IDX,01/07/2025,11:49:40,18744.41,0,0,0,0,0,0
TECK.BSE_IDX,01/07/2025,11:49:49,18745.12,0,0,0,0,0,0
TECK.BSE_IDX,01/07/2025,11:49:56,18742.45,0,0,0,0,0,0
TECK.BSE_IDX,01/07/2025,11:50:04,18742.13,0,0,0,0,0,0
TECK.BSE_IDX,01/07/2025,11:50:12,18742.25,0,0,0,0,0,0
TECK.BSE_IDX,01/07/2025,11:50:20,18742.74,0,0,0,0,0,0
TECK.BSE_IDX,01/07/2025,11:50:28,18741.63,0,0,0,0,0,0
TECK.BSE_IDX,01/07/2025,11:50:36,18742.16,0,0,0,0,0,0
TECK.BSE_IDX,01/07/2025,11:50:44,18742.16,0,0,0,0,0,0
TECK.BSE_IDX,01/07/2025,11:50:52,18742.78,0,0,0,0,0,0
TECK.BSE_IDX,01/07/2025,11:51:00,18742.36,0,0,0,0,0,0
TECK.BSE_IDX,01/07/2025,11:51:08,18741.84,0,0,0,0,0,0
TECK.BSE_IDX,01/07/2025,11:51:16,18741.31,0,0,0,0,0,0
TECK.BSE_IDX,01/07/2025,11:51:24,18740.48,0,0,0,0,0,0
TECK.BSE_IDX,01/07/2025,11:51:32,18740.07,0,0,0,0,0,0
TECK.BSE_IDX,01/07/2025,11:51:40,18738.78,0,0,0,0,0,0
TECK.BSE_IDX,01/07/2025,11:51:48,18741.19,0,0,0,0,0,0
TECK.BSE_IDX,01/07/2025,11:51:56,18739.19,0,0,0,0,0,0
TECK.BSE_IDX,01/07/2025,11:52:04,18739.07,0,0,0,0,0,0
TECK.BSE_IDX,01/07/2025,11:52:12,18738.82,0,0,0,0,0,0
TECK.BSE_IDX,01/07/2025,11:52:20,18738.45,0,0,0,0,0,0
TECK.BSE_IDX,01/07/2025,11:52:28,18737.97,0,0,0,0,0,0
TECK.BSE_IDX,01/07/2025,11:52:36,18737.88,0,0,0,0,0,0
TECK.BSE_IDX,01/07/2025,11:52:44,18738,0,0,0,0,0,0
TECK.BSE_IDX,01/07/2025,11:52:52,18737.83,0,0,0,0,0,0
TECK.BSE_IDX,01/07/2025,11:53:00,18735.56,0,0,0,0,0,0
TECK.BSE_IDX,01/07/2025,11:53:08,18735.76,0,0,0,0,0,0
TECK.BSE_IDX,01/07/2025,11:53:16,18736.03,0,0,0,0,0,0
TECK.BSE_IDX,01/07/2025,11:53:24,18734.62,0,0,0,0,0,0
TECK.BSE_IDX,01/07/2025,11:53:32,18734.63,0,0,0,0,0,0
TECK.BSE_IDX,01/07/2025,11:53:40,18736.15,0,0,0,0,0,0
TECK.BSE_IDX,01/07/2025,11:53:48,18735.71,0,0,0,0,0,0
TECK.BSE_IDX,01/07/2025,11:53:56,18735.54,0,0,0,0,0,0
TECK.BSE_IDX,01/07/2025,11:54:04,18732.39,0,0,0,0,0,0
TECK.BSE_IDX,01/07/2025,11:54:12,18729.91,0,0,0,0,0,0
TECK.BSE_IDX,01/07/2025,11:54:20,18729.73,0,0,0,0,0,0
TECK.BSE_IDX,01/07/2025,11:54:28,18727.39,0,0,0,0,0,0
TECK.BSE_IDX,01/07/2025,11:54:36,18727.32,0,0,0,0,0,0
TECK.BSE_IDX,01/07/2025,11:54:44,18727.09,0,0,0,0,0,0
TECK.BSE_IDX,01/07/2025,11:54:52,18726.78,0,0,0,0,0,0
TECK.BSE_IDX,01/07/2025,11:55:00,18726.75,0,0,0,0,0,0
TECK.BSE_IDX,01/07/2025,11:55:08,18726.67,0,0,0,0,0,0
TECK.BSE_IDX,01/07/2025,11:55:17,18726.37,0,0,0,0,0,0
TECK.BSE_IDX,01/07/2025,11:55:24,18725.87,0,0,0,0,0,0
TECK.BSE_IDX,01/07/2025,11:55:32,18724.03,0,0,0,0,0,0
TECK.BSE_IDX,01/07/2025,11:55:40,18721.94,0,0,0,0,0,0
TECK.BSE_IDX,01/07/2025,11:55:48,18721.42,0,0,0,0,0,0
TECK.BSE_IDX,01/07/2025,11:55:56,18719.81,0,0,0,0,0,0
TECK.BSE_IDX,01/07/2025,11:56:05,18719.82,0,0,0,0,0,0
TECK.BSE_IDX,01/07/2025,11:56:12,18718.97,0,0,0,0,0,0
TECK.BSE_IDX,01/07/2025,11:56:20,18712.93,0,0,0,0,0,0
TECK.BSE_IDX,01/07/2025,11:56:28,18711.55,0,0,0,0,0,0
TECK.BSE_IDX,01/07/2025,11:56:36,18711.66,0,0,0,0,0,0
TECK.BSE_IDX,01/07/2025,11:56:44,18712.98,0,0,0,0,0,0
TECK.BSE_IDX,01/07/2025,11:56:52,18713.6,0,0,0,0,0,0
TECK.BSE_IDX,01/07/2025,11:57:00,18712.7,0,0,0,0,0,0
TECK.BSE_IDX,01/07/2025,11:57:08,18713.02,0,0,0,0,0,0
TECK.BSE_IDX,01/07/2025,11:57:16,18714.89,0,0,0,0,0,0
TECK.BSE_IDX,01/07/2025,11:57:24,18716.15,0,0,0,0,0,0
TECK.BSE_IDX,01/07/2025,11:57:32,18718.25,0,0,0,0,0,0
TECK.BSE_IDX,01/07/2025,11:57:40,18717.35,0,0,0,0,0,0
TECK.BSE_IDX,01/07/2025,11:57:48,18716.09,0,0,0,0,0,0
TECK.BSE_IDX,01/07/2025,11:57:56,18713.37,0,0,0,0,0,0
TECK.BSE_IDX,01/07/2025,11:58:04,18712.96,0,0,0,0,0,0
TECK.BSE_IDX,01/07/2025,11:58:12,18711.89,0,0,0,0,0,0
TECK.BSE_IDX,01/07/2025,11:58:20,18711.98,0,0,0,0,0,0
TECK.BSE_IDX,01/07/2025,11:58:28,18715.18,0,0,0,0,0,0
TECK.BSE_IDX,01/07/2025,11:58:36,18715.43,0,0,0,0,0,0
TECK.BSE_IDX,01/07/2025,11:58:44,18716.47,0,0,0,0,0,0
TECK.BSE_IDX,01/07/2025,11:58:52,18716.59,0,0,0,0,0,0
TECK.BSE_IDX,01/07/2025,11:59:00,18718.15,0,0,0,0,0,0
TECK.BSE_IDX,01/07/2025,11:59:08,18719.02,0,0,0,0,0,0
TECK.BSE_IDX,01/07/2025,11:59:16,18720.06,0,0,0,0,0,0
TECK.BSE_IDX,01/07/2025,11:59:24,18720.69,0,0,0,0,0,0
TECK.BSE_IDX,01/07/2025,11:59:32,18723.07,0,0,0,0,0,0
TECK.BSE_IDX,01/07/2025,11:59:40,18722.99,0,0,0,0,0,0
TECK.BSE_IDX,01/07/2025,11:59:48,18723.16,0,0,0,0,0,0
TECK.BSE_IDX,01/07/2025,11:59:56,18723.24,0,0,0,0,0,0
TECK.BSE_IDX,01/07/2025,12:00:05,18724.41,0,0,0,0,0,0
TECK.BSE_IDX,01/07/2025,12:00:12,18724.78,0,0,0,0,0,0
TECK.BSE_IDX,01/07/2025,12:00:20,18721.93,0,0,0,0,0,0
TECK.BSE_IDX,01/07/2025,12:00:28,18722.94,0,0,0,0,0,0
TECK.BSE_IDX,01/07/2025,12:00:37,18722.94,0,0,0,0,0,0
TECK.BSE_IDX,01/07/2025,12:00:44,18723.03,0,0,0,0,0,0
TECK.BSE_IDX,01/07/2025,12:00:52,18723.86,0,0,0,0,0,0
TECK.BSE_IDX,01/07/2025,12:01:00,18726.92,0,0,0,0,0,0
TECK.BSE_IDX,01/07/2025,12:01:08,18726.17,0,0,0,0,0,0
TECK.BSE_IDX,01/07/2025,12:01:16,18727.32,0,0,0,0,0,0
TECK.BSE_IDX,01/07/2025,12:01:24,18726.66,0,0,0,0,0,0
TECK.BSE_IDX,01/07/2025,12:01:32,18725.68,0,0,0,0,0,0
TECK.BSE_IDX,01/07/2025,12:01:40,18724.38,0,0,0,0,0,0
TECK.BSE_IDX,01/07/2025,12:01:48,18724.47,0,0,0,0,0,0
TECK.BSE_IDX,01/07/2025,12:01:57,18724.38,0,0,0,0,0,0
TECK.BSE_IDX,01/07/2025,12:02:04,18724.21,0,0,0,0,0,0
TECK.BSE_IDX,01/07/2025,12:02:12,18722.96,0,0,0,0,0,0
TECK.BSE_IDX,01/07/2025,12:02:20,18722.11,0,0,0,0,0,0
TECK.BSE_IDX,01/07/2025,12:02:28,18722.44,0,0,0,0,0,0
TECK.BSE_IDX,01/07/2025,12:02:36,18724.51,0,0,0,0,0,0
TECK.BSE_IDX,01/07/2025,12:02:44,18724.64,0,0,0,0,0,0
TECK.BSE_IDX,01/07/2025,12:02:52,18724.76,0,0,0,0,0,0
TECK.BSE_IDX,01/07/2025,12:03:00,18725.28,0,0,0,0,0,0
TECK.BSE_IDX,01/07/2025,12:03:08,18726,0,0,0,0,0,0
TECK.BSE_IDX,01/07/2025,12:03:17,18725.88,0,0,0,0,0,0
TECK.BSE_IDX,01/07/2025,12:03:24,18724.77,0,0,0,0,0,0
TECK.BSE_IDX,01/07/2025,12:03:32,18724.36,0,0,0,0,0,0
TECK.BSE_IDX,01/07/2025,12:03:40,18723.84,0,0,0,0,0,0
TECK.BSE_IDX,01/07/2025,12:03:48,18722.08,0,0,0,0,0,0
TECK.BSE_IDX,01/07/2025,12:03:56,18721.94,0,0,0,0,0,0
TECK.BSE_IDX,01/07/2025,12:04:04,18723.08,0,0,0,0,0,0
TECK.BSE_IDX,01/07/2025,12:04:12,18723.08,0,0,0,0,0,0
TECK.BSE_IDX,01/07/2025,12:04:20,18721.44,0,0,0,0,0,0
TECK.BSE_IDX,01/07/2025,12:04:28,18721.29,0,0,0,0,0,0
TECK.BSE_IDX,01/07/2025,12:04:36,18722.88,0,0,0,0,0,0
TECK.BSE_IDX,01/07/2025,12:04:44,18722.89,0,0,0,0,0,0
TECK.BSE_IDX,01/07/2025,12:04:52,18721.85,0,0,0,0,0,0
TECK.BSE_IDX,01/07/2025,12:05:01,18722.17,0,0,0,0,0,0
TECK.BSE_IDX,01/07/2025,12:05:08,18723.28,0,0,0,0,0,0
TECK.BSE_IDX,01/07/2025,12:05:16,18722.96,0,0,0,0,0,0
TECK.BSE_IDX,01/07/2025,12:05:24,18722.95,0,0,0,0,0,0
TECK.BSE_IDX,01/07/2025,12:05:32,18722.16,0,0,0,0,0,0
TECK.BSE_IDX,01/07/2025,12:05:40,18721.83,0,0,0,0,0,0
TECK.BSE_IDX,01/07/2025,12:05:48,18720.46,0,0,0,0,0,0
TECK.BSE_IDX,01/07/2025,12:05:56,18717.79,0,0,0,0,0,0
TECK.BSE_IDX,01/07/2025,12:06:04,18718.07,0,0,0,0,0,0
TECK.BSE_IDX,01/07/2025,12:06:12,18718.07,0,0,0,0,0,0
TECK.BSE_IDX,01/07/2025,12:06:20,18717.61,0,0,0,0,0,0
TECK.BSE_IDX,01/07/2025,12:06:28,18718.31,0,0,0,0,0,0
TECK.BSE_IDX,01/07/2025,12:06:36,18716.79,0,0,0,0,0,0
TECK.BSE_IDX,01/07/2025,12:06:44,18717.03,0,0,0,0,0,0
TECK.BSE_IDX,01/07/2025,12:06:53,18716.09,0,0,0,0,0,0
TECK.BSE_IDX,01/07/2025,12:07:00,18716.21,0,0,0,0,0,0
TECK.BSE_IDX,01/07/2025,12:07:08,18717.31,0,0,0,0,0,0
TECK.BSE_IDX,01/07/2025,12:07:16,18716.31,0,0,0,0,0,0
TECK.BSE_IDX,01/07/2025,12:07:24,18716.3,0,0,0,0,0,0
TECK.BSE_IDX,01/07/2025,12:07:32,18715.86,0,0,0,0,0,0
TECK.BSE_IDX,01/07/2025,12:07:40,18716.46,0,0,0,0,0,0
TECK.BSE_IDX,01/07/2025,12:07:48,18716,0,0,0,0,0,0
TECK.BSE_IDX,01/07/2025,12:07:56,18715.54,0,0,0,0,0,0
TECK.BSE_IDX,01/07/2025,12:08:04,18715.08,0,0,0,0,0,0
TECK.BSE_IDX,01/07/2025,12:08:12,18712.54,0,0,0,0,0,0
TECK.BSE_IDX,01/07/2025,12:08:20,18712.7,0,0,0,0,0,0
TECK.BSE_IDX,01/07/2025,12:08:28,18709.46,0,0,0,0,0,0
TECK.BSE_IDX,01/07/2025,12:08:36,18709.48,0,0,0,0,0,0
TECK.BSE_IDX,01/07/2025,12:08:44,18709.45,0,0,0,0,0,0
TECK.BSE_IDX,01/07/2025,12:08:52,18709.61,0,0,0,0,0,0
TECK.BSE_IDX,01/07/2025,12:09:00,18710.92,0,0,0,0,0,0
TECK.BSE_IDX,01/07/2025,12:09:08,18710.97,0,0,0,0,0,0
TECK.BSE_IDX,01/07/2025,12:09:16,18710.58,0,0,0,0,0,0
TECK.BSE_IDX,01/07/2025,12:09:25,18710.45,0,0,0,0,0,0
TECK.BSE_IDX,01/07/2025,12:09:32,18711.06,0,0,0,0,0,0
TECK.BSE_IDX,01/07/2025,12:09:40,18712.3,0,0,0,0,0,0
TECK.BSE_IDX,01/07/2025,12:09:48,18710.84,0,0,0,0,0,0
TECK.BSE_IDX,01/07/2025,12:09:57,18712.08,0,0,0,0,0,0
TECK.BSE_IDX,01/07/2025,12:10:05,18712.08,0,0,0,0,0,0
TECK.BSE_IDX,01/07/2025,12:10:13,18713.8,0,0,0,0,0,0
TECK.BSE_IDX,01/07/2025,12:10:22,18716.08,0,0,0,0,0,0
TECK.BSE_IDX,01/07/2025,12:10:28,18716.11,0,0,0,0,0,0
TECK.BSE_IDX,01/07/2025,12:10:36,18717.34,0,0,0,0,0,0
TECK.BSE_IDX,01/07/2025,12:10:45,18718.04,0,0,0,0,0,0
TECK.BSE_IDX,01/07/2025,12:10:52,18718.03,0,0,0,0,0,0
TECK.BSE_IDX,01/07/2025,12:11:00,18717.99,0,0,0,0,0,0
TECK.BSE_IDX,01/07/2025,12:11:08,18719.99,0,0,0,0,0,0
TECK.BSE_IDX,01/07/2025,12:11:17,18720.1,0,0,0,0,0,0
TECK.BSE_IDX,01/07/2025,12:11:24,18720.45,0,0,0,0,0,0
TECK.BSE_IDX,01/07/2025,12:11:32,18717.49,0,0,0,0,0,0
TECK.BSE_IDX,01/07/2025,12:11:40,18717.45,0,0,0,0,0,0
TECK.BSE_IDX,01/07/2025,12:11:49,18718.85,0,0,0,0,0,0
TECK.BSE_IDX,01/07/2025,12:11:57,18718.85,0,0,0,0,0,0
TECK.BSE_IDX,01/07/2025,12:12:05,18722.62,0,0,0,0,0,0
TECK.BSE_IDX,01/07/2025,12:12:13,18722.55,0,0,0,0,0,0
TECK.BSE_IDX,01/07/2025,12:12:21,18722.88,0,0,0,0,0,0
TECK.BSE_IDX,01/07/2025,12:12:29,18723.49,0,0,0,0,0,0
TECK.BSE_IDX,01/07/2025,12:12:37,18723.7,0,0,0,0,0,0
TECK.BSE_IDX,01/07/2025,12:12:45,18723.78,0,0,0,0,0,0
TECK.BSE_IDX,01/07/2025,12:12:53,18719.79,0,0,0,0,0,0
TECK.BSE_IDX,01/07/2025,12:13:01,18718,0,0,0,0,0,0
TECK.BSE_IDX,01/07/2025,12:13:09,18719.66,0,0,0,0,0,0
TECK.BSE_IDX,01/07/2025,12:13:17,18719.97,0,0,0,0,0,0
TECK.BSE_IDX,01/07/2025,12:13:25,18718.05,0,0,0,0,0,0
TECK.BSE_IDX,01/07/2025,12:13:33,18717.7,0,0,0,0,0,0
TECK.BSE_IDX,01/07/2025,12:13:41,18718.64,0,0,0,0,0,0
TECK.BSE_IDX,01/07/2025,12:13:49,18718.94,0,0,0,0,0,0
TECK.BSE_IDX,01/07/2025,12:13:57,18718.58,0,0,0,0,0,0
TECK.BSE_IDX,01/07/2025,12:14:05,18718.79,0,0,0,0,0,0
TECK.BSE_IDX,01/07/2025,12:14:13,18718.79,0,0,0,0,0,0
TECK.BSE_IDX,01/07/2025,12:14:21,18718.43,0,0,0,0,0,0
TECK.BSE_IDX,01/07/2025,12:14:29,18717.99,0,0,0,0,0,0
TECK.BSE_IDX,01/07/2025,12:14:37,18718.28,0,0,0,0,0,0
TECK.BSE_IDX,01/07/2025,12:14:46,18718.49,0,0,0,0,0,0
TECK.BSE_IDX,01/07/2025,12:14:54,18718.14,0,0,0,0,0,0
TECK.BSE_IDX,01/07/2025,12:15:01,18718.38,0,0,0,0,0,0
TECK.BSE_IDX,01/07/2025,12:15:09,18718.37,0,0,0,0,0,0
TECK.BSE_IDX,01/07/2025,12:15:17,18716.71,0,0,0,0,0,0
TECK.BSE_IDX,01/07/2025,12:15:25,18717.47,0,0,0,0,0,0
TECK.BSE_IDX,01/07/2025,12:15:33,18716.99,0,0,0,0,0,0
TECK.BSE_IDX,01/07/2025,12:15:41,18717.04,0,0,0,0,0,0
TECK.BSE_IDX,01/07/2025,12:15:49,18717.09,0,0,0,0,0,0
TECK.BSE_IDX,01/07/2025,12:15:57,18717.53,0,0,0,0,0,0
TECK.BSE_IDX,01/07/2025,12:16:05,18717.24,0,0,0,0,0,0
TECK.BSE_IDX,01/07/2025,12:16:13,18717.07,0,0,0,0,0,0
TECK.BSE_IDX,01/07/2025,12:16:21,18717.55,0,0,0,0,0,0
TECK.BSE_IDX,01/07/2025,12:16:29,18720.36,0,0,0,0,0,0
TECK.BSE_IDX,01/07/2025,12:16:37,18719.6,0,0,0,0,0,0
TECK.BSE_IDX,01/07/2025,12:16:45,18718.51,0,0,0,0,0,0
TECK.BSE_IDX,01/07/2025,12:16:53,18716.62,0,0,0,0,0,0
TECK.BSE_IDX,01/07/2025,12:17:01,18717.06,0,0,0,0,0,0
TECK.BSE_IDX,01/07/2025,12:17:09,18719.98,0,0,0,0,0,0
TECK.BSE_IDX,01/07/2025,12:17:17,18718.53,0,0,0,0,0,0
TECK.BSE_IDX,01/07/2025,12:17:25,18716.42,0,0,0,0,0,0
TECK.BSE_IDX,01/07/2025,12:17:33,18717.34,0,0,0,0,0,0
TECK.BSE_IDX,01/07/2025,12:17:41,18717.53,0,0,0,0,0,0
TECK.BSE_IDX,01/07/2025,12:17:49,18717.18,0,0,0,0,0,0
TECK.BSE_IDX,01/07/2025,12:17:57,18718.04,0,0,0,0,0,0
TECK.BSE_IDX,01/07/2025,12:18:05,18718.06,0,0,0,0,0,0
TECK.BSE_IDX,01/07/2025,12:18:13,18718.27,0,0,0,0,0,0
TECK.BSE_IDX,01/07/2025,12:18:21,18718.19,0,0,0,0,0,0
TECK.BSE_IDX,01/07/2025,12:18:29,18718.19,0,0,0,0,0,0
TECK.BSE_IDX,01/07/2025,12:18:37,18717.4,0,0,0,0,0,0
TECK.BSE_IDX,01/07/2025,12:18:45,18717.07,0,0,0,0,0,0
TECK.BSE_IDX,01/07/2025,12:18:53,18717,0,0,0,0,0,0
TECK.BSE_IDX,01/07/2025,12:19:01,18717.83,0,0,0,0,0,0
TECK.BSE_IDX,01/07/2025,12:19:09,18718.37,0,0,0,0,0,0
TECK.BSE_IDX,01/07/2025,12:19:17,18717.51,0,0,0,0,0,0
TECK.BSE_IDX,01/07/2025,12:19:25,18718.49,0,0,0,0,0,0
TECK.BSE_IDX,01/07/2025,12:19:33,18719.77,0,0,0,0,0,0
TECK.BSE_IDX,01/07/2025,12:19:41,18721.2,0,0,0,0,0,0
TECK.BSE_IDX,01/07/2025,12:19:49,18721.6,0,0,0,0,0,0
TECK.BSE_IDX,01/07/2025,12:19:57,18721.61,0,0,0,0,0,0
TECK.BSE_IDX,01/07/2025,12:20:05,18722.39,0,0,0,0,0,0
TECK.BSE_IDX,01/07/2025,12:20:13,18721.9,0,0,0,0,0,0
TECK.BSE_IDX,01/07/2025,12:20:21,18723.7,0,0,0,0,0,0
TECK.BSE_IDX,01/07/2025,12:20:29,18724.58,0,0,0,0,0,0
TECK.BSE_IDX,01/07/2025,12:20:37,18726.95,0,0,0,0,0,0
TECK.BSE_IDX,01/07/2025,12:20:45,18725.6,0,0,0,0,0,0
TECK.BSE_IDX,01/07/2025,12:20:53,18725.09,0,0,0,0,0,0
TECK.BSE_IDX,01/07/2025,12:21:01,18726.76,0,0,0,0,0,0
TECK.BSE_IDX,01/07/2025,12:21:09,18727.11,0,0,0,0,0,0
TECK.BSE_IDX,01/07/2025,12:21:17,18727.35,0,0,0,0,0,0
TECK.BSE_IDX,01/07/2025,12:21:25,18726.71,0,0,0,0,0,0
TECK.BSE_IDX,01/07/2025,12:21:33,18727.01,0,0,0,0,0,0
TECK.BSE_IDX,01/07/2025,12:21:41,18731.14,0,0,0,0,0,0
TECK.BSE_IDX,01/07/2025,12:21:49,18733.61,0,0,0,0,0,0
TECK.BSE_IDX,01/07/2025,12:21:57,18734.08,0,0,0,0,0,0
TECK.BSE_IDX,01/07/2025,12:22:05,18734.53,0,0,0,0,0,0
TECK.BSE_IDX,01/07/2025,12:22:13,18734.69,0,0,0,0,0,0
TECK.BSE_IDX,01/07/2025,12:22:21,18729.62,0,0,0,0,0,0
TECK.BSE_IDX,01/07/2025,12:22:29,18728.81,0,0,0,0,0,0
TECK.BSE_IDX,01/07/2025,12:22:37,18728.94,0,0,0,0,0,0
TECK.BSE_IDX,01/07/2025,12:22:45,18728.48,0,0,0,0,0,0
TECK.BSE_IDX,01/07/2025,12:22:53,18728.55,0,0,0,0,0,0
TECK.BSE_IDX,01/07/2025,12:23:02,18729.06,0,0,0,0,0,0
TECK.BSE_IDX,01/07/2025,12:23:09,18725.4,0,0,0,0,0,0
TECK.BSE_IDX,01/07/2025,12:23:17,18722.56,0,0,0,0,0,0
TECK.BSE_IDX,01/07/2025,12:23:25,18722.53,0,0,0,0,0,0
TECK.BSE_IDX,01/07/2025,12:23:33,18722.54,0,0,0,0,0,0
TECK.BSE_IDX,01/07/2025,12:23:41,18723.53,0,0,0,0,0,0
TECK.BSE_IDX,01/07/2025,12:23:49,18723.19,0,0,0,0,0,0
TECK.BSE_IDX,01/07/2025,12:23:57,18725.34,0,0,0,0,0,0
TECK.BSE_IDX,01/07/2025,12:24:05,18724.67,0,0,0,0,0,0
TECK.BSE_IDX,01/07/2025,12:24:13,18723.67,0,0,0,0,0,0
TECK.BSE_IDX,01/07/2025,12:24:21,18723.67,0,0,0,0,0,0
TECK.BSE_IDX,01/07/2025,12:24:29,18724.41,0,0,0,0,0,0
TECK.BSE_IDX,01/07/2025,12:24:37,18725.06,0,0,0,0,0,0
TECK.BSE_IDX,01/07/2025,12:24:45,18725.52,0,0,0,0,0,0
TECK.BSE_IDX,01/07/2025,12:24:53,18724.44,0,0,0,0,0,0
TECK.BSE_IDX,01/07/2025,12:25:01,18724.44,0,0,0,0,0,0
TECK.BSE_IDX,01/07/2025,12:25:09,18724.44,0,0,0,0,0,0
TECK.BSE_IDX,01/07/2025,12:25:17,18725.11,0,0,0,0,0,0
TECK.BSE_IDX,01/07/2025,12:25:25,18726.36,0,0,0,0,0,0
TECK.BSE_IDX,01/07/2025,12:25:33,18726.91,0,0,0,0,0,0
TECK.BSE_IDX,01/07/2025,12:25:41,18726.44,0,0,0,0,0,0
TECK.BSE_IDX,01/07/2025,12:25:49,18725.95,0,0,0,0,0,0
TECK.BSE_IDX,01/07/2025,12:25:57,18726.35,0,0,0,0,0,0
TECK.BSE_IDX,01/07/2025,12:26:05,18727.43,0,0,0,0,0,0
TECK.BSE_IDX,01/07/2025,12:26:13,18724.98,0,0,0,0,0,0
TECK.BSE_IDX,01/07/2025,12:26:21,18725,0,0,0,0,0,0
TECK.BSE_IDX,01/07/2025,12:26:31,18724.97,0,0,0,0,0,0
TECK.BSE_IDX,01/07/2025,12:26:37,18725.14,0,0,0,0,0,0
TECK.BSE_IDX,01/07/2025,12:26:45,18725.46,0,0,0,0,0,0
TECK.BSE_IDX,01/07/2025,12:26:53,18724.77,0,0,0,0,0,0
TECK.BSE_IDX,01/07/2025,12:27:01,18724.44,0,0,0,0,0,0
TECK.BSE_IDX,01/07/2025,12:27:09,18724,0,0,0,0,0,0
TECK.BSE_IDX,01/07/2025,12:27:17,18728.21,0,0,0,0,0,0
TECK.BSE_IDX,01/07/2025,12:27:25,18728.04,0,0,0,0,0,0
TECK.BSE_IDX,01/07/2025,12:27:33,18727.52,0,0,0,0,0,0
TECK.BSE_IDX,01/07/2025,12:27:41,18727.55,0,0,0,0,0,0
TECK.BSE_IDX,01/07/2025,12:27:49,18726.36,0,0,0,0,0,0
TECK.BSE_IDX,01/07/2025,12:27:57,18726.24,0,0,0,0,0,0
TECK.BSE_IDX,01/07/2025,12:28:05,18726.51,0,0,0,0,0,0
TECK.BSE_IDX,01/07/2025,12:28:13,18726.03,0,0,0,0,0,0
TECK.BSE_IDX,01/07/2025,12:28:21,18725.82,0,0,0,0,0,0
TECK.BSE_IDX,01/07/2025,12:28:29,18723.87,0,0,0,0,0,0
TECK.BSE_IDX,01/07/2025,12:28:37,18724.38,0,0,0,0,0,0
TECK.BSE_IDX,01/07/2025,12:28:45,18724.04,0,0,0,0,0,0
TECK.BSE_IDX,01/07/2025,12:28:53,18723.61,0,0,0,0,0,0
TECK.BSE_IDX,01/07/2025,12:29:01,18721.28,0,0,0,0,0,0
TECK.BSE_IDX,01/07/2025,12:29:10,18720.64,0,0,0,0,0,0
TECK.BSE_IDX,01/07/2025,12:29:18,18720.76,0,0,0,0,0,0
TECK.BSE_IDX,01/07/2025,12:29:25,18724.72,0,0,0,0,0,0
TECK.BSE_IDX,01/07/2025,12:29:33,18725.13,0,0,0,0,0,0
TECK.BSE_IDX,01/07/2025,12:29:41,18724.26,0,0,0,0,0,0
TECK.BSE_IDX,01/07/2025,12:29:49,18724.39,0,0,0,0,0,0
TECK.BSE_IDX,01/07/2025,12:29:57,18723.25,0,0,0,0,0,0
TECK.BSE_IDX,01/07/2025,12:30:05,18726.04,0,0,0,0,0,0
TECK.BSE_IDX,01/07/2025,12:30:13,18724.47,0,0,0,0,0,0
TECK.BSE_IDX,01/07/2025,12:30:22,18725.71,0,0,0,0,0,0
TECK.BSE_IDX,01/07/2025,12:30:29,18723.38,0,0,0,0,0,0
TECK.BSE_IDX,01/07/2025,12:30:37,18722.99,0,0,0,0,0,0
TECK.BSE_IDX,01/07/2025,12:30:45,18723.12,0,0,0,0,0,0
TECK.BSE_IDX,01/07/2025,12:30:53,18722.88,0,0,0,0,0,0
TECK.BSE_IDX,01/07/2025,12:31:01,18722.87,0,0,0,0,0,0
TECK.BSE_IDX,01/07/2025,12:31:09,18721.16,0,0,0,0,0,0
TECK.BSE_IDX,01/07/2025,12:31:17,18718.68,0,0,0,0,0,0
TECK.BSE_IDX,01/07/2025,12:31:25,18718.92,0,0,0,0,0,0
TECK.BSE_IDX,01/07/2025,12:31:34,18719.76,0,0,0,0,0,0
TECK.BSE_IDX,01/07/2025,12:31:41,18720.31,0,0,0,0,0,0
TECK.BSE_IDX,01/07/2025,12:31:49,18719.95,0,0,0,0,0,0
TECK.BSE_IDX,01/07/2025,12:31:57,18720.46,0,0,0,0,0,0
TECK.BSE_IDX,01/07/2025,12:32:05,18720.67,0,0,0,0,0,0
TECK.BSE_IDX,01/07/2025,12:32:13,18721.32,0,0,0,0,0,0
TECK.BSE_IDX,01/07/2025,12:32:21,18721.1,0,0,0,0,0,0
TECK.BSE_IDX,01/07/2025,12:32:29,18723.11,0,0,0,0,0,0
TECK.BSE_IDX,01/07/2025,12:32:37,18722.95,0,0,0,0,0,0
TECK.BSE_IDX,01/07/2025,12:32:45,18723.69,0,0,0,0,0,0
TECK.BSE_IDX,01/07/2025,12:32:53,18722.44,0,0,0,0,0,0
TECK.BSE_IDX,01/07/2025,12:33:01,18722.32,0,0,0,0,0,0
TECK.BSE_IDX,01/07/2025,12:33:09,18722.15,0,0,0,0,0,0
TECK.BSE_IDX,01/07/2025,12:33:17,18722.05,0,0,0,0,0,0
TECK.BSE_IDX,01/07/2025,12:33:26,18722.83,0,0,0,0,0,0
TECK.BSE_IDX,01/07/2025,12:33:33,18722.31,0,0,0,0,0,0
TECK.BSE_IDX,01/07/2025,12:33:41,18724.92,0,0,0,0,0,0
TECK.BSE_IDX,01/07/2025,12:33:49,18722.28,0,0,0,0,0,0
TECK.BSE_IDX,01/07/2025,12:33:57,18722.96,0,0,0,0,0,0
TECK.BSE_IDX,01/07/2025,12:34:05,18723.88,0,0,0,0,0,0
TECK.BSE_IDX,01/07/2025,12:34:13,18724.97,0,0,0,0,0,0
TECK.BSE_IDX,01/07/2025,12:34:21,18725.26,0,0,0,0,0,0
TECK.BSE_IDX,01/07/2025,12:34:29,18728.02,0,0,0,0,0,0
TECK.BSE_IDX,01/07/2025,12:34:37,18727.92,0,0,0,0,0,0
TECK.BSE_IDX,01/07/2025,12:34:45,18727.21,0,0,0,0,0,0
TECK.BSE_IDX,01/07/2025,12:34:53,18729.42,0,0,0,0,0,0
TECK.BSE_IDX,01/07/2025,12:35:01,18729.3,0,0,0,0,0,0
TECK.BSE_IDX,01/07/2025,12:35:09,18730.4,0,0,0,0,0,0
TECK.BSE_IDX,01/07/2025,12:35:17,18731.52,0,0,0,0,0,0
TECK.BSE_IDX,01/07/2025,12:35:25,18731.52,0,0,0,0,0,0
TECK.BSE_IDX,01/07/2025,12:35:33,18730.72,0,0,0,0,0,0
TECK.BSE_IDX,01/07/2025,12:35:41,18731.02,0,0,0,0,0,0
TECK.BSE_IDX,01/07/2025,12:35:49,18732.94,0,0,0,0,0,0
TECK.BSE_IDX,01/07/2025,12:35:57,18732.67,0,0,0,0,0,0
TECK.BSE_IDX,01/07/2025,12:36:05,18732.31,0,0,0,0,0,0
TECK.BSE_IDX,01/07/2025,12:36:13,18732.84,0,0,0,0,0,0
TECK.BSE_IDX,01/07/2025,12:36:21,18733.32,0,0,0,0,0,0
TECK.BSE_IDX,01/07/2025,12:36:29,18732.19,0,0,0,0,0,0
TECK.BSE_IDX,01/07/2025,12:36:37,18732.8,0,0,0,0,0,0
TECK.BSE_IDX,01/07/2025,12:36:45,18733.07,0,0,0,0,0,0
TECK.BSE_IDX,01/07/2025,12:36:53,18733.11,0,0,0,0,0,0
TECK.BSE_IDX,01/07/2025,12:37:01,18733.08,0,0,0,0,0,0
TECK.BSE_IDX,01/07/2025,12:37:09,18733.1,0,0,0,0,0,0
TECK.BSE_IDX,01/07/2025,12:37:17,18730.9,0,0,0,0,0,0
TECK.BSE_IDX,01/07/2025,12:37:25,18730.51,0,0,0,0,0,0
TECK.BSE_IDX,01/07/2025,12:37:33,18730.39,0,0,0,0,0,0
TECK.BSE_IDX,01/07/2025,12:37:41,18729.57,0,0,0,0,0,0
TECK.BSE_IDX,01/07/2025,12:37:49,18729.21,0,0,0,0,0,0
TECK.BSE_IDX,01/07/2025,12:37:57,18728.74,0,0,0,0,0,0
TECK.BSE_IDX,01/07/2025,12:38:05,18728.29,0,0,0,0,0,0
TECK.BSE_IDX,01/07/2025,12:38:13,18728.08,0,0,0,0,0,0
TECK.BSE_IDX,01/07/2025,12:38:22,18727.43,0,0,0,0,0,0
TECK.BSE_IDX,01/07/2025,12:38:29,18729.04,0,0,0,0,0,0
TECK.BSE_IDX,01/07/2025,12:38:39,18729.27,0,0,0,0,0,0
TECK.BSE_IDX,01/07/2025,12:38:45,18729.45,0,0,0,0,0,0
TECK.BSE_IDX,01/07/2025,12:38:53,18729.4,0,0,0,0,0,0
TECK.BSE_IDX,01/07/2025,12:39:01,18728.78,0,0,0,0,0,0
TECK.BSE_IDX,01/07/2025,12:39:10,18728.3,0,0,0,0,0,0
TECK.BSE_IDX,01/07/2025,12:39:17,18728.37,0,0,0,0,0,0
TECK.BSE_IDX,01/07/2025,12:39:25,18728.5,0,0,0,0,0,0
TECK.BSE_IDX,01/07/2025,12:39:34,18725.9,0,0,0,0,0,0
TECK.BSE_IDX,01/07/2025,12:39:42,18726.12,0,0,0,0,0,0
TECK.BSE_IDX,01/07/2025,12:39:49,18725.62,0,0,0,0,0,0
TECK.BSE_IDX,01/07/2025,12:39:57,18725.58,0,0,0,0,0,0
TECK.BSE_IDX,01/07/2025,12:40:05,18724.9,0,0,0,0,0,0
TECK.BSE_IDX,01/07/2025,12:40:14,18723.6,0,0,0,0,0,0
TECK.BSE_IDX,01/07/2025,12:40:21,18724.8,0,0,0,0,0,0
TECK.BSE_IDX,01/07/2025,12:40:29,18724.06,0,0,0,0,0,0
TECK.BSE_IDX,01/07/2025,12:40:37,18724.54,0,0,0,0,0,0
TECK.BSE_IDX,01/07/2025,12:40:45,18725.1,0,0,0,0,0,0
TECK.BSE_IDX,01/07/2025,12:40:54,18725.1,0,0,0,0,0,0
TECK.BSE_IDX,01/07/2025,12:41:01,18727.31,0,0,0,0,0,0
TECK.BSE_IDX,01/07/2025,12:41:09,18727.76,0,0,0,0,0,0
TECK.BSE_IDX,01/07/2025,12:41:17,18727.72,0,0,0,0,0,0
TECK.BSE_IDX,01/07/2025,12:41:25,18726.68,0,0,0,0,0,0
TECK.BSE_IDX,01/07/2025,12:41:33,18726.64,0,0,0,0,0,0
TECK.BSE_IDX,01/07/2025,12:41:41,18727,0,0,0,0,0,0
TECK.BSE_IDX,01/07/2025,12:41:49,18726.53,0,0,0,0,0,0
TECK.BSE_IDX,01/07/2025,12:41:57,18726.84,0,0,0,0,0,0
TECK.BSE_IDX,01/07/2025,12:42:05,18728.4,0,0,0,0,0,0
TECK.BSE_IDX,01/07/2025,12:42:13,18729.61,0,0,0,0,0,0
TECK.BSE_IDX,01/07/2025,12:42:21,18727.25,0,0,0,0,0,0
TECK.BSE_IDX,01/07/2025,12:42:29,18727.87,0,0,0,0,0,0
TECK.BSE_IDX,01/07/2025,12:42:37,18728.18,0,0,0,0,0,0
TECK.BSE_IDX,01/07/2025,12:42:45,18728.18,0,0,0,0,0,0
TECK.BSE_IDX,01/07/2025,12:42:53,18728.2,0,0,0,0,0,0
TECK.BSE_IDX,01/07/2025,12:43:01,18728.14,0,0,0,0,0,0
TECK.BSE_IDX,01/07/2025,12:43:10,18722.83,0,0,0,0,0,0
TECK.BSE_IDX,01/07/2025,12:43:17,18722.82,0,0,0,0,0,0
TECK.BSE_IDX,01/07/2025,12:43:26,18723.47,0,0,0,0,0,0
TECK.BSE_IDX,01/07/2025,12:43:33,18723.53,0,0,0,0,0,0
TECK.BSE_IDX,01/07/2025,12:43:41,18723.47,0,0,0,0,0,0
TECK.BSE_IDX,01/07/2025,12:43:49,18723.96,0,0,0,0,0,0
TECK.BSE_IDX,01/07/2025,12:43:58,18724.43,0,0,0,0,0,0
TECK.BSE_IDX,01/07/2025,12:44:05,18728.28,0,0,0,0,0,0
TECK.BSE_IDX,01/07/2025,12:44:14,18727.92,0,0,0,0,0,0
TECK.BSE_IDX,01/07/2025,12:44:21,18727.85,0,0,0,0,0,0
TECK.BSE_IDX,01/07/2025,12:44:29,18729.78,0,0,0,0,0,0
TECK.BSE_IDX,01/07/2025,12:44:38,18728.28,0,0,0,0,0,0
TECK.BSE_IDX,01/07/2025,12:44:45,18729.63,0,0,0,0,0,0
TECK.BSE_IDX,01/07/2025,12:44:53,18729.7,0,0,0,0,0,0
TECK.BSE_IDX,01/07/2025,12:45:01,18729.53,0,0,0,0,0,0
TECK.BSE_IDX,01/07/2025,12:45:11,18728.26,0,0,0,0,0,0
TECK.BSE_IDX,01/07/2025,12:45:17,18727.26,0,0,0,0,0,0
TECK.BSE_IDX,01/07/2025,12:45:25,18727,0,0,0,0,0,0
TECK.BSE_IDX,01/07/2025,12:45:34,18727.04,0,0,0,0,0,0
TECK.BSE_IDX,01/07/2025,12:45:42,18724.95,0,0,0,0,0,0
TECK.BSE_IDX,01/07/2025,12:45:50,18726.58,0,0,0,0,0,0
TECK.BSE_IDX,01/07/2025,12:45:58,18726.68,0,0,0,0,0,0
TECK.BSE_IDX,01/07/2025,12:46:06,18726.94,0,0,0,0,0,0
TECK.BSE_IDX,01/07/2025,12:46:14,18726.59,0,0,0,0,0,0
TECK.BSE_IDX,01/07/2025,12:46:22,18727.8,0,0,0,0,0,0
TECK.BSE_IDX,01/07/2025,12:46:30,18727.45,0,0,0,0,0,0
TECK.BSE_IDX,01/07/2025,12:46:38,18727.57,0,0,0,0,0,0
TECK.BSE_IDX,01/07/2025,12:46:46,18727.28,0,0,0,0,0,0
TECK.BSE_IDX,01/07/2025,12:46:54,18727.43,0,0,0,0,0,0
TECK.BSE_IDX,01/07/2025,12:47:02,18726.8,0,0,0,0,0,0
TECK.BSE_IDX,01/07/2025,12:47:10,18726.67,0,0,0,0,0,0
TECK.BSE_IDX,01/07/2025,12:47:18,18727.67,0,0,0,0,0,0
TECK.BSE_IDX,01/07/2025,12:47:26,18727.71,0,0,0,0,0,0
TECK.BSE_IDX,01/07/2025,12:47:34,18727.71,0,0,0,0,0,0
TECK.BSE_IDX,01/07/2025,12:47:42,18725.45,0,0,0,0,0,0
TECK.BSE_IDX,01/07/2025,12:47:50,18724.77,0,0,0,0,0,0
TECK.BSE_IDX,01/07/2025,12:47:58,18724.5,0,0,0,0,0,0
TECK.BSE_IDX,01/07/2025,12:48:06,18724.88,0,0,0,0,0,0
TECK.BSE_IDX,01/07/2025,12:48:14,18725.39,0,0,0,0,0,0
TECK.BSE_IDX,01/07/2025,12:48:22,18726.01,0,0,0,0,0,0
TECK.BSE_IDX,01/07/2025,12:48:30,18727.18,0,0,0,0,0,0
TECK.BSE_IDX,01/07/2025,12:48:38,18727.27,0,0,0,0,0,0
TECK.BSE_IDX,01/07/2025,12:48:46,18727.54,0,0,0,0,0,0
TECK.BSE_IDX,01/07/2025,12:48:54,18729,0,0,0,0,0,0
TECK.BSE_IDX,01/07/2025,12:49:02,18728.61,0,0,0,0,0,0
TECK.BSE_IDX,01/07/2025,12:49:10,18730.6,0,0,0,0,0,0
TECK.BSE_IDX,01/07/2025,12:49:18,18731.22,0,0,0,0,0,0
TECK.BSE_IDX,01/07/2025,12:49:26,18730.53,0,0,0,0,0,0
TECK.BSE_IDX,01/07/2025,12:49:34,18730.56,0,0,0,0,0,0
TECK.BSE_IDX,01/07/2025,12:49:42,18732.17,0,0,0,0,0,0
TECK.BSE_IDX,01/07/2025,12:49:50,18733.1,0,0,0,0,0,0
TECK.BSE_IDX,01/07/2025,12:49:58,18732.81,0,0,0,0,0,0
TECK.BSE_IDX,01/07/2025,12:50:06,18733.29,0,0,0,0,0,0
TECK.BSE_IDX,01/07/2025,12:50:14,18735.15,0,0,0,0,0,0
TECK.BSE_IDX,01/07/2025,12:50:22,18735.06,0,0,0,0,0,0
TECK.BSE_IDX,01/07/2025,12:50:30,18733.63,0,0,0,0,0,0
TECK.BSE_IDX,01/07/2025,12:50:38,18733.39,0,0,0,0,0,0
TECK.BSE_IDX,01/07/2025,12:50:47,18731.89,0,0,0,0,0,0
TECK.BSE_IDX,01/07/2025,12:50:54,18733.59,0,0,0,0,0,0
TECK.BSE_IDX,01/07/2025,12:51:02,18733.2,0,0,0,0,0,0
TECK.BSE_IDX,01/07/2025,12:51:10,18733.66,0,0,0,0,0,0
TECK.BSE_IDX,01/07/2025,12:51:19,18733.51,0,0,0,0,0,0
TECK.BSE_IDX,01/07/2025,12:51:26,18733.36,0,0,0,0,0,0
TECK.BSE_IDX,01/07/2025,12:51:34,18730.97,0,0,0,0,0,0
TECK.BSE_IDX,01/07/2025,12:51:42,18731.57,0,0,0,0,0,0
TECK.BSE_IDX,01/07/2025,12:51:50,18729.91,0,0,0,0,0,0
TECK.BSE_IDX,01/07/2025,12:51:58,18728.87,0,0,0,0,0,0
TECK.BSE_IDX,01/07/2025,12:52:06,18729.07,0,0,0,0,0,0
TECK.BSE_IDX,01/07/2025,12:52:14,18730.89,0,0,0,0,0,0
TECK.BSE_IDX,01/07/2025,12:52:22,18730.8,0,0,0,0,0,0
TECK.BSE_IDX,01/07/2025,12:52:30,18730.63,0,0,0,0,0,0
TECK.BSE_IDX,01/07/2025,12:52:38,18730.61,0,0,0,0,0,0
TECK.BSE_IDX,01/07/2025,12:52:46,18729,0,0,0,0,0,0
TECK.BSE_IDX,01/07/2025,12:52:54,18728.73,0,0,0,0,0,0
TECK.BSE_IDX,01/07/2025,12:53:02,18727.07,0,0,0,0,0,0
TECK.BSE_IDX,01/07/2025,12:53:10,18726.97,0,0,0,0,0,0
TECK.BSE_IDX,01/07/2025,12:53:18,18727.41,0,0,0,0,0,0
TECK.BSE_IDX,01/07/2025,12:53:26,18726.22,0,0,0,0,0,0
TECK.BSE_IDX,01/07/2025,12:53:34,18726.96,0,0,0,0,0,0
TECK.BSE_IDX,01/07/2025,12:53:42,18726.33,0,0,0,0,0,0
TECK.BSE_IDX,01/07/2025,12:53:50,18726.6,0,0,0,0,0,0
TECK.BSE_IDX,01/07/2025,12:53:58,18728.45,0,0,0,0,0,0
TECK.BSE_IDX,01/07/2025,12:54:06,18728.39,0,0,0,0,0,0
TECK.BSE_IDX,01/07/2025,12:54:14,18728.39,0,0,0,0,0,0
TECK.BSE_IDX,01/07/2025,12:54:22,18725.65,0,0,0,0,0,0
TECK.BSE_IDX,01/07/2025,12:54:30,18725.43,0,0,0,0,0,0
TECK.BSE_IDX,01/07/2025,12:54:38,18725.5,0,0,0,0,0,0
TECK.BSE_IDX,01/07/2025,12:54:46,18726.09,0,0,0,0,0,0
TECK.BSE_IDX,01/07/2025,12:54:54,18725.92,0,0,0,0,0,0
TECK.BSE_IDX,01/07/2025,12:55:02,18725.18,0,0,0,0,0,0
TECK.BSE_IDX,01/07/2025,12:55:10,18725.06,0,0,0,0,0,0
TECK.BSE_IDX,01/07/2025,12:55:18,18726.35,0,0,0,0,0,0
TECK.BSE_IDX,01/07/2025,12:55:26,18726.54,0,0,0,0,0,0
TECK.BSE_IDX,01/07/2025,12:55:34,18726.41,0,0,0,0,0,0
TECK.BSE_IDX,01/07/2025,12:55:42,18725.29,0,0,0,0,0,0
TECK.BSE_IDX,01/07/2025,12:55:50,18725.19,0,0,0,0,0,0
TECK.BSE_IDX,01/07/2025,12:55:58,18724.72,0,0,0,0,0,0
TECK.BSE_IDX,01/07/2025,12:56:06,18724.72,0,0,0,0,0,0
TECK.BSE_IDX,01/07/2025,12:56:15,18724.93,0,0,0,0,0,0
TECK.BSE_IDX,01/07/2025,12:56:22,18725.17,0,0,0,0,0,0
TECK.BSE_IDX,01/07/2025,12:56:30,18725.08,0,0,0,0,0,0
TECK.BSE_IDX,01/07/2025,12:56:38,18722.65,0,0,0,0,0,0
TECK.BSE_IDX,01/07/2025,12:56:46,18722.26,0,0,0,0,0,0
TECK.BSE_IDX,01/07/2025,12:56:54,18721.85,0,0,0,0,0,0
TECK.BSE_IDX,01/07/2025,12:57:02,18721.24,0,0,0,0,0,0
TECK.BSE_IDX,01/07/2025,12:57:10,18722.33,0,0,0,0,0,0
TECK.BSE_IDX,01/07/2025,12:57:18,18721.75,0,0,0,0,0,0
TECK.BSE_IDX,01/07/2025,12:57:26,18720.74,0,0,0,0,0,0
TECK.BSE_IDX,01/07/2025,12:57:34,18721.53,0,0,0,0,0,0
TECK.BSE_IDX,01/07/2025,12:57:42,18721.73,0,0,0,0,0,0
TECK.BSE_IDX,01/07/2025,12:57:51,18722.81,0,0,0,0,0,0
TECK.BSE_IDX,01/07/2025,12:57:58,18722.99,0,0,0,0,0,0
TECK.BSE_IDX,01/07/2025,12:58:06,18723.78,0,0,0,0,0,0
TECK.BSE_IDX,01/07/2025,12:58:14,18722.54,0,0,0,0,0,0
TECK.BSE_IDX,01/07/2025,12:58:22,18723.37,0,0,0,0,0,0
TECK.BSE_IDX,01/07/2025,12:58:30,18723.16,0,0,0,0,0,0
TECK.BSE_IDX,01/07/2025,12:58:38,18724.58,0,0,0,0,0,0
TECK.BSE_IDX,01/07/2025,12:58:46,18724.55,0,0,0,0,0,0
TECK.BSE_IDX,01/07/2025,12:58:54,18724.55,0,0,0,0,0,0
TECK.BSE_IDX,01/07/2025,12:59:02,18724.4,0,0,0,0,0,0
TECK.BSE_IDX,01/07/2025,12:59:10,18723.76,0,0,0,0,0,0
TECK.BSE_IDX,01/07/2025,12:59:18,18728.97,0,0,0,0,0,0
TECK.BSE_IDX,01/07/2025,12:59:26,18729.01,0,0,0,0,0,0
TECK.BSE_IDX,01/07/2025,12:59:34,18729.8,0,0,0,0,0,0
TECK.BSE_IDX,01/07/2025,12:59:42,18727.51,0,0,0,0,0,0
TECK.BSE_IDX,01/07/2025,12:59:50,18727.51,0,0,0,0,0,0
TECK.BSE_IDX,01/07/2025,12:59:58,18727.32,0,0,0,0,0,0
TECK.BSE_IDX,01/07/2025,13:00:06,18728.37,0,0,0,0,0,0
TECK.BSE_IDX,01/07/2025,13:00:14,18728.91,0,0,0,0,0,0
TECK.BSE_IDX,01/07/2025,13:00:22,18728.87,0,0,0,0,0,0
TECK.BSE_IDX,01/07/2025,13:00:30,18729.28,0,0,0,0,0,0
TECK.BSE_IDX,01/07/2025,13:00:38,18726.39,0,0,0,0,0,0
TECK.BSE_IDX,01/07/2025,13:00:46,18726.59,0,0,0,0,0,0
TECK.BSE_IDX,01/07/2025,13:00:54,18726.58,0,0,0,0,0,0
TECK.BSE_IDX,01/07/2025,13:01:02,18728.64,0,0,0,0,0,0
TECK.BSE_IDX,01/07/2025,13:01:10,18728.63,0,0,0,0,0,0
TECK.BSE_IDX,01/07/2025,13:01:18,18728.97,0,0,0,0,0,0
TECK.BSE_IDX,01/07/2025,13:01:26,18729.28,0,0,0,0,0,0
TECK.BSE_IDX,01/07/2025,13:01:35,18729.54,0,0,0,0,0,0
TECK.BSE_IDX,01/07/2025,13:01:42,18729.17,0,0,0,0,0,0
TECK.BSE_IDX,01/07/2025,13:01:50,18730.01,0,0,0,0,0,0
TECK.BSE_IDX,01/07/2025,13:01:58,18729.36,0,0,0,0,0,0
TECK.BSE_IDX,01/07/2025,13:02:06,18727.52,0,0,0,0,0,0
TECK.BSE_IDX,01/07/2025,13:02:14,18726.34,0,0,0,0,0,0
TECK.BSE_IDX,01/07/2025,13:02:22,18726.33,0,0,0,0,0,0
TECK.BSE_IDX,01/07/2025,13:02:30,18725.68,0,0,0,0,0,0
TECK.BSE_IDX,01/07/2025,13:02:39,18726.11,0,0,0,0,0,0
TECK.BSE_IDX,01/07/2025,13:02:46,18726.13,0,0,0,0,0,0
