Ticker,Date,Time,LTP,BuyPrice,BuyQty,SellPrice,SellQty,LTQ,OpenInterest
TELCOM.BSE_IDX,01/07/2025,09:00:07,3203.03,0,0,0,0,0,0
TELCOM.BSE_IDX,01/07/2025,09:00:15,3172.63,0,0,0,0,0,0
TELCOM.BSE_IDX,01/07/2025,09:00:23,3191.75,0,0,0,0,0,0
TELCOM.BSE_IDX,01/07/2025,09:00:31,3191.81,0,0,0,0,0,0
TELCOM.BSE_IDX,01/07/2025,09:00:39,3183.57,0,0,0,0,0,0
TELCOM.BSE_IDX,01/07/2025,09:00:47,3179.46,0,0,0,0,0,0
TELCOM.BSE_IDX,01/07/2025,09:00:55,3179.46,0,0,0,0,0,0
TELCOM.BSE_IDX,01/07/2025,09:01:03,3179.46,0,0,0,0,0,0
TELCOM.BSE_IDX,01/07/2025,09:01:11,3177,0,0,0,0,0,0
TELCOM.BSE_IDX,01/07/2025,09:01:19,3178.36,0,0,0,0,0,0
TELCOM.BSE_IDX,01/07/2025,09:01:27,3178.37,0,0,0,0,0,0
TELCOM.BSE_IDX,01/07/2025,09:01:35,3178.37,0,0,0,0,0,0
TELCOM.BSE_IDX,01/07/2025,09:01:43,3162.27,0,0,0,0,0,0
TELCOM.BSE_IDX,01/07/2025,09:01:51,3162.27,0,0,0,0,0,0
TELCOM.BSE_IDX,01/07/2025,09:01:59,3162.27,0,0,0,0,0,0
TELCOM.BSE_IDX,01/07/2025,09:02:07,3162.27,0,0,0,0,0,0
TELCOM.BSE_IDX,01/07/2025,09:02:15,3162.27,0,0,0,0,0,0
TELCOM.BSE_IDX,01/07/2025,09:02:23,3162.27,0,0,0,0,0,0
TELCOM.BSE_IDX,01/07/2025,09:02:31,3162.27,0,0,0,0,0,0
TELCOM.BSE_IDX,01/07/2025,09:02:39,3162.27,0,0,0,0,0,0
TELCOM.BSE_IDX,01/07/2025,09:02:47,3164.32,0,0,0,0,0,0
TELCOM.BSE_IDX,01/07/2025,09:02:55,3164.19,0,0,0,0,0,0
TELCOM.BSE_IDX,01/07/2025,09:03:03,3164.19,0,0,0,0,0,0
TELCOM.BSE_IDX,01/07/2025,09:03:11,3164.19,0,0,0,0,0,0
TELCOM.BSE_IDX,01/07/2025,09:03:19,3164.19,0,0,0,0,0,0
TELCOM.BSE_IDX,01/07/2025,09:03:27,3164.19,0,0,0,0,0,0
TELCOM.BSE_IDX,01/07/2025,09:03:35,3157.56,0,0,0,0,0,0
TELCOM.BSE_IDX,01/07/2025,09:03:43,3169.28,0,0,0,0,0,0
TELCOM.BSE_IDX,01/07/2025,09:03:51,3161.46,0,0,0,0,0,0
TELCOM.BSE_IDX,01/07/2025,09:03:59,3160.93,0,0,0,0,0,0
TELCOM.BSE_IDX,01/07/2025,09:04:07,3160.93,0,0,0,0,0,0
TELCOM.BSE_IDX,01/07/2025,09:04:15,3160.85,0,0,0,0,0,0
TELCOM.BSE_IDX,01/07/2025,09:04:23,3160.21,0,0,0,0,0,0
TELCOM.BSE_IDX,01/07/2025,09:04:31,3160.38,0,0,0,0,0,0
TELCOM.BSE_IDX,01/07/2025,09:04:39,3158.54,0,0,0,0,0,0
TELCOM.BSE_IDX,01/07/2025,09:04:47,3156.94,0,0,0,0,0,0
TELCOM.BSE_IDX,01/07/2025,09:04:55,3156.86,0,0,0,0,0,0
TELCOM.BSE_IDX,01/07/2025,09:05:03,3156.86,0,0,0,0,0,0
TELCOM.BSE_IDX,01/07/2025,09:05:11,3152.04,0,0,0,0,0,0
TELCOM.BSE_IDX,01/07/2025,09:05:19,3157.08,0,0,0,0,0,0
TELCOM.BSE_IDX,01/07/2025,09:05:27,3156.31,0,0,0,0,0,0
TELCOM.BSE_IDX,01/07/2025,09:05:35,3156.85,0,0,0,0,0,0
TELCOM.BSE_IDX,01/07/2025,09:05:43,3156.07,0,0,0,0,0,0
TELCOM.BSE_IDX,01/07/2025,09:05:51,3156,0,0,0,0,0,0
TELCOM.BSE_IDX,01/07/2025,09:05:59,3158.19,0,0,0,0,0,0
TELCOM.BSE_IDX,01/07/2025,09:06:07,3156.21,0,0,0,0,0,0
TELCOM.BSE_IDX,01/07/2025,09:06:15,3163.12,0,0,0,0,0,0
TELCOM.BSE_IDX,01/07/2025,09:06:23,3162.99,0,0,0,0,0,0
TELCOM.BSE_IDX,01/07/2025,09:06:31,3163.12,0,0,0,0,0,0
TELCOM.BSE_IDX,01/07/2025,09:06:39,3162.39,0,0,0,0,0,0
TELCOM.BSE_IDX,01/07/2025,09:06:47,3157.42,0,0,0,0,0,0
TELCOM.BSE_IDX,01/07/2025,09:06:55,3161.54,0,0,0,0,0,0
TELCOM.BSE_IDX,01/07/2025,09:07:04,3165.1,0,0,0,0,0,0
TELCOM.BSE_IDX,01/07/2025,09:07:11,3165.1,0,0,0,0,0,0
TELCOM.BSE_IDX,01/07/2025,09:07:19,3165.1,0,0,0,0,0,0
TELCOM.BSE_IDX,01/07/2025,09:07:27,3165.1,0,0,0,0,0,0
TELCOM.BSE_IDX,01/07/2025,09:07:35,3165.1,0,0,0,0,0,0
TELCOM.BSE_IDX,01/07/2025,09:07:43,3165.1,0,0,0,0,0,0
TELCOM.BSE_IDX,01/07/2025,09:07:51,3165.1,0,0,0,0,0,0
TELCOM.BSE_IDX,01/07/2025,09:07:59,3165.1,0,0,0,0,0,0
TELCOM.BSE_IDX,01/07/2025,09:08:07,3165.1,0,0,0,0,0,0
TELCOM.BSE_IDX,01/07/2025,09:08:15,3165.1,0,0,0,0,0,0
TELCOM.BSE_IDX,01/07/2025,09:08:23,3165.1,0,0,0,0,0,0
TELCOM.BSE_IDX,01/07/2025,09:08:31,3165.1,0,0,0,0,0,0
TELCOM.BSE_IDX,01/07/2025,09:08:39,3165.1,0,0,0,0,0,0
TELCOM.BSE_IDX,01/07/2025,09:08:47,3165.1,0,0,0,0,0,0
TELCOM.BSE_IDX,01/07/2025,09:08:55,3165.1,0,0,0,0,0,0
TELCOM.BSE_IDX,01/07/2025,09:09:03,3159.45,0,0,0,0,0,0
TELCOM.BSE_IDX,01/07/2025,09:09:11,3159.45,0,0,0,0,0,0
TELCOM.BSE_IDX,01/07/2025,09:09:19,3159.45,0,0,0,0,0,0
TELCOM.BSE_IDX,01/07/2025,09:09:27,3159.45,0,0,0,0,0,0
TELCOM.BSE_IDX,01/07/2025,09:09:35,3159.45,0,0,0,0,0,0
TELCOM.BSE_IDX,01/07/2025,09:09:43,3159.45,0,0,0,0,0,0
TELCOM.BSE_IDX,01/07/2025,09:09:51,3159.45,0,0,0,0,0,0
TELCOM.BSE_IDX,01/07/2025,09:09:59,3159.45,0,0,0,0,0,0
TELCOM.BSE_IDX,01/07/2025,09:10:07,3159.45,0,0,0,0,0,0
TELCOM.BSE_IDX,01/07/2025,09:10:15,3159.45,0,0,0,0,0,0
TELCOM.BSE_IDX,01/07/2025,09:10:23,3159.45,0,0,0,0,0,0
TELCOM.BSE_IDX,01/07/2025,09:10:31,3159.45,0,0,0,0,0,0
TELCOM.BSE_IDX,01/07/2025,09:10:39,3159.45,0,0,0,0,0,0
TELCOM.BSE_IDX,01/07/2025,09:10:47,3159.45,0,0,0,0,0,0
TELCOM.BSE_IDX,01/07/2025,09:10:55,3159.45,0,0,0,0,0,0
TELCOM.BSE_IDX,01/07/2025,09:11:03,3159.45,0,0,0,0,0,0
TELCOM.BSE_IDX,01/07/2025,09:11:11,3159.45,0,0,0,0,0,0
TELCOM.BSE_IDX,01/07/2025,09:11:19,3159.45,0,0,0,0,0,0
TELCOM.BSE_IDX,01/07/2025,09:11:27,3159.45,0,0,0,0,0,0
TELCOM.BSE_IDX,01/07/2025,09:11:35,3159.45,0,0,0,0,0,0
TELCOM.BSE_IDX,01/07/2025,09:11:43,3159.45,0,0,0,0,0,0
TELCOM.BSE_IDX,01/07/2025,09:11:51,3159.45,0,0,0,0,0,0
TELCOM.BSE_IDX,01/07/2025,09:11:59,3159.45,0,0,0,0,0,0
TELCOM.BSE_IDX,01/07/2025,09:12:07,3159.45,0,0,0,0,0,0
TELCOM.BSE_IDX,01/07/2025,09:12:16,3159.45,0,0,0,0,0,0
TELCOM.BSE_IDX,01/07/2025,09:12:23,3159.45,0,0,0,0,0,0
TELCOM.BSE_IDX,01/07/2025,09:12:31,3159.45,0,0,0,0,0,0
TELCOM.BSE_IDX,01/07/2025,09:12:39,3159.45,0,0,0,0,0,0
TELCOM.BSE_IDX,01/07/2025,09:12:47,3159.45,0,0,0,0,0,0
TELCOM.BSE_IDX,01/07/2025,09:12:55,3159.45,0,0,0,0,0,0
TELCOM.BSE_IDX,01/07/2025,09:13:03,3159.45,0,0,0,0,0,0
TELCOM.BSE_IDX,01/07/2025,09:13:11,3159.45,0,0,0,0,0,0
TELCOM.BSE_IDX,01/07/2025,09:13:19,3159.45,0,0,0,0,0,0
TELCOM.BSE_IDX,01/07/2025,09:13:27,3159.45,0,0,0,0,0,0
TELCOM.BSE_IDX,01/07/2025,09:13:35,3159.45,0,0,0,0,0,0
TELCOM.BSE_IDX,01/07/2025,09:13:43,3159.45,0,0,0,0,0,0
TELCOM.BSE_IDX,01/07/2025,09:13:51,3159.45,0,0,0,0,0,0
TELCOM.BSE_IDX,01/07/2025,09:13:59,3159.45,0,0,0,0,0,0
TELCOM.BSE_IDX,01/07/2025,09:14:07,3159.45,0,0,0,0,0,0
TELCOM.BSE_IDX,01/07/2025,09:14:15,3159.45,0,0,0,0,0,0
TELCOM.BSE_IDX,01/07/2025,09:14:23,3159.45,0,0,0,0,0,0
TELCOM.BSE_IDX,01/07/2025,09:14:31,3159.45,0,0,0,0,0,0
TELCOM.BSE_IDX,01/07/2025,09:14:39,3159.45,0,0,0,0,0,0
TELCOM.BSE_IDX,01/07/2025,09:14:47,3159.45,0,0,0,0,0,0
TELCOM.BSE_IDX,01/07/2025,09:14:55,3159.45,0,0,0,0,0,0
TELCOM.BSE_IDX,01/07/2025,09:15:04,3165.04,0,0,0,0,0,0
TELCOM.BSE_IDX,01/07/2025,09:15:11,3165.22,0,0,0,0,0,0
TELCOM.BSE_IDX,01/07/2025,09:15:19,3163.09,0,0,0,0,0,0
TELCOM.BSE_IDX,01/07/2025,09:15:27,3161.34,0,0,0,0,0,0
TELCOM.BSE_IDX,01/07/2025,09:15:35,3161.27,0,0,0,0,0,0
TELCOM.BSE_IDX,01/07/2025,09:15:43,3163.29,0,0,0,0,0,0
TELCOM.BSE_IDX,01/07/2025,09:15:51,3162.68,0,0,0,0,0,0
TELCOM.BSE_IDX,01/07/2025,09:15:59,3161.01,0,0,0,0,0,0
TELCOM.BSE_IDX,01/07/2025,09:16:07,3161.95,0,0,0,0,0,0
TELCOM.BSE_IDX,01/07/2025,09:16:15,3161.69,0,0,0,0,0,0
TELCOM.BSE_IDX,01/07/2025,09:16:24,3162.92,0,0,0,0,0,0
TELCOM.BSE_IDX,01/07/2025,09:16:31,3165.67,0,0,0,0,0,0
TELCOM.BSE_IDX,01/07/2025,09:16:39,3161.54,0,0,0,0,0,0
TELCOM.BSE_IDX,01/07/2025,09:16:48,3160.54,0,0,0,0,0,0
TELCOM.BSE_IDX,01/07/2025,09:16:55,3160.72,0,0,0,0,0,0
TELCOM.BSE_IDX,01/07/2025,09:17:03,3160.58,0,0,0,0,0,0
TELCOM.BSE_IDX,01/07/2025,09:17:12,3159.97,0,0,0,0,0,0
TELCOM.BSE_IDX,01/07/2025,09:17:19,3160.8,0,0,0,0,0,0
TELCOM.BSE_IDX,01/07/2025,09:17:27,3160.83,0,0,0,0,0,0
TELCOM.BSE_IDX,01/07/2025,09:17:35,3160.17,0,0,0,0,0,0
TELCOM.BSE_IDX,01/07/2025,09:17:44,3161.38,0,0,0,0,0,0
TELCOM.BSE_IDX,01/07/2025,09:17:51,3161.61,0,0,0,0,0,0
TELCOM.BSE_IDX,01/07/2025,09:17:59,3161.41,0,0,0,0,0,0
TELCOM.BSE_IDX,01/07/2025,09:18:07,3161.93,0,0,0,0,0,0
TELCOM.BSE_IDX,01/07/2025,09:18:15,3161.9,0,0,0,0,0,0
TELCOM.BSE_IDX,01/07/2025,09:18:23,3162.59,0,0,0,0,0,0
TELCOM.BSE_IDX,01/07/2025,09:18:31,3163,0,0,0,0,0,0
TELCOM.BSE_IDX,01/07/2025,09:18:39,3162.89,0,0,0,0,0,0
TELCOM.BSE_IDX,01/07/2025,09:18:47,3162.24,0,0,0,0,0,0
TELCOM.BSE_IDX,01/07/2025,09:18:56,3162.56,0,0,0,0,0,0
TELCOM.BSE_IDX,01/07/2025,09:19:03,3162.58,0,0,0,0,0,0
TELCOM.BSE_IDX,01/07/2025,09:19:11,3164.06,0,0,0,0,0,0
TELCOM.BSE_IDX,01/07/2025,09:19:19,3164.61,0,0,0,0,0,0
TELCOM.BSE_IDX,01/07/2025,09:19:28,3164.11,0,0,0,0,0,0
TELCOM.BSE_IDX,01/07/2025,09:19:35,3163.97,0,0,0,0,0,0
TELCOM.BSE_IDX,01/07/2025,09:19:43,3162.75,0,0,0,0,0,0
TELCOM.BSE_IDX,01/07/2025,09:19:52,3162.46,0,0,0,0,0,0
TELCOM.BSE_IDX,01/07/2025,09:19:59,3162.98,0,0,0,0,0,0
TELCOM.BSE_IDX,01/07/2025,09:20:07,3163.48,0,0,0,0,0,0
TELCOM.BSE_IDX,01/07/2025,09:20:15,3165.94,0,0,0,0,0,0
TELCOM.BSE_IDX,01/07/2025,09:20:24,3166.35,0,0,0,0,0,0
TELCOM.BSE_IDX,01/07/2025,09:20:31,3165.98,0,0,0,0,0,0
TELCOM.BSE_IDX,01/07/2025,09:20:39,3164.86,0,0,0,0,0,0
TELCOM.BSE_IDX,01/07/2025,09:20:47,3165.32,0,0,0,0,0,0
TELCOM.BSE_IDX,01/07/2025,09:20:55,3165.25,0,0,0,0,0,0
TELCOM.BSE_IDX,01/07/2025,09:21:03,3163.95,0,0,0,0,0,0
TELCOM.BSE_IDX,01/07/2025,09:21:11,3164.92,0,0,0,0,0,0
TELCOM.BSE_IDX,01/07/2025,09:21:19,3166.79,0,0,0,0,0,0
TELCOM.BSE_IDX,01/07/2025,09:21:27,3166.64,0,0,0,0,0,0
TELCOM.BSE_IDX,01/07/2025,09:21:36,3167.74,0,0,0,0,0,0
TELCOM.BSE_IDX,01/07/2025,09:21:43,3167.61,0,0,0,0,0,0
TELCOM.BSE_IDX,01/07/2025,09:21:51,3167.41,0,0,0,0,0,0
TELCOM.BSE_IDX,01/07/2025,09:21:59,3165.48,0,0,0,0,0,0
TELCOM.BSE_IDX,01/07/2025,09:22:07,3165.44,0,0,0,0,0,0
TELCOM.BSE_IDX,01/07/2025,09:22:15,3162.82,0,0,0,0,0,0
TELCOM.BSE_IDX,01/07/2025,09:22:23,3164.12,0,0,0,0,0,0
TELCOM.BSE_IDX,01/07/2025,09:22:31,3164.31,0,0,0,0,0,0
TELCOM.BSE_IDX,01/07/2025,09:22:39,3165.24,0,0,0,0,0,0
TELCOM.BSE_IDX,01/07/2025,09:22:47,3165.84,0,0,0,0,0,0
TELCOM.BSE_IDX,01/07/2025,09:22:55,3166.22,0,0,0,0,0,0
TELCOM.BSE_IDX,01/07/2025,09:23:03,3166.18,0,0,0,0,0,0
TELCOM.BSE_IDX,01/07/2025,09:23:11,3164.66,0,0,0,0,0,0
TELCOM.BSE_IDX,01/07/2025,09:23:19,3164.58,0,0,0,0,0,0
TELCOM.BSE_IDX,01/07/2025,09:23:27,3164.55,0,0,0,0,0,0
TELCOM.BSE_IDX,01/07/2025,09:23:35,3164.32,0,0,0,0,0,0
TELCOM.BSE_IDX,01/07/2025,09:23:44,3163.97,0,0,0,0,0,0
TELCOM.BSE_IDX,01/07/2025,09:23:51,3163.94,0,0,0,0,0,0
TELCOM.BSE_IDX,01/07/2025,09:23:59,3163.88,0,0,0,0,0,0
TELCOM.BSE_IDX,01/07/2025,09:24:08,3163.71,0,0,0,0,0,0
TELCOM.BSE_IDX,01/07/2025,09:24:15,3163.45,0,0,0,0,0,0
TELCOM.BSE_IDX,01/07/2025,09:24:23,3163.4,0,0,0,0,0,0
TELCOM.BSE_IDX,01/07/2025,09:24:32,3163.13,0,0,0,0,0,0
TELCOM.BSE_IDX,01/07/2025,09:24:39,3163.2,0,0,0,0,0,0
TELCOM.BSE_IDX,01/07/2025,09:24:48,3163.17,0,0,0,0,0,0
TELCOM.BSE_IDX,01/07/2025,09:24:57,3163.34,0,0,0,0,0,0
TELCOM.BSE_IDX,01/07/2025,09:25:03,3163.21,0,0,0,0,0,0
TELCOM.BSE_IDX,01/07/2025,09:25:12,3163.1,0,0,0,0,0,0
TELCOM.BSE_IDX,01/07/2025,09:25:19,3163.17,0,0,0,0,0,0
TELCOM.BSE_IDX,01/07/2025,09:25:29,3162.03,0,0,0,0,0,0
TELCOM.BSE_IDX,01/07/2025,09:25:35,3161.88,0,0,0,0,0,0
TELCOM.BSE_IDX,01/07/2025,09:25:43,3161.79,0,0,0,0,0,0
TELCOM.BSE_IDX,01/07/2025,09:25:51,3162.28,0,0,0,0,0,0
TELCOM.BSE_IDX,01/07/2025,09:25:59,3162.46,0,0,0,0,0,0
TELCOM.BSE_IDX,01/07/2025,09:26:08,3162.37,0,0,0,0,0,0
TELCOM.BSE_IDX,01/07/2025,09:26:15,3162.09,0,0,0,0,0,0
TELCOM.BSE_IDX,01/07/2025,09:26:24,3162.48,0,0,0,0,0,0
TELCOM.BSE_IDX,01/07/2025,09:26:31,3162.12,0,0,0,0,0,0
TELCOM.BSE_IDX,01/07/2025,09:26:39,3162.18,0,0,0,0,0,0
TELCOM.BSE_IDX,01/07/2025,09:26:48,3163.07,0,0,0,0,0,0
TELCOM.BSE_IDX,01/07/2025,09:26:55,3162.86,0,0,0,0,0,0
TELCOM.BSE_IDX,01/07/2025,09:27:04,3162.37,0,0,0,0,0,0
TELCOM.BSE_IDX,01/07/2025,09:27:12,3162.38,0,0,0,0,0,0
TELCOM.BSE_IDX,01/07/2025,09:27:19,3162.57,0,0,0,0,0,0
TELCOM.BSE_IDX,01/07/2025,09:27:28,3162.19,0,0,0,0,0,0
TELCOM.BSE_IDX,01/07/2025,09:27:36,3162.8,0,0,0,0,0,0
TELCOM.BSE_IDX,01/07/2025,09:27:44,3160.88,0,0,0,0,0,0
TELCOM.BSE_IDX,01/07/2025,09:27:51,3161.08,0,0,0,0,0,0
TELCOM.BSE_IDX,01/07/2025,09:28:00,3161.23,0,0,0,0,0,0
TELCOM.BSE_IDX,01/07/2025,09:28:08,3161.08,0,0,0,0,0,0
TELCOM.BSE_IDX,01/07/2025,09:28:16,3160.58,0,0,0,0,0,0
TELCOM.BSE_IDX,01/07/2025,09:28:24,3160.46,0,0,0,0,0,0
TELCOM.BSE_IDX,01/07/2025,09:28:32,3158.47,0,0,0,0,0,0
TELCOM.BSE_IDX,01/07/2025,09:28:40,3158.45,0,0,0,0,0,0
TELCOM.BSE_IDX,01/07/2025,09:28:48,3159,0,0,0,0,0,0
TELCOM.BSE_IDX,01/07/2025,09:28:56,3158.22,0,0,0,0,0,0
TELCOM.BSE_IDX,01/07/2025,09:29:04,3158.72,0,0,0,0,0,0
TELCOM.BSE_IDX,01/07/2025,09:29:12,3158.94,0,0,0,0,0,0
TELCOM.BSE_IDX,01/07/2025,09:29:20,3158.59,0,0,0,0,0,0
TELCOM.BSE_IDX,01/07/2025,09:29:28,3158.47,0,0,0,0,0,0
TELCOM.BSE_IDX,01/07/2025,09:29:36,3157.44,0,0,0,0,0,0
TELCOM.BSE_IDX,01/07/2025,09:29:44,3159.01,0,0,0,0,0,0
TELCOM.BSE_IDX,01/07/2025,09:29:52,3158.8,0,0,0,0,0,0
TELCOM.BSE_IDX,01/07/2025,09:30:00,3158.19,0,0,0,0,0,0
TELCOM.BSE_IDX,01/07/2025,09:30:08,3158.99,0,0,0,0,0,0
TELCOM.BSE_IDX,01/07/2025,09:30:16,3159.72,0,0,0,0,0,0
TELCOM.BSE_IDX,01/07/2025,09:30:24,3160.7,0,0,0,0,0,0
TELCOM.BSE_IDX,01/07/2025,09:30:32,3159.68,0,0,0,0,0,0
TELCOM.BSE_IDX,01/07/2025,09:30:40,3159.52,0,0,0,0,0,0
TELCOM.BSE_IDX,01/07/2025,09:30:48,3159.19,0,0,0,0,0,0
TELCOM.BSE_IDX,01/07/2025,09:30:56,3159.23,0,0,0,0,0,0
TELCOM.BSE_IDX,01/07/2025,09:31:04,3159.3,0,0,0,0,0,0
TELCOM.BSE_IDX,01/07/2025,09:31:12,3157.61,0,0,0,0,0,0
TELCOM.BSE_IDX,01/07/2025,09:31:20,3157.39,0,0,0,0,0,0
TELCOM.BSE_IDX,01/07/2025,09:31:28,3157.42,0,0,0,0,0,0
TELCOM.BSE_IDX,01/07/2025,09:31:36,3156.92,0,0,0,0,0,0
TELCOM.BSE_IDX,01/07/2025,09:31:44,3157.21,0,0,0,0,0,0
TELCOM.BSE_IDX,01/07/2025,09:31:52,3157.54,0,0,0,0,0,0
TELCOM.BSE_IDX,01/07/2025,09:32:00,3158.17,0,0,0,0,0,0
TELCOM.BSE_IDX,01/07/2025,09:32:08,3158.12,0,0,0,0,0,0
TELCOM.BSE_IDX,01/07/2025,09:32:16,3157.5,0,0,0,0,0,0
TELCOM.BSE_IDX,01/07/2025,09:32:24,3157.44,0,0,0,0,0,0
TELCOM.BSE_IDX,01/07/2025,09:32:32,3157.55,0,0,0,0,0,0
TELCOM.BSE_IDX,01/07/2025,09:32:40,3157.99,0,0,0,0,0,0
TELCOM.BSE_IDX,01/07/2025,09:32:48,3157.53,0,0,0,0,0,0
TELCOM.BSE_IDX,01/07/2025,09:32:56,3156.9,0,0,0,0,0,0
TELCOM.BSE_IDX,01/07/2025,09:33:04,3158.22,0,0,0,0,0,0
TELCOM.BSE_IDX,01/07/2025,09:33:12,3158.18,0,0,0,0,0,0
TELCOM.BSE_IDX,01/07/2025,09:33:20,3158.63,0,0,0,0,0,0
TELCOM.BSE_IDX,01/07/2025,09:33:28,3158.57,0,0,0,0,0,0
TELCOM.BSE_IDX,01/07/2025,09:33:36,3158.55,0,0,0,0,0,0
TELCOM.BSE_IDX,01/07/2025,09:33:44,3157.91,0,0,0,0,0,0
TELCOM.BSE_IDX,01/07/2025,09:33:52,3159.54,0,0,0,0,0,0
TELCOM.BSE_IDX,01/07/2025,09:34:00,3159.06,0,0,0,0,0,0
TELCOM.BSE_IDX,01/07/2025,09:34:08,3158.65,0,0,0,0,0,0
TELCOM.BSE_IDX,01/07/2025,09:34:16,3158.14,0,0,0,0,0,0
TELCOM.BSE_IDX,01/07/2025,09:34:24,3158.35,0,0,0,0,0,0
TELCOM.BSE_IDX,01/07/2025,09:34:32,3157.87,0,0,0,0,0,0
TELCOM.BSE_IDX,01/07/2025,09:34:40,3158.03,0,0,0,0,0,0
TELCOM.BSE_IDX,01/07/2025,09:34:48,3157.71,0,0,0,0,0,0
TELCOM.BSE_IDX,01/07/2025,09:34:56,3157.29,0,0,0,0,0,0
TELCOM.BSE_IDX,01/07/2025,09:35:05,3155.68,0,0,0,0,0,0
TELCOM.BSE_IDX,01/07/2025,09:35:12,3155.51,0,0,0,0,0,0
TELCOM.BSE_IDX,01/07/2025,09:35:20,3156.09,0,0,0,0,0,0
TELCOM.BSE_IDX,01/07/2025,09:35:28,3156.99,0,0,0,0,0,0
TELCOM.BSE_IDX,01/07/2025,09:35:36,3156.9,0,0,0,0,0,0
TELCOM.BSE_IDX,01/07/2025,09:35:44,3156.84,0,0,0,0,0,0
TELCOM.BSE_IDX,01/07/2025,09:35:52,3156.76,0,0,0,0,0,0
TELCOM.BSE_IDX,01/07/2025,09:36:00,3156.79,0,0,0,0,0,0
TELCOM.BSE_IDX,01/07/2025,09:36:08,3157.06,0,0,0,0,0,0
TELCOM.BSE_IDX,01/07/2025,09:36:16,3156.91,0,0,0,0,0,0
TELCOM.BSE_IDX,01/07/2025,09:36:24,3157.74,0,0,0,0,0,0
TELCOM.BSE_IDX,01/07/2025,09:36:33,3157.81,0,0,0,0,0,0
TELCOM.BSE_IDX,01/07/2025,09:36:40,3156.82,0,0,0,0,0,0
TELCOM.BSE_IDX,01/07/2025,09:36:48,3157.29,0,0,0,0,0,0
TELCOM.BSE_IDX,01/07/2025,09:36:56,3157.88,0,0,0,0,0,0
TELCOM.BSE_IDX,01/07/2025,09:37:04,3157.62,0,0,0,0,0,0
TELCOM.BSE_IDX,01/07/2025,09:37:12,3158.19,0,0,0,0,0,0
TELCOM.BSE_IDX,01/07/2025,09:37:20,3158.54,0,0,0,0,0,0
TELCOM.BSE_IDX,01/07/2025,09:37:28,3158.38,0,0,0,0,0,0
TELCOM.BSE_IDX,01/07/2025,09:37:36,3159.39,0,0,0,0,0,0
TELCOM.BSE_IDX,01/07/2025,09:37:44,3158.67,0,0,0,0,0,0
TELCOM.BSE_IDX,01/07/2025,09:37:52,3158.33,0,0,0,0,0,0
TELCOM.BSE_IDX,01/07/2025,09:38:00,3158.12,0,0,0,0,0,0
TELCOM.BSE_IDX,01/07/2025,09:38:08,3158.22,0,0,0,0,0,0
TELCOM.BSE_IDX,01/07/2025,09:38:16,3158.65,0,0,0,0,0,0
TELCOM.BSE_IDX,01/07/2025,09:38:24,3158.59,0,0,0,0,0,0
TELCOM.BSE_IDX,01/07/2025,09:38:32,3158.32,0,0,0,0,0,0
TELCOM.BSE_IDX,01/07/2025,09:38:40,3158.04,0,0,0,0,0,0
TELCOM.BSE_IDX,01/07/2025,09:38:48,3158.05,0,0,0,0,0,0
TELCOM.BSE_IDX,01/07/2025,09:38:56,3156.57,0,0,0,0,0,0
TELCOM.BSE_IDX,01/07/2025,09:39:04,3156.75,0,0,0,0,0,0
TELCOM.BSE_IDX,01/07/2025,09:39:12,3156.68,0,0,0,0,0,0
TELCOM.BSE_IDX,01/07/2025,09:39:20,3156.72,0,0,0,0,0,0
TELCOM.BSE_IDX,01/07/2025,09:39:28,3156.62,0,0,0,0,0,0
TELCOM.BSE_IDX,01/07/2025,09:39:36,3155.93,0,0,0,0,0,0
TELCOM.BSE_IDX,01/07/2025,09:39:44,3155.93,0,0,0,0,0,0
TELCOM.BSE_IDX,01/07/2025,09:39:52,3155.95,0,0,0,0,0,0
TELCOM.BSE_IDX,01/07/2025,09:40:00,3155.95,0,0,0,0,0,0
TELCOM.BSE_IDX,01/07/2025,09:40:08,3156.28,0,0,0,0,0,0
TELCOM.BSE_IDX,01/07/2025,09:40:16,3156.17,0,0,0,0,0,0
TELCOM.BSE_IDX,01/07/2025,09:40:24,3156.73,0,0,0,0,0,0
TELCOM.BSE_IDX,01/07/2025,09:40:32,3156.68,0,0,0,0,0,0
TELCOM.BSE_IDX,01/07/2025,09:40:40,3157.48,0,0,0,0,0,0
TELCOM.BSE_IDX,01/07/2025,09:40:48,3157.37,0,0,0,0,0,0
TELCOM.BSE_IDX,01/07/2025,09:40:56,3156,0,0,0,0,0,0
TELCOM.BSE_IDX,01/07/2025,09:41:04,3156.07,0,0,0,0,0,0
TELCOM.BSE_IDX,01/07/2025,09:41:12,3156.83,0,0,0,0,0,0
TELCOM.BSE_IDX,01/07/2025,09:41:20,3157.14,0,0,0,0,0,0
TELCOM.BSE_IDX,01/07/2025,09:41:28,3156.8,0,0,0,0,0,0
TELCOM.BSE_IDX,01/07/2025,09:41:36,3156.49,0,0,0,0,0,0
TELCOM.BSE_IDX,01/07/2025,09:41:44,3155.9,0,0,0,0,0,0
TELCOM.BSE_IDX,01/07/2025,09:41:52,3155.84,0,0,0,0,0,0
TELCOM.BSE_IDX,01/07/2025,09:42:00,3157.3,0,0,0,0,0,0
TELCOM.BSE_IDX,01/07/2025,09:42:08,3157.42,0,0,0,0,0,0
TELCOM.BSE_IDX,01/07/2025,09:42:16,3156.92,0,0,0,0,0,0
TELCOM.BSE_IDX,01/07/2025,09:42:24,3157.37,0,0,0,0,0,0
TELCOM.BSE_IDX,01/07/2025,09:42:32,3157.88,0,0,0,0,0,0
TELCOM.BSE_IDX,01/07/2025,09:42:40,3158.31,0,0,0,0,0,0
TELCOM.BSE_IDX,01/07/2025,09:42:48,3160.27,0,0,0,0,0,0
TELCOM.BSE_IDX,01/07/2025,09:42:56,3161.48,0,0,0,0,0,0
TELCOM.BSE_IDX,01/07/2025,09:43:04,3161.5,0,0,0,0,0,0
TELCOM.BSE_IDX,01/07/2025,09:43:12,3162.06,0,0,0,0,0,0
TELCOM.BSE_IDX,01/07/2025,09:43:20,3162.28,0,0,0,0,0,0
TELCOM.BSE_IDX,01/07/2025,09:43:28,3163.03,0,0,0,0,0,0
TELCOM.BSE_IDX,01/07/2025,09:43:36,3164.27,0,0,0,0,0,0
TELCOM.BSE_IDX,01/07/2025,09:43:44,3163.38,0,0,0,0,0,0
TELCOM.BSE_IDX,01/07/2025,09:43:53,3162.21,0,0,0,0,0,0
TELCOM.BSE_IDX,01/07/2025,09:44:00,3163.39,0,0,0,0,0,0
TELCOM.BSE_IDX,01/07/2025,09:44:08,3163.39,0,0,0,0,0,0
TELCOM.BSE_IDX,01/07/2025,09:44:16,3163.2,0,0,0,0,0,0
TELCOM.BSE_IDX,01/07/2025,09:44:24,3162.68,0,0,0,0,0,0
TELCOM.BSE_IDX,01/07/2025,09:44:32,3162.89,0,0,0,0,0,0
TELCOM.BSE_IDX,01/07/2025,09:44:40,3161.95,0,0,0,0,0,0
TELCOM.BSE_IDX,01/07/2025,09:44:48,3161.83,0,0,0,0,0,0
TELCOM.BSE_IDX,01/07/2025,09:44:56,3161.55,0,0,0,0,0,0
TELCOM.BSE_IDX,01/07/2025,09:45:05,3161.42,0,0,0,0,0,0
TELCOM.BSE_IDX,01/07/2025,09:45:12,3160.77,0,0,0,0,0,0
TELCOM.BSE_IDX,01/07/2025,09:45:20,3160.62,0,0,0,0,0,0
TELCOM.BSE_IDX,01/07/2025,09:45:28,3162.43,0,0,0,0,0,0
TELCOM.BSE_IDX,01/07/2025,09:45:36,3162.96,0,0,0,0,0,0
TELCOM.BSE_IDX,01/07/2025,09:45:44,3162.87,0,0,0,0,0,0
TELCOM.BSE_IDX,01/07/2025,09:45:52,3162.79,0,0,0,0,0,0
TELCOM.BSE_IDX,01/07/2025,09:46:01,3162.75,0,0,0,0,0,0
TELCOM.BSE_IDX,01/07/2025,09:46:08,3162.62,0,0,0,0,0,0
TELCOM.BSE_IDX,01/07/2025,09:46:16,3162.38,0,0,0,0,0,0
TELCOM.BSE_IDX,01/07/2025,09:46:24,3161.96,0,0,0,0,0,0
TELCOM.BSE_IDX,01/07/2025,09:46:32,3161.61,0,0,0,0,0,0
TELCOM.BSE_IDX,01/07/2025,09:46:40,3161,0,0,0,0,0,0
TELCOM.BSE_IDX,01/07/2025,09:46:48,3160.87,0,0,0,0,0,0
TELCOM.BSE_IDX,01/07/2025,09:46:56,3160.52,0,0,0,0,0,0
TELCOM.BSE_IDX,01/07/2025,09:47:04,3160.69,0,0,0,0,0,0
TELCOM.BSE_IDX,01/07/2025,09:47:12,3161.72,0,0,0,0,0,0
TELCOM.BSE_IDX,01/07/2025,09:47:20,3161.14,0,0,0,0,0,0
TELCOM.BSE_IDX,01/07/2025,09:47:28,3161.91,0,0,0,0,0,0
TELCOM.BSE_IDX,01/07/2025,09:47:36,3161.05,0,0,0,0,0,0
TELCOM.BSE_IDX,01/07/2025,09:47:44,3160.37,0,0,0,0,0,0
TELCOM.BSE_IDX,01/07/2025,09:47:52,3161.47,0,0,0,0,0,0
TELCOM.BSE_IDX,01/07/2025,09:48:00,3162.33,0,0,0,0,0,0
TELCOM.BSE_IDX,01/07/2025,09:48:08,3162.33,0,0,0,0,0,0
TELCOM.BSE_IDX,01/07/2025,09:48:16,3162.63,0,0,0,0,0,0
TELCOM.BSE_IDX,01/07/2025,09:48:24,3162.61,0,0,0,0,0,0
TELCOM.BSE_IDX,01/07/2025,09:48:32,3164.97,0,0,0,0,0,0
TELCOM.BSE_IDX,01/07/2025,09:48:40,3165.72,0,0,0,0,0,0
TELCOM.BSE_IDX,01/07/2025,09:48:48,3165.33,0,0,0,0,0,0
TELCOM.BSE_IDX,01/07/2025,09:48:56,3165.44,0,0,0,0,0,0
TELCOM.BSE_IDX,01/07/2025,09:49:04,3166.71,0,0,0,0,0,0
TELCOM.BSE_IDX,01/07/2025,09:49:12,3166.22,0,0,0,0,0,0
TELCOM.BSE_IDX,01/07/2025,09:49:20,3166.22,0,0,0,0,0,0
TELCOM.BSE_IDX,01/07/2025,09:49:28,3166.35,0,0,0,0,0,0
TELCOM.BSE_IDX,01/07/2025,09:49:36,3166.49,0,0,0,0,0,0
TELCOM.BSE_IDX,01/07/2025,09:49:44,3166.96,0,0,0,0,0,0
TELCOM.BSE_IDX,01/07/2025,09:49:52,3166.96,0,0,0,0,0,0
TELCOM.BSE_IDX,01/07/2025,09:50:00,3166.74,0,0,0,0,0,0
TELCOM.BSE_IDX,01/07/2025,09:50:08,3166.44,0,0,0,0,0,0
TELCOM.BSE_IDX,01/07/2025,09:50:16,3166.71,0,0,0,0,0,0
TELCOM.BSE_IDX,01/07/2025,09:50:24,3166.64,0,0,0,0,0,0
TELCOM.BSE_IDX,01/07/2025,09:50:32,3166.62,0,0,0,0,0,0
TELCOM.BSE_IDX,01/07/2025,09:50:40,3166.65,0,0,0,0,0,0
TELCOM.BSE_IDX,01/07/2025,09:50:48,3166.48,0,0,0,0,0,0
TELCOM.BSE_IDX,01/07/2025,09:50:57,3167.34,0,0,0,0,0,0
TELCOM.BSE_IDX,01/07/2025,09:51:04,3168.32,0,0,0,0,0,0
TELCOM.BSE_IDX,01/07/2025,09:51:12,3168.29,0,0,0,0,0,0
TELCOM.BSE_IDX,01/07/2025,09:51:20,3168.29,0,0,0,0,0,0
TELCOM.BSE_IDX,01/07/2025,09:51:28,3167.81,0,0,0,0,0,0
TELCOM.BSE_IDX,01/07/2025,09:51:37,3167.35,0,0,0,0,0,0
TELCOM.BSE_IDX,01/07/2025,09:51:44,3168.09,0,0,0,0,0,0
TELCOM.BSE_IDX,01/07/2025,09:51:52,3166.15,0,0,0,0,0,0
TELCOM.BSE_IDX,01/07/2025,09:52:01,3166.43,0,0,0,0,0,0
TELCOM.BSE_IDX,01/07/2025,09:52:08,3166.85,0,0,0,0,0,0
TELCOM.BSE_IDX,01/07/2025,09:52:17,3165.19,0,0,0,0,0,0
TELCOM.BSE_IDX,01/07/2025,09:52:24,3164.91,0,0,0,0,0,0
TELCOM.BSE_IDX,01/07/2025,09:52:32,3164.12,0,0,0,0,0,0
TELCOM.BSE_IDX,01/07/2025,09:52:40,3163.93,0,0,0,0,0,0
TELCOM.BSE_IDX,01/07/2025,09:52:48,3164.16,0,0,0,0,0,0
TELCOM.BSE_IDX,01/07/2025,09:52:57,3163.86,0,0,0,0,0,0
TELCOM.BSE_IDX,01/07/2025,09:53:04,3164.44,0,0,0,0,0,0
TELCOM.BSE_IDX,01/07/2025,09:53:13,3164.1,0,0,0,0,0,0
TELCOM.BSE_IDX,01/07/2025,09:53:20,3165.57,0,0,0,0,0,0
TELCOM.BSE_IDX,01/07/2025,09:53:28,3165.96,0,0,0,0,0,0
TELCOM.BSE_IDX,01/07/2025,09:53:36,3165.23,0,0,0,0,0,0
TELCOM.BSE_IDX,01/07/2025,09:53:44,3165.65,0,0,0,0,0,0
TELCOM.BSE_IDX,01/07/2025,09:53:52,3165.49,0,0,0,0,0,0
TELCOM.BSE_IDX,01/07/2025,09:54:00,3165.85,0,0,0,0,0,0
TELCOM.BSE_IDX,01/07/2025,09:54:08,3165.42,0,0,0,0,0,0
TELCOM.BSE_IDX,01/07/2025,09:54:16,3165.67,0,0,0,0,0,0
TELCOM.BSE_IDX,01/07/2025,09:54:24,3165.2,0,0,0,0,0,0
TELCOM.BSE_IDX,01/07/2025,09:54:32,3165.13,0,0,0,0,0,0
TELCOM.BSE_IDX,01/07/2025,09:54:40,3164.76,0,0,0,0,0,0
TELCOM.BSE_IDX,01/07/2025,09:54:48,3164.43,0,0,0,0,0,0
TELCOM.BSE_IDX,01/07/2025,09:54:56,3164.47,0,0,0,0,0,0
TELCOM.BSE_IDX,01/07/2025,09:55:04,3163.57,0,0,0,0,0,0
TELCOM.BSE_IDX,01/07/2025,09:55:12,3164.1,0,0,0,0,0,0
TELCOM.BSE_IDX,01/07/2025,09:55:20,3163.47,0,0,0,0,0,0
TELCOM.BSE_IDX,01/07/2025,09:55:28,3163.34,0,0,0,0,0,0
TELCOM.BSE_IDX,01/07/2025,09:55:36,3163.22,0,0,0,0,0,0
TELCOM.BSE_IDX,01/07/2025,09:55:44,3162.9,0,0,0,0,0,0
TELCOM.BSE_IDX,01/07/2025,09:55:52,3162.4,0,0,0,0,0,0
TELCOM.BSE_IDX,01/07/2025,09:56:00,3161.6,0,0,0,0,0,0
TELCOM.BSE_IDX,01/07/2025,09:56:08,3161.99,0,0,0,0,0,0
TELCOM.BSE_IDX,01/07/2025,09:56:16,3161.81,0,0,0,0,0,0
TELCOM.BSE_IDX,01/07/2025,09:56:25,3161.77,0,0,0,0,0,0
TELCOM.BSE_IDX,01/07/2025,09:56:32,3161.47,0,0,0,0,0,0
TELCOM.BSE_IDX,01/07/2025,09:56:41,3161.85,0,0,0,0,0,0
TELCOM.BSE_IDX,01/07/2025,09:56:48,3162.25,0,0,0,0,0,0
TELCOM.BSE_IDX,01/07/2025,09:56:57,3163.54,0,0,0,0,0,0
TELCOM.BSE_IDX,01/07/2025,09:57:04,3163.92,0,0,0,0,0,0
TELCOM.BSE_IDX,01/07/2025,09:57:12,3164.22,0,0,0,0,0,0
TELCOM.BSE_IDX,01/07/2025,09:57:20,3164.43,0,0,0,0,0,0
TELCOM.BSE_IDX,01/07/2025,09:57:28,3165.73,0,0,0,0,0,0
TELCOM.BSE_IDX,01/07/2025,09:57:36,3165.71,0,0,0,0,0,0
TELCOM.BSE_IDX,01/07/2025,09:57:44,3165.02,0,0,0,0,0,0
TELCOM.BSE_IDX,01/07/2025,09:57:52,3165.12,0,0,0,0,0,0
TELCOM.BSE_IDX,01/07/2025,09:58:00,3165.8,0,0,0,0,0,0
TELCOM.BSE_IDX,01/07/2025,09:58:08,3165.58,0,0,0,0,0,0
TELCOM.BSE_IDX,01/07/2025,09:58:16,3165.58,0,0,0,0,0,0
TELCOM.BSE_IDX,01/07/2025,09:58:24,3166.16,0,0,0,0,0,0
TELCOM.BSE_IDX,01/07/2025,09:58:32,3166.43,0,0,0,0,0,0
TELCOM.BSE_IDX,01/07/2025,09:58:40,3166.83,0,0,0,0,0,0
TELCOM.BSE_IDX,01/07/2025,09:58:48,3167.26,0,0,0,0,0,0
TELCOM.BSE_IDX,01/07/2025,09:58:56,3167.64,0,0,0,0,0,0
TELCOM.BSE_IDX,01/07/2025,09:59:05,3167.68,0,0,0,0,0,0
TELCOM.BSE_IDX,01/07/2025,09:59:12,3167.29,0,0,0,0,0,0
TELCOM.BSE_IDX,01/07/2025,09:59:20,3167.13,0,0,0,0,0,0
TELCOM.BSE_IDX,01/07/2025,09:59:28,3167.52,0,0,0,0,0,0
TELCOM.BSE_IDX,01/07/2025,09:59:36,3167.85,0,0,0,0,0,0
TELCOM.BSE_IDX,01/07/2025,09:59:45,3168.01,0,0,0,0,0,0
TELCOM.BSE_IDX,01/07/2025,09:59:52,3167.9,0,0,0,0,0,0
TELCOM.BSE_IDX,01/07/2025,10:00:00,3167.98,0,0,0,0,0,0
TELCOM.BSE_IDX,01/07/2025,10:00:08,3169.11,0,0,0,0,0,0
TELCOM.BSE_IDX,01/07/2025,10:00:16,3168.04,0,0,0,0,0,0
TELCOM.BSE_IDX,01/07/2025,10:00:24,3166.99,0,0,0,0,0,0
TELCOM.BSE_IDX,01/07/2025,10:00:32,3167.54,0,0,0,0,0,0
TELCOM.BSE_IDX,01/07/2025,10:00:40,3167.28,0,0,0,0,0,0
TELCOM.BSE_IDX,01/07/2025,10:00:48,3166.96,0,0,0,0,0,0
TELCOM.BSE_IDX,01/07/2025,10:00:56,3167.27,0,0,0,0,0,0
TELCOM.BSE_IDX,01/07/2025,10:01:04,3166.62,0,0,0,0,0,0
TELCOM.BSE_IDX,01/07/2025,10:01:12,3167.12,0,0,0,0,0,0
TELCOM.BSE_IDX,01/07/2025,10:01:21,3167.42,0,0,0,0,0,0
TELCOM.BSE_IDX,01/07/2025,10:01:28,3167.42,0,0,0,0,0,0
TELCOM.BSE_IDX,01/07/2025,10:01:36,3167.29,0,0,0,0,0,0
TELCOM.BSE_IDX,01/07/2025,10:01:44,3167.51,0,0,0,0,0,0
TELCOM.BSE_IDX,01/07/2025,10:01:52,3167.53,0,0,0,0,0,0
TELCOM.BSE_IDX,01/07/2025,10:02:00,3167.33,0,0,0,0,0,0
TELCOM.BSE_IDX,01/07/2025,10:02:08,3167.69,0,0,0,0,0,0
TELCOM.BSE_IDX,01/07/2025,10:02:17,3167.04,0,0,0,0,0,0
TELCOM.BSE_IDX,01/07/2025,10:02:24,3167.62,0,0,0,0,0,0
TELCOM.BSE_IDX,01/07/2025,10:02:32,3167.54,0,0,0,0,0,0
TELCOM.BSE_IDX,01/07/2025,10:02:41,3168.73,0,0,0,0,0,0
TELCOM.BSE_IDX,01/07/2025,10:02:49,3167.82,0,0,0,0,0,0
TELCOM.BSE_IDX,01/07/2025,10:02:56,3167.21,0,0,0,0,0,0
TELCOM.BSE_IDX,01/07/2025,10:03:04,3167.07,0,0,0,0,0,0
TELCOM.BSE_IDX,01/07/2025,10:03:13,3167.12,0,0,0,0,0,0
TELCOM.BSE_IDX,01/07/2025,10:03:20,3166.06,0,0,0,0,0,0
TELCOM.BSE_IDX,01/07/2025,10:03:29,3165.63,0,0,0,0,0,0
TELCOM.BSE_IDX,01/07/2025,10:03:37,3164.94,0,0,0,0,0,0
TELCOM.BSE_IDX,01/07/2025,10:03:45,3165.08,0,0,0,0,0,0
TELCOM.BSE_IDX,01/07/2025,10:03:53,3164.63,0,0,0,0,0,0
TELCOM.BSE_IDX,01/07/2025,10:04:01,3165.08,0,0,0,0,0,0
TELCOM.BSE_IDX,01/07/2025,10:04:09,3165.14,0,0,0,0,0,0
TELCOM.BSE_IDX,01/07/2025,10:04:17,3165.36,0,0,0,0,0,0
TELCOM.BSE_IDX,01/07/2025,10:04:25,3165.51,0,0,0,0,0,0
TELCOM.BSE_IDX,01/07/2025,10:04:33,3166.53,0,0,0,0,0,0
TELCOM.BSE_IDX,01/07/2025,10:04:41,3166.52,0,0,0,0,0,0
TELCOM.BSE_IDX,01/07/2025,10:04:50,3166.71,0,0,0,0,0,0
TELCOM.BSE_IDX,01/07/2025,10:04:57,3166.83,0,0,0,0,0,0
TELCOM.BSE_IDX,01/07/2025,10:05:05,3166.73,0,0,0,0,0,0
TELCOM.BSE_IDX,01/07/2025,10:05:14,3166.12,0,0,0,0,0,0
TELCOM.BSE_IDX,01/07/2025,10:05:21,3166.32,0,0,0,0,0,0
TELCOM.BSE_IDX,01/07/2025,10:05:29,3165.18,0,0,0,0,0,0
TELCOM.BSE_IDX,01/07/2025,10:05:37,3165.18,0,0,0,0,0,0
TELCOM.BSE_IDX,01/07/2025,10:05:45,3164.83,0,0,0,0,0,0
TELCOM.BSE_IDX,01/07/2025,10:05:53,3164.65,0,0,0,0,0,0
TELCOM.BSE_IDX,01/07/2025,10:06:01,3164.87,0,0,0,0,0,0
TELCOM.BSE_IDX,01/07/2025,10:06:09,3164.8,0,0,0,0,0,0
TELCOM.BSE_IDX,01/07/2025,10:06:17,3164.5,0,0,0,0,0,0
TELCOM.BSE_IDX,01/07/2025,10:06:25,3164.28,0,0,0,0,0,0
TELCOM.BSE_IDX,01/07/2025,10:06:33,3164.95,0,0,0,0,0,0
TELCOM.BSE_IDX,01/07/2025,10:06:41,3164.97,0,0,0,0,0,0
TELCOM.BSE_IDX,01/07/2025,10:06:49,3164.96,0,0,0,0,0,0
TELCOM.BSE_IDX,01/07/2025,10:06:57,3166.43,0,0,0,0,0,0
TELCOM.BSE_IDX,01/07/2025,10:07:05,3165.94,0,0,0,0,0,0
TELCOM.BSE_IDX,01/07/2025,10:07:13,3166.07,0,0,0,0,0,0
TELCOM.BSE_IDX,01/07/2025,10:07:21,3166.91,0,0,0,0,0,0
TELCOM.BSE_IDX,01/07/2025,10:07:29,3166.9,0,0,0,0,0,0
TELCOM.BSE_IDX,01/07/2025,10:07:37,3166.88,0,0,0,0,0,0
TELCOM.BSE_IDX,01/07/2025,10:07:45,3167.4,0,0,0,0,0,0
TELCOM.BSE_IDX,01/07/2025,10:07:53,3167.85,0,0,0,0,0,0
TELCOM.BSE_IDX,01/07/2025,10:08:01,3167.96,0,0,0,0,0,0
TELCOM.BSE_IDX,01/07/2025,10:08:09,3168.13,0,0,0,0,0,0
TELCOM.BSE_IDX,01/07/2025,10:08:17,3168.14,0,0,0,0,0,0
TELCOM.BSE_IDX,01/07/2025,10:08:25,3167.29,0,0,0,0,0,0
TELCOM.BSE_IDX,01/07/2025,10:08:33,3167.29,0,0,0,0,0,0
TELCOM.BSE_IDX,01/07/2025,10:08:41,3166.79,0,0,0,0,0,0
TELCOM.BSE_IDX,01/07/2025,10:08:49,3165.56,0,0,0,0,0,0
TELCOM.BSE_IDX,01/07/2025,10:08:57,3165.5,0,0,0,0,0,0
TELCOM.BSE_IDX,01/07/2025,10:09:05,3165.46,0,0,0,0,0,0
TELCOM.BSE_IDX,01/07/2025,10:09:13,3165.01,0,0,0,0,0,0
TELCOM.BSE_IDX,01/07/2025,10:09:21,3164.84,0,0,0,0,0,0
TELCOM.BSE_IDX,01/07/2025,10:09:29,3164.71,0,0,0,0,0,0
TELCOM.BSE_IDX,01/07/2025,10:09:37,3164.71,0,0,0,0,0,0
TELCOM.BSE_IDX,01/07/2025,10:09:45,3164.55,0,0,0,0,0,0
TELCOM.BSE_IDX,01/07/2025,10:09:53,3164.73,0,0,0,0,0,0
TELCOM.BSE_IDX,01/07/2025,10:10:01,3165.26,0,0,0,0,0,0
TELCOM.BSE_IDX,01/07/2025,10:10:09,3165.16,0,0,0,0,0,0
TELCOM.BSE_IDX,01/07/2025,10:10:17,3165.18,0,0,0,0,0,0
TELCOM.BSE_IDX,01/07/2025,10:10:25,3165.14,0,0,0,0,0,0
TELCOM.BSE_IDX,01/07/2025,10:10:33,3165.94,0,0,0,0,0,0
TELCOM.BSE_IDX,01/07/2025,10:10:41,3165.64,0,0,0,0,0,0
TELCOM.BSE_IDX,01/07/2025,10:10:49,3165.53,0,0,0,0,0,0
TELCOM.BSE_IDX,01/07/2025,10:10:57,3166,0,0,0,0,0,0
TELCOM.BSE_IDX,01/07/2025,10:11:05,3165.23,0,0,0,0,0,0
TELCOM.BSE_IDX,01/07/2025,10:11:13,3165.52,0,0,0,0,0,0
TELCOM.BSE_IDX,01/07/2025,10:11:22,3164.71,0,0,0,0,0,0
TELCOM.BSE_IDX,01/07/2025,10:11:29,3164.13,0,0,0,0,0,0
TELCOM.BSE_IDX,01/07/2025,10:11:37,3163.91,0,0,0,0,0,0
TELCOM.BSE_IDX,01/07/2025,10:11:45,3163.75,0,0,0,0,0,0
TELCOM.BSE_IDX,01/07/2025,10:11:53,3163.45,0,0,0,0,0,0
TELCOM.BSE_IDX,01/07/2025,10:12:01,3163.52,0,0,0,0,0,0
TELCOM.BSE_IDX,01/07/2025,10:12:09,3163.44,0,0,0,0,0,0
TELCOM.BSE_IDX,01/07/2025,10:12:17,3163.32,0,0,0,0,0,0
TELCOM.BSE_IDX,01/07/2025,10:12:25,3161.81,0,0,0,0,0,0
TELCOM.BSE_IDX,01/07/2025,10:12:33,3161.04,0,0,0,0,0,0
TELCOM.BSE_IDX,01/07/2025,10:12:41,3161.08,0,0,0,0,0,0
TELCOM.BSE_IDX,01/07/2025,10:12:49,3161.25,0,0,0,0,0,0
TELCOM.BSE_IDX,01/07/2025,10:12:57,3159.99,0,0,0,0,0,0
TELCOM.BSE_IDX,01/07/2025,10:13:05,3159.84,0,0,0,0,0,0
TELCOM.BSE_IDX,01/07/2025,10:13:13,3160.87,0,0,0,0,0,0
TELCOM.BSE_IDX,01/07/2025,10:13:21,3161.37,0,0,0,0,0,0
TELCOM.BSE_IDX,01/07/2025,10:13:29,3161.57,0,0,0,0,0,0
TELCOM.BSE_IDX,01/07/2025,10:13:37,3162.14,0,0,0,0,0,0
TELCOM.BSE_IDX,01/07/2025,10:13:45,3162.11,0,0,0,0,0,0
TELCOM.BSE_IDX,01/07/2025,10:13:53,3161.36,0,0,0,0,0,0
TELCOM.BSE_IDX,01/07/2025,10:14:01,3160.49,0,0,0,0,0,0
TELCOM.BSE_IDX,01/07/2025,10:14:09,3158.87,0,0,0,0,0,0
TELCOM.BSE_IDX,01/07/2025,10:14:17,3159.08,0,0,0,0,0,0
TELCOM.BSE_IDX,01/07/2025,10:14:25,3159.39,0,0,0,0,0,0
TELCOM.BSE_IDX,01/07/2025,10:14:33,3160.05,0,0,0,0,0,0
TELCOM.BSE_IDX,01/07/2025,10:14:41,3160.34,0,0,0,0,0,0
TELCOM.BSE_IDX,01/07/2025,10:14:49,3160.68,0,0,0,0,0,0
TELCOM.BSE_IDX,01/07/2025,10:14:57,3160.6,0,0,0,0,0,0
TELCOM.BSE_IDX,01/07/2025,10:15:05,3160.67,0,0,0,0,0,0
TELCOM.BSE_IDX,01/07/2025,10:15:13,3160.29,0,0,0,0,0,0
TELCOM.BSE_IDX,01/07/2025,10:15:21,3159.36,0,0,0,0,0,0
TELCOM.BSE_IDX,01/07/2025,10:15:29,3159.39,0,0,0,0,0,0
TELCOM.BSE_IDX,01/07/2025,10:15:37,3159.89,0,0,0,0,0,0
TELCOM.BSE_IDX,01/07/2025,10:15:45,3160.11,0,0,0,0,0,0
TELCOM.BSE_IDX,01/07/2025,10:15:53,3160.15,0,0,0,0,0,0
TELCOM.BSE_IDX,01/07/2025,10:16:01,3160.5,0,0,0,0,0,0
TELCOM.BSE_IDX,01/07/2025,10:16:09,3160.51,0,0,0,0,0,0
TELCOM.BSE_IDX,01/07/2025,10:16:17,3160.55,0,0,0,0,0,0
TELCOM.BSE_IDX,01/07/2025,10:16:25,3160.75,0,0,0,0,0,0
TELCOM.BSE_IDX,01/07/2025,10:16:33,3161.68,0,0,0,0,0,0
TELCOM.BSE_IDX,01/07/2025,10:16:41,3162.23,0,0,0,0,0,0
TELCOM.BSE_IDX,01/07/2025,10:16:49,3162.42,0,0,0,0,0,0
TELCOM.BSE_IDX,01/07/2025,10:16:57,3161.7,0,0,0,0,0,0
TELCOM.BSE_IDX,01/07/2025,10:17:05,3161.94,0,0,0,0,0,0
TELCOM.BSE_IDX,01/07/2025,10:17:13,3162.55,0,0,0,0,0,0
TELCOM.BSE_IDX,01/07/2025,10:17:21,3161.97,0,0,0,0,0,0
TELCOM.BSE_IDX,01/07/2025,10:17:29,3162.48,0,0,0,0,0,0
TELCOM.BSE_IDX,01/07/2025,10:17:37,3162.03,0,0,0,0,0,0
TELCOM.BSE_IDX,01/07/2025,10:17:45,3162.65,0,0,0,0,0,0
TELCOM.BSE_IDX,01/07/2025,10:17:53,3163.15,0,0,0,0,0,0
TELCOM.BSE_IDX,01/07/2025,10:18:01,3162.46,0,0,0,0,0,0
TELCOM.BSE_IDX,01/07/2025,10:18:09,3162.99,0,0,0,0,0,0
TELCOM.BSE_IDX,01/07/2025,10:18:17,3162.81,0,0,0,0,0,0
TELCOM.BSE_IDX,01/07/2025,10:18:25,3162.8,0,0,0,0,0,0
TELCOM.BSE_IDX,01/07/2025,10:18:33,3163.06,0,0,0,0,0,0
TELCOM.BSE_IDX,01/07/2025,10:18:41,3163.25,0,0,0,0,0,0
TELCOM.BSE_IDX,01/07/2025,10:18:49,3163.25,0,0,0,0,0,0
TELCOM.BSE_IDX,01/07/2025,10:18:57,3163.32,0,0,0,0,0,0
TELCOM.BSE_IDX,01/07/2025,10:19:05,3162.23,0,0,0,0,0,0
TELCOM.BSE_IDX,01/07/2025,10:19:13,3161.91,0,0,0,0,0,0
TELCOM.BSE_IDX,01/07/2025,10:19:21,3162.58,0,0,0,0,0,0
TELCOM.BSE_IDX,01/07/2025,10:19:29,3162.69,0,0,0,0,0,0
TELCOM.BSE_IDX,01/07/2025,10:19:37,3161.86,0,0,0,0,0,0
TELCOM.BSE_IDX,01/07/2025,10:19:45,3161.75,0,0,0,0,0,0
TELCOM.BSE_IDX,01/07/2025,10:19:53,3161.53,0,0,0,0,0,0
TELCOM.BSE_IDX,01/07/2025,10:20:01,3161.45,0,0,0,0,0,0
TELCOM.BSE_IDX,01/07/2025,10:20:09,3161.56,0,0,0,0,0,0
TELCOM.BSE_IDX,01/07/2025,10:20:17,3162.65,0,0,0,0,0,0
TELCOM.BSE_IDX,01/07/2025,10:20:25,3162.81,0,0,0,0,0,0
TELCOM.BSE_IDX,01/07/2025,10:20:33,3162.74,0,0,0,0,0,0
TELCOM.BSE_IDX,01/07/2025,10:20:41,3163.12,0,0,0,0,0,0
TELCOM.BSE_IDX,01/07/2025,10:20:49,3162.18,0,0,0,0,0,0
TELCOM.BSE_IDX,01/07/2025,10:20:57,3162.44,0,0,0,0,0,0
TELCOM.BSE_IDX,01/07/2025,10:21:05,3160.39,0,0,0,0,0,0
TELCOM.BSE_IDX,01/07/2025,10:21:13,3160.5,0,0,0,0,0,0
TELCOM.BSE_IDX,01/07/2025,10:21:21,3160.83,0,0,0,0,0,0
TELCOM.BSE_IDX,01/07/2025,10:21:29,3160.87,0,0,0,0,0,0
TELCOM.BSE_IDX,01/07/2025,10:21:37,3161.36,0,0,0,0,0,0
TELCOM.BSE_IDX,01/07/2025,10:21:45,3161.59,0,0,0,0,0,0
TELCOM.BSE_IDX,01/07/2025,10:21:53,3160.99,0,0,0,0,0,0
TELCOM.BSE_IDX,01/07/2025,10:22:01,3161.12,0,0,0,0,0,0
TELCOM.BSE_IDX,01/07/2025,10:22:09,3161.12,0,0,0,0,0,0
TELCOM.BSE_IDX,01/07/2025,10:22:17,3161.16,0,0,0,0,0,0
TELCOM.BSE_IDX,01/07/2025,10:22:25,3161.03,0,0,0,0,0,0
TELCOM.BSE_IDX,01/07/2025,10:22:33,3160.07,0,0,0,0,0,0
TELCOM.BSE_IDX,01/07/2025,10:22:41,3160.24,0,0,0,0,0,0
TELCOM.BSE_IDX,01/07/2025,10:22:49,3159.71,0,0,0,0,0,0
TELCOM.BSE_IDX,01/07/2025,10:22:57,3159.53,0,0,0,0,0,0
TELCOM.BSE_IDX,01/07/2025,10:23:05,3158.18,0,0,0,0,0,0
TELCOM.BSE_IDX,01/07/2025,10:23:13,3157.99,0,0,0,0,0,0
TELCOM.BSE_IDX,01/07/2025,10:23:21,3157.89,0,0,0,0,0,0
TELCOM.BSE_IDX,01/07/2025,10:23:29,3157.88,0,0,0,0,0,0
TELCOM.BSE_IDX,01/07/2025,10:23:37,3157.74,0,0,0,0,0,0
TELCOM.BSE_IDX,01/07/2025,10:23:45,3157.61,0,0,0,0,0,0
TELCOM.BSE_IDX,01/07/2025,10:23:53,3157.24,0,0,0,0,0,0
TELCOM.BSE_IDX,01/07/2025,10:24:01,3157.37,0,0,0,0,0,0
TELCOM.BSE_IDX,01/07/2025,10:24:09,3157.42,0,0,0,0,0,0
TELCOM.BSE_IDX,01/07/2025,10:24:17,3158.02,0,0,0,0,0,0
TELCOM.BSE_IDX,01/07/2025,10:24:25,3158.13,0,0,0,0,0,0
TELCOM.BSE_IDX,01/07/2025,10:24:33,3158.26,0,0,0,0,0,0
TELCOM.BSE_IDX,01/07/2025,10:24:41,3159.05,0,0,0,0,0,0
TELCOM.BSE_IDX,01/07/2025,10:24:49,3158.92,0,0,0,0,0,0
TELCOM.BSE_IDX,01/07/2025,10:24:57,3158.92,0,0,0,0,0,0
TELCOM.BSE_IDX,01/07/2025,10:25:05,3158.31,0,0,0,0,0,0
TELCOM.BSE_IDX,01/07/2025,10:25:13,3158.67,0,0,0,0,0,0
TELCOM.BSE_IDX,01/07/2025,10:25:21,3158.5,0,0,0,0,0,0
TELCOM.BSE_IDX,01/07/2025,10:25:29,3158.41,0,0,0,0,0,0
TELCOM.BSE_IDX,01/07/2025,10:25:37,3158.5,0,0,0,0,0,0
TELCOM.BSE_IDX,01/07/2025,10:25:45,3157.85,0,0,0,0,0,0
TELCOM.BSE_IDX,01/07/2025,10:25:53,3157.85,0,0,0,0,0,0
TELCOM.BSE_IDX,01/07/2025,10:26:01,3157.81,0,0,0,0,0,0
TELCOM.BSE_IDX,01/07/2025,10:26:09,3158.08,0,0,0,0,0,0
TELCOM.BSE_IDX,01/07/2025,10:26:17,3158.32,0,0,0,0,0,0
TELCOM.BSE_IDX,01/07/2025,10:26:25,3158.33,0,0,0,0,0,0
TELCOM.BSE_IDX,01/07/2025,10:26:33,3158.3,0,0,0,0,0,0
TELCOM.BSE_IDX,01/07/2025,10:26:41,3158.3,0,0,0,0,0,0
TELCOM.BSE_IDX,01/07/2025,10:26:49,3157.78,0,0,0,0,0,0
TELCOM.BSE_IDX,01/07/2025,10:26:57,3158.05,0,0,0,0,0,0
TELCOM.BSE_IDX,01/07/2025,10:27:05,3157.99,0,0,0,0,0,0
TELCOM.BSE_IDX,01/07/2025,10:27:13,3157.84,0,0,0,0,0,0
TELCOM.BSE_IDX,01/07/2025,10:27:21,3157.6,0,0,0,0,0,0
TELCOM.BSE_IDX,01/07/2025,10:27:29,3158.29,0,0,0,0,0,0
TELCOM.BSE_IDX,01/07/2025,10:27:37,3157.7,0,0,0,0,0,0
TELCOM.BSE_IDX,01/07/2025,10:27:45,3157.87,0,0,0,0,0,0
TELCOM.BSE_IDX,01/07/2025,10:27:53,3158.05,0,0,0,0,0,0
TELCOM.BSE_IDX,01/07/2025,10:28:01,3158.05,0,0,0,0,0,0
TELCOM.BSE_IDX,01/07/2025,10:28:09,3158.32,0,0,0,0,0,0
TELCOM.BSE_IDX,01/07/2025,10:28:17,3158.2,0,0,0,0,0,0
TELCOM.BSE_IDX,01/07/2025,10:28:25,3158.12,0,0,0,0,0,0
TELCOM.BSE_IDX,01/07/2025,10:28:33,3157.61,0,0,0,0,0,0
TELCOM.BSE_IDX,01/07/2025,10:28:41,3156.3,0,0,0,0,0,0
TELCOM.BSE_IDX,01/07/2025,10:28:49,3156.92,0,0,0,0,0,0
TELCOM.BSE_IDX,01/07/2025,10:28:57,3156.97,0,0,0,0,0,0
TELCOM.BSE_IDX,01/07/2025,10:29:05,3156.8,0,0,0,0,0,0
TELCOM.BSE_IDX,01/07/2025,10:29:13,3156.55,0,0,0,0,0,0
TELCOM.BSE_IDX,01/07/2025,10:29:21,3155.74,0,0,0,0,0,0
TELCOM.BSE_IDX,01/07/2025,10:29:29,3155.74,0,0,0,0,0,0
TELCOM.BSE_IDX,01/07/2025,10:29:37,3155.86,0,0,0,0,0,0
TELCOM.BSE_IDX,01/07/2025,10:29:46,3156.31,0,0,0,0,0,0
TELCOM.BSE_IDX,01/07/2025,10:29:54,3156.48,0,0,0,0,0,0
TELCOM.BSE_IDX,01/07/2025,10:30:01,3156.46,0,0,0,0,0,0
TELCOM.BSE_IDX,01/07/2025,10:30:09,3156.46,0,0,0,0,0,0
TELCOM.BSE_IDX,01/07/2025,10:30:17,3157.13,0,0,0,0,0,0
TELCOM.BSE_IDX,01/07/2025,10:30:25,3157.88,0,0,0,0,0,0
TELCOM.BSE_IDX,01/07/2025,10:30:33,3157.5,0,0,0,0,0,0
TELCOM.BSE_IDX,01/07/2025,10:30:41,3157.33,0,0,0,0,0,0
TELCOM.BSE_IDX,01/07/2025,10:30:49,3157.34,0,0,0,0,0,0
TELCOM.BSE_IDX,01/07/2025,10:30:57,3156.93,0,0,0,0,0,0
TELCOM.BSE_IDX,01/07/2025,10:31:05,3156.96,0,0,0,0,0,0
TELCOM.BSE_IDX,01/07/2025,10:31:13,3157,0,0,0,0,0,0
TELCOM.BSE_IDX,01/07/2025,10:31:21,3157,0,0,0,0,0,0
TELCOM.BSE_IDX,01/07/2025,10:31:29,3156.85,0,0,0,0,0,0
TELCOM.BSE_IDX,01/07/2025,10:31:37,3156.36,0,0,0,0,0,0
TELCOM.BSE_IDX,01/07/2025,10:31:45,3156.37,0,0,0,0,0,0
TELCOM.BSE_IDX,01/07/2025,10:31:53,3155.86,0,0,0,0,0,0
TELCOM.BSE_IDX,01/07/2025,10:32:01,3155.89,0,0,0,0,0,0
TELCOM.BSE_IDX,01/07/2025,10:32:09,3155.87,0,0,0,0,0,0
TELCOM.BSE_IDX,01/07/2025,10:32:17,3156.32,0,0,0,0,0,0
TELCOM.BSE_IDX,01/07/2025,10:32:25,3156.14,0,0,0,0,0,0
TELCOM.BSE_IDX,01/07/2025,10:32:33,3155.88,0,0,0,0,0,0
TELCOM.BSE_IDX,01/07/2025,10:32:41,3155.62,0,0,0,0,0,0
TELCOM.BSE_IDX,01/07/2025,10:32:49,3155.29,0,0,0,0,0,0
TELCOM.BSE_IDX,01/07/2025,10:32:57,3156.16,0,0,0,0,0,0
TELCOM.BSE_IDX,01/07/2025,10:33:05,3155.85,0,0,0,0,0,0
TELCOM.BSE_IDX,01/07/2025,10:33:13,3155.8,0,0,0,0,0,0
TELCOM.BSE_IDX,01/07/2025,10:33:21,3155.22,0,0,0,0,0,0
TELCOM.BSE_IDX,01/07/2025,10:33:29,3155.27,0,0,0,0,0,0
TELCOM.BSE_IDX,01/07/2025,10:33:37,3155.21,0,0,0,0,0,0
TELCOM.BSE_IDX,01/07/2025,10:33:45,3155.51,0,0,0,0,0,0
TELCOM.BSE_IDX,01/07/2025,10:33:53,3155.51,0,0,0,0,0,0
TELCOM.BSE_IDX,01/07/2025,10:34:01,3156.84,0,0,0,0,0,0
TELCOM.BSE_IDX,01/07/2025,10:34:09,3156.84,0,0,0,0,0,0
TELCOM.BSE_IDX,01/07/2025,10:34:17,3156.63,0,0,0,0,0,0
TELCOM.BSE_IDX,01/07/2025,10:34:25,3156.91,0,0,0,0,0,0
TELCOM.BSE_IDX,01/07/2025,10:34:33,3156.87,0,0,0,0,0,0
TELCOM.BSE_IDX,01/07/2025,10:34:41,3156.93,0,0,0,0,0,0
TELCOM.BSE_IDX,01/07/2025,10:34:49,3156.93,0,0,0,0,0,0
TELCOM.BSE_IDX,01/07/2025,10:34:58,3156.81,0,0,0,0,0,0
TELCOM.BSE_IDX,01/07/2025,10:35:06,3156.57,0,0,0,0,0,0
TELCOM.BSE_IDX,01/07/2025,10:35:14,3156.44,0,0,0,0,0,0
TELCOM.BSE_IDX,01/07/2025,10:35:21,3156.48,0,0,0,0,0,0
TELCOM.BSE_IDX,01/07/2025,10:35:29,3156.65,0,0,0,0,0,0
TELCOM.BSE_IDX,01/07/2025,10:35:37,3156.65,0,0,0,0,0,0
TELCOM.BSE_IDX,01/07/2025,10:35:45,3156.52,0,0,0,0,0,0
TELCOM.BSE_IDX,01/07/2025,10:35:54,3156.62,0,0,0,0,0,0
TELCOM.BSE_IDX,01/07/2025,10:36:02,3155.13,0,0,0,0,0,0
TELCOM.BSE_IDX,01/07/2025,10:36:10,3155.07,0,0,0,0,0,0
TELCOM.BSE_IDX,01/07/2025,10:36:17,3155.04,0,0,0,0,0,0
TELCOM.BSE_IDX,01/07/2025,10:36:25,3155.41,0,0,0,0,0,0
TELCOM.BSE_IDX,01/07/2025,10:36:34,3155.19,0,0,0,0,0,0
TELCOM.BSE_IDX,01/07/2025,10:36:42,3155.86,0,0,0,0,0,0
TELCOM.BSE_IDX,01/07/2025,10:36:49,3156.04,0,0,0,0,0,0
TELCOM.BSE_IDX,01/07/2025,10:36:58,3155.75,0,0,0,0,0,0
TELCOM.BSE_IDX,01/07/2025,10:37:05,3155.44,0,0,0,0,0,0
TELCOM.BSE_IDX,01/07/2025,10:37:14,3155.44,0,0,0,0,0,0
TELCOM.BSE_IDX,01/07/2025,10:37:21,3155.26,0,0,0,0,0,0
TELCOM.BSE_IDX,01/07/2025,10:37:30,3155.01,0,0,0,0,0,0
TELCOM.BSE_IDX,01/07/2025,10:37:38,3156.18,0,0,0,0,0,0
TELCOM.BSE_IDX,01/07/2025,10:37:46,3156.25,0,0,0,0,0,0
TELCOM.BSE_IDX,01/07/2025,10:37:54,3155.88,0,0,0,0,0,0
TELCOM.BSE_IDX,01/07/2025,10:38:02,3156.49,0,0,0,0,0,0
TELCOM.BSE_IDX,01/07/2025,10:38:10,3156.08,0,0,0,0,0,0
TELCOM.BSE_IDX,01/07/2025,10:38:18,3156.48,0,0,0,0,0,0
TELCOM.BSE_IDX,01/07/2025,10:38:26,3156.46,0,0,0,0,0,0
TELCOM.BSE_IDX,01/07/2025,10:38:34,3155.41,0,0,0,0,0,0
TELCOM.BSE_IDX,01/07/2025,10:38:42,3156.44,0,0,0,0,0,0
TELCOM.BSE_IDX,01/07/2025,10:38:50,3156.15,0,0,0,0,0,0
TELCOM.BSE_IDX,01/07/2025,10:38:58,3156.15,0,0,0,0,0,0
TELCOM.BSE_IDX,01/07/2025,10:39:06,3156.8,0,0,0,0,0,0
TELCOM.BSE_IDX,01/07/2025,10:39:14,3157.19,0,0,0,0,0,0
TELCOM.BSE_IDX,01/07/2025,10:39:22,3156.58,0,0,0,0,0,0
TELCOM.BSE_IDX,01/07/2025,10:39:30,3156.52,0,0,0,0,0,0
TELCOM.BSE_IDX,01/07/2025,10:39:38,3156.63,0,0,0,0,0,0
TELCOM.BSE_IDX,01/07/2025,10:39:46,3156.63,0,0,0,0,0,0
TELCOM.BSE_IDX,01/07/2025,10:39:54,3156.63,0,0,0,0,0,0
TELCOM.BSE_IDX,01/07/2025,10:40:02,3156.88,0,0,0,0,0,0
TELCOM.BSE_IDX,01/07/2025,10:40:10,3157.26,0,0,0,0,0,0
TELCOM.BSE_IDX,01/07/2025,10:40:18,3157.85,0,0,0,0,0,0
TELCOM.BSE_IDX,01/07/2025,10:40:26,3157.88,0,0,0,0,0,0
TELCOM.BSE_IDX,01/07/2025,10:40:34,3157.81,0,0,0,0,0,0
TELCOM.BSE_IDX,01/07/2025,10:40:42,3158.21,0,0,0,0,0,0
TELCOM.BSE_IDX,01/07/2025,10:40:50,3158.1,0,0,0,0,0,0
TELCOM.BSE_IDX,01/07/2025,10:40:58,3157.98,0,0,0,0,0,0
TELCOM.BSE_IDX,01/07/2025,10:41:06,3157.81,0,0,0,0,0,0
TELCOM.BSE_IDX,01/07/2025,10:41:14,3158.41,0,0,0,0,0,0
TELCOM.BSE_IDX,01/07/2025,10:41:22,3158.66,0,0,0,0,0,0
TELCOM.BSE_IDX,01/07/2025,10:41:30,3158.08,0,0,0,0,0,0
TELCOM.BSE_IDX,01/07/2025,10:41:38,3158.39,0,0,0,0,0,0
TELCOM.BSE_IDX,01/07/2025,10:41:46,3158.32,0,0,0,0,0,0
TELCOM.BSE_IDX,01/07/2025,10:41:54,3157.51,0,0,0,0,0,0
TELCOM.BSE_IDX,01/07/2025,10:42:02,3157.04,0,0,0,0,0,0
TELCOM.BSE_IDX,01/07/2025,10:42:10,3157.16,0,0,0,0,0,0
TELCOM.BSE_IDX,01/07/2025,10:42:18,3157.02,0,0,0,0,0,0
TELCOM.BSE_IDX,01/07/2025,10:42:26,3157.05,0,0,0,0,0,0
TELCOM.BSE_IDX,01/07/2025,10:42:34,3157.09,0,0,0,0,0,0
TELCOM.BSE_IDX,01/07/2025,10:42:42,3157.11,0,0,0,0,0,0
TELCOM.BSE_IDX,01/07/2025,10:42:50,3156.59,0,0,0,0,0,0
TELCOM.BSE_IDX,01/07/2025,10:42:58,3156.91,0,0,0,0,0,0
TELCOM.BSE_IDX,01/07/2025,10:43:06,3157.36,0,0,0,0,0,0
TELCOM.BSE_IDX,01/07/2025,10:43:14,3157.35,0,0,0,0,0,0
TELCOM.BSE_IDX,01/07/2025,10:43:22,3157.45,0,0,0,0,0,0
TELCOM.BSE_IDX,01/07/2025,10:43:30,3157.6,0,0,0,0,0,0
TELCOM.BSE_IDX,01/07/2025,10:43:38,3157.6,0,0,0,0,0,0
TELCOM.BSE_IDX,01/07/2025,10:43:46,3157.47,0,0,0,0,0,0
TELCOM.BSE_IDX,01/07/2025,10:43:54,3157.43,0,0,0,0,0,0
TELCOM.BSE_IDX,01/07/2025,10:44:02,3157.36,0,0,0,0,0,0
TELCOM.BSE_IDX,01/07/2025,10:44:10,3156.95,0,0,0,0,0,0
TELCOM.BSE_IDX,01/07/2025,10:44:18,3156.59,0,0,0,0,0,0
TELCOM.BSE_IDX,01/07/2025,10:44:26,3156.97,0,0,0,0,0,0
TELCOM.BSE_IDX,01/07/2025,10:44:34,3156.77,0,0,0,0,0,0
TELCOM.BSE_IDX,01/07/2025,10:44:42,3156.91,0,0,0,0,0,0
TELCOM.BSE_IDX,01/07/2025,10:44:50,3156.91,0,0,0,0,0,0
TELCOM.BSE_IDX,01/07/2025,10:44:58,3156.9,0,0,0,0,0,0
TELCOM.BSE_IDX,01/07/2025,10:45:07,3156.34,0,0,0,0,0,0
TELCOM.BSE_IDX,01/07/2025,10:45:14,3156.01,0,0,0,0,0,0
TELCOM.BSE_IDX,01/07/2025,10:45:22,3155.81,0,0,0,0,0,0
TELCOM.BSE_IDX,01/07/2025,10:45:30,3156,0,0,0,0,0,0
TELCOM.BSE_IDX,01/07/2025,10:45:38,3155.86,0,0,0,0,0,0
TELCOM.BSE_IDX,01/07/2025,10:45:46,3155.97,0,0,0,0,0,0
TELCOM.BSE_IDX,01/07/2025,10:45:54,3155.89,0,0,0,0,0,0
TELCOM.BSE_IDX,01/07/2025,10:46:02,3155.89,0,0,0,0,0,0
TELCOM.BSE_IDX,01/07/2025,10:46:10,3155.88,0,0,0,0,0,0
TELCOM.BSE_IDX,01/07/2025,10:46:18,3156.17,0,0,0,0,0,0
TELCOM.BSE_IDX,01/07/2025,10:46:26,3156.22,0,0,0,0,0,0
TELCOM.BSE_IDX,01/07/2025,10:46:34,3156.22,0,0,0,0,0,0
TELCOM.BSE_IDX,01/07/2025,10:46:42,3157.26,0,0,0,0,0,0
TELCOM.BSE_IDX,01/07/2025,10:46:50,3157.26,0,0,0,0,0,0
TELCOM.BSE_IDX,01/07/2025,10:46:58,3157.26,0,0,0,0,0,0
TELCOM.BSE_IDX,01/07/2025,10:47:06,3157.26,0,0,0,0,0,0
TELCOM.BSE_IDX,01/07/2025,10:47:14,3157.25,0,0,0,0,0,0
TELCOM.BSE_IDX,01/07/2025,10:47:22,3157.43,0,0,0,0,0,0
TELCOM.BSE_IDX,01/07/2025,10:47:30,3157.37,0,0,0,0,0,0
TELCOM.BSE_IDX,01/07/2025,10:47:38,3157.48,0,0,0,0,0,0
TELCOM.BSE_IDX,01/07/2025,10:47:46,3157.48,0,0,0,0,0,0
TELCOM.BSE_IDX,01/07/2025,10:47:54,3157.8,0,0,0,0,0,0
TELCOM.BSE_IDX,01/07/2025,10:48:02,3157.32,0,0,0,0,0,0
TELCOM.BSE_IDX,01/07/2025,10:48:10,3157.32,0,0,0,0,0,0
TELCOM.BSE_IDX,01/07/2025,10:48:18,3157.35,0,0,0,0,0,0
TELCOM.BSE_IDX,01/07/2025,10:48:26,3157.35,0,0,0,0,0,0
TELCOM.BSE_IDX,01/07/2025,10:48:34,3157.26,0,0,0,0,0,0
TELCOM.BSE_IDX,01/07/2025,10:48:42,3157.6,0,0,0,0,0,0
TELCOM.BSE_IDX,01/07/2025,10:48:50,3157.6,0,0,0,0,0,0
TELCOM.BSE_IDX,01/07/2025,10:48:58,3157.6,0,0,0,0,0,0
TELCOM.BSE_IDX,01/07/2025,10:49:06,3157.6,0,0,0,0,0,0
TELCOM.BSE_IDX,01/07/2025,10:49:14,3157.6,0,0,0,0,0,0
TELCOM.BSE_IDX,01/07/2025,10:49:22,3157.6,0,0,0,0,0,0
TELCOM.BSE_IDX,01/07/2025,10:49:30,3157.6,0,0,0,0,0,0
TELCOM.BSE_IDX,01/07/2025,10:49:38,3157.6,0,0,0,0,0,0
TELCOM.BSE_IDX,01/07/2025,10:49:46,3157.63,0,0,0,0,0,0
TELCOM.BSE_IDX,01/07/2025,10:49:54,3157.44,0,0,0,0,0,0
TELCOM.BSE_IDX,01/07/2025,10:50:02,3157.46,0,0,0,0,0,0
TELCOM.BSE_IDX,01/07/2025,10:50:10,3157.45,0,0,0,0,0,0
TELCOM.BSE_IDX,01/07/2025,10:50:18,3157.39,0,0,0,0,0,0
TELCOM.BSE_IDX,01/07/2025,10:50:26,3156.82,0,0,0,0,0,0
TELCOM.BSE_IDX,01/07/2025,10:50:34,3156.6,0,0,0,0,0,0
TELCOM.BSE_IDX,01/07/2025,10:50:42,3156.7,0,0,0,0,0,0
TELCOM.BSE_IDX,01/07/2025,10:50:50,3156.75,0,0,0,0,0,0
TELCOM.BSE_IDX,01/07/2025,10:50:58,3156.9,0,0,0,0,0,0
TELCOM.BSE_IDX,01/07/2025,10:51:06,3156.85,0,0,0,0,0,0
TELCOM.BSE_IDX,01/07/2025,10:51:14,3156.85,0,0,0,0,0,0
TELCOM.BSE_IDX,01/07/2025,10:51:22,3156.89,0,0,0,0,0,0
TELCOM.BSE_IDX,01/07/2025,10:51:30,3157.23,0,0,0,0,0,0
TELCOM.BSE_IDX,01/07/2025,10:51:38,3156.41,0,0,0,0,0,0
TELCOM.BSE_IDX,01/07/2025,10:51:46,3157,0,0,0,0,0,0
TELCOM.BSE_IDX,01/07/2025,10:51:54,3156.04,0,0,0,0,0,0
TELCOM.BSE_IDX,01/07/2025,10:52:02,3155.99,0,0,0,0,0,0
TELCOM.BSE_IDX,01/07/2025,10:52:10,3156.09,0,0,0,0,0,0
TELCOM.BSE_IDX,01/07/2025,10:52:18,3155.49,0,0,0,0,0,0
TELCOM.BSE_IDX,01/07/2025,10:52:26,3154.78,0,0,0,0,0,0
TELCOM.BSE_IDX,01/07/2025,10:52:34,3154.37,0,0,0,0,0,0
TELCOM.BSE_IDX,01/07/2025,10:52:43,3154.36,0,0,0,0,0,0
TELCOM.BSE_IDX,01/07/2025,10:52:50,3154.94,0,0,0,0,0,0
TELCOM.BSE_IDX,01/07/2025,10:52:58,3153.69,0,0,0,0,0,0
TELCOM.BSE_IDX,01/07/2025,10:53:06,3153.75,0,0,0,0,0,0
TELCOM.BSE_IDX,01/07/2025,10:53:14,3153.8,0,0,0,0,0,0
TELCOM.BSE_IDX,01/07/2025,10:53:22,3153.81,0,0,0,0,0,0
TELCOM.BSE_IDX,01/07/2025,10:53:30,3154.51,0,0,0,0,0,0
TELCOM.BSE_IDX,01/07/2025,10:53:38,3154.51,0,0,0,0,0,0
TELCOM.BSE_IDX,01/07/2025,10:53:46,3154.4,0,0,0,0,0,0
TELCOM.BSE_IDX,01/07/2025,10:53:54,3156.12,0,0,0,0,0,0
TELCOM.BSE_IDX,01/07/2025,10:54:02,3155.95,0,0,0,0,0,0
TELCOM.BSE_IDX,01/07/2025,10:54:10,3155.95,0,0,0,0,0,0
TELCOM.BSE_IDX,01/07/2025,10:54:18,3155.63,0,0,0,0,0,0
TELCOM.BSE_IDX,01/07/2025,10:54:26,3155.12,0,0,0,0,0,0
TELCOM.BSE_IDX,01/07/2025,10:54:34,3155.18,0,0,0,0,0,0
TELCOM.BSE_IDX,01/07/2025,10:54:42,3155.74,0,0,0,0,0,0
TELCOM.BSE_IDX,01/07/2025,10:54:51,3155.85,0,0,0,0,0,0
TELCOM.BSE_IDX,01/07/2025,10:54:58,3157.52,0,0,0,0,0,0
TELCOM.BSE_IDX,01/07/2025,10:55:06,3157.63,0,0,0,0,0,0
TELCOM.BSE_IDX,01/07/2025,10:55:14,3157.63,0,0,0,0,0,0
TELCOM.BSE_IDX,01/07/2025,10:55:22,3157.88,0,0,0,0,0,0
TELCOM.BSE_IDX,01/07/2025,10:55:30,3157.83,0,0,0,0,0,0
TELCOM.BSE_IDX,01/07/2025,10:55:38,3157.65,0,0,0,0,0,0
TELCOM.BSE_IDX,01/07/2025,10:55:46,3157.67,0,0,0,0,0,0
TELCOM.BSE_IDX,01/07/2025,10:55:54,3156.03,0,0,0,0,0,0
TELCOM.BSE_IDX,01/07/2025,10:56:02,3155.67,0,0,0,0,0,0
TELCOM.BSE_IDX,01/07/2025,10:56:10,3155.73,0,0,0,0,0,0
TELCOM.BSE_IDX,01/07/2025,10:56:18,3155.76,0,0,0,0,0,0
TELCOM.BSE_IDX,01/07/2025,10:56:26,3155.64,0,0,0,0,0,0
TELCOM.BSE_IDX,01/07/2025,10:56:34,3154.86,0,0,0,0,0,0
TELCOM.BSE_IDX,01/07/2025,10:56:42,3155.08,0,0,0,0,0,0
TELCOM.BSE_IDX,01/07/2025,10:56:50,3154.45,0,0,0,0,0,0
TELCOM.BSE_IDX,01/07/2025,10:56:58,3152.55,0,0,0,0,0,0
TELCOM.BSE_IDX,01/07/2025,10:57:06,3152.37,0,0,0,0,0,0
TELCOM.BSE_IDX,01/07/2025,10:57:14,3152.31,0,0,0,0,0,0
TELCOM.BSE_IDX,01/07/2025,10:57:22,3152.31,0,0,0,0,0,0
TELCOM.BSE_IDX,01/07/2025,10:57:30,3153.29,0,0,0,0,0,0
TELCOM.BSE_IDX,01/07/2025,10:57:39,3153.2,0,0,0,0,0,0
TELCOM.BSE_IDX,01/07/2025,10:57:46,3152.57,0,0,0,0,0,0
TELCOM.BSE_IDX,01/07/2025,10:57:54,3152.66,0,0,0,0,0,0
TELCOM.BSE_IDX,01/07/2025,10:58:02,3152.28,0,0,0,0,0,0
TELCOM.BSE_IDX,01/07/2025,10:58:10,3152.35,0,0,0,0,0,0
TELCOM.BSE_IDX,01/07/2025,10:58:18,3152.56,0,0,0,0,0,0
TELCOM.BSE_IDX,01/07/2025,10:58:26,3152.56,0,0,0,0,0,0
TELCOM.BSE_IDX,01/07/2025,10:58:34,3152.73,0,0,0,0,0,0
TELCOM.BSE_IDX,01/07/2025,10:58:42,3152.73,0,0,0,0,0,0
TELCOM.BSE_IDX,01/07/2025,10:58:50,3152.62,0,0,0,0,0,0
TELCOM.BSE_IDX,01/07/2025,10:58:58,3152.69,0,0,0,0,0,0
TELCOM.BSE_IDX,01/07/2025,10:59:06,3152.57,0,0,0,0,0,0
TELCOM.BSE_IDX,01/07/2025,10:59:14,3152.53,0,0,0,0,0,0
TELCOM.BSE_IDX,01/07/2025,10:59:22,3152.48,0,0,0,0,0,0
TELCOM.BSE_IDX,01/07/2025,10:59:30,3151.74,0,0,0,0,0,0
TELCOM.BSE_IDX,01/07/2025,10:59:38,3151.76,0,0,0,0,0,0
TELCOM.BSE_IDX,01/07/2025,10:59:47,3151.89,0,0,0,0,0,0
TELCOM.BSE_IDX,01/07/2025,10:59:55,3151.97,0,0,0,0,0,0
TELCOM.BSE_IDX,01/07/2025,11:00:03,3151.72,0,0,0,0,0,0
TELCOM.BSE_IDX,01/07/2025,11:00:11,3151.57,0,0,0,0,0,0
TELCOM.BSE_IDX,01/07/2025,11:00:18,3151.58,0,0,0,0,0,0
TELCOM.BSE_IDX,01/07/2025,11:00:26,3151.97,0,0,0,0,0,0
TELCOM.BSE_IDX,01/07/2025,11:00:34,3151.09,0,0,0,0,0,0
TELCOM.BSE_IDX,01/07/2025,11:00:42,3151.23,0,0,0,0,0,0
TELCOM.BSE_IDX,01/07/2025,11:00:50,3151.17,0,0,0,0,0,0
TELCOM.BSE_IDX,01/07/2025,11:00:58,3151.17,0,0,0,0,0,0
TELCOM.BSE_IDX,01/07/2025,11:01:06,3151.14,0,0,0,0,0,0
TELCOM.BSE_IDX,01/07/2025,11:01:15,3151.06,0,0,0,0,0,0
TELCOM.BSE_IDX,01/07/2025,11:01:22,3151.06,0,0,0,0,0,0
TELCOM.BSE_IDX,01/07/2025,11:01:30,3151.51,0,0,0,0,0,0
TELCOM.BSE_IDX,01/07/2025,11:01:38,3151.3,0,0,0,0,0,0
TELCOM.BSE_IDX,01/07/2025,11:01:46,3151.11,0,0,0,0,0,0
TELCOM.BSE_IDX,01/07/2025,11:01:54,3150.88,0,0,0,0,0,0
TELCOM.BSE_IDX,01/07/2025,11:02:02,3151.08,0,0,0,0,0,0
TELCOM.BSE_IDX,01/07/2025,11:02:10,3150.69,0,0,0,0,0,0
TELCOM.BSE_IDX,01/07/2025,11:02:18,3150.94,0,0,0,0,0,0
TELCOM.BSE_IDX,01/07/2025,11:02:27,3150.91,0,0,0,0,0,0
TELCOM.BSE_IDX,01/07/2025,11:02:34,3150.62,0,0,0,0,0,0
TELCOM.BSE_IDX,01/07/2025,11:02:42,3150.62,0,0,0,0,0,0
TELCOM.BSE_IDX,01/07/2025,11:02:51,3150.08,0,0,0,0,0,0
TELCOM.BSE_IDX,01/07/2025,11:02:58,3149.81,0,0,0,0,0,0
TELCOM.BSE_IDX,01/07/2025,11:03:06,3150.06,0,0,0,0,0,0
TELCOM.BSE_IDX,01/07/2025,11:03:14,3149.41,0,0,0,0,0,0
TELCOM.BSE_IDX,01/07/2025,11:03:22,3149.31,0,0,0,0,0,0
TELCOM.BSE_IDX,01/07/2025,11:03:31,3149.31,0,0,0,0,0,0
TELCOM.BSE_IDX,01/07/2025,11:03:38,3149.26,0,0,0,0,0,0
TELCOM.BSE_IDX,01/07/2025,11:03:46,3149.3,0,0,0,0,0,0
TELCOM.BSE_IDX,01/07/2025,11:03:54,3149.33,0,0,0,0,0,0
TELCOM.BSE_IDX,01/07/2025,11:04:02,3149.33,0,0,0,0,0,0
TELCOM.BSE_IDX,01/07/2025,11:04:10,3149.31,0,0,0,0,0,0
TELCOM.BSE_IDX,01/07/2025,11:04:18,3149.32,0,0,0,0,0,0
TELCOM.BSE_IDX,01/07/2025,11:04:27,3150.44,0,0,0,0,0,0
TELCOM.BSE_IDX,01/07/2025,11:04:34,3150.55,0,0,0,0,0,0
TELCOM.BSE_IDX,01/07/2025,11:04:42,3150.68,0,0,0,0,0,0
TELCOM.BSE_IDX,01/07/2025,11:04:51,3150.65,0,0,0,0,0,0
TELCOM.BSE_IDX,01/07/2025,11:04:58,3150.49,0,0,0,0,0,0
TELCOM.BSE_IDX,01/07/2025,11:05:06,3150.4,0,0,0,0,0,0
TELCOM.BSE_IDX,01/07/2025,11:05:14,3150.52,0,0,0,0,0,0
TELCOM.BSE_IDX,01/07/2025,11:05:22,3150.28,0,0,0,0,0,0
TELCOM.BSE_IDX,01/07/2025,11:05:30,3150.91,0,0,0,0,0,0
TELCOM.BSE_IDX,01/07/2025,11:05:38,3151.02,0,0,0,0,0,0
TELCOM.BSE_IDX,01/07/2025,11:05:46,3151.01,0,0,0,0,0,0
TELCOM.BSE_IDX,01/07/2025,11:05:54,3151.44,0,0,0,0,0,0
TELCOM.BSE_IDX,01/07/2025,11:06:02,3151.44,0,0,0,0,0,0
TELCOM.BSE_IDX,01/07/2025,11:06:11,3153.16,0,0,0,0,0,0
TELCOM.BSE_IDX,01/07/2025,11:06:19,3153.33,0,0,0,0,0,0
TELCOM.BSE_IDX,01/07/2025,11:06:26,3153.72,0,0,0,0,0,0
TELCOM.BSE_IDX,01/07/2025,11:06:34,3153.51,0,0,0,0,0,0
TELCOM.BSE_IDX,01/07/2025,11:06:42,3153.59,0,0,0,0,0,0
TELCOM.BSE_IDX,01/07/2025,11:06:50,3153.7,0,0,0,0,0,0
TELCOM.BSE_IDX,01/07/2025,11:06:58,3153.72,0,0,0,0,0,0
TELCOM.BSE_IDX,01/07/2025,11:07:06,3152.9,0,0,0,0,0,0
TELCOM.BSE_IDX,01/07/2025,11:07:15,3153.7,0,0,0,0,0,0
TELCOM.BSE_IDX,01/07/2025,11:07:22,3153.52,0,0,0,0,0,0
TELCOM.BSE_IDX,01/07/2025,11:07:30,3153.61,0,0,0,0,0,0
TELCOM.BSE_IDX,01/07/2025,11:07:38,3153.59,0,0,0,0,0,0
TELCOM.BSE_IDX,01/07/2025,11:07:46,3154.46,0,0,0,0,0,0
TELCOM.BSE_IDX,01/07/2025,11:07:54,3154,0,0,0,0,0,0
TELCOM.BSE_IDX,01/07/2025,11:08:02,3154.18,0,0,0,0,0,0
TELCOM.BSE_IDX,01/07/2025,11:08:11,3153.69,0,0,0,0,0,0
TELCOM.BSE_IDX,01/07/2025,11:08:18,3153.74,0,0,0,0,0,0
TELCOM.BSE_IDX,01/07/2025,11:08:27,3153.76,0,0,0,0,0,0
TELCOM.BSE_IDX,01/07/2025,11:08:35,3154.17,0,0,0,0,0,0
TELCOM.BSE_IDX,01/07/2025,11:08:43,3154.97,0,0,0,0,0,0
TELCOM.BSE_IDX,01/07/2025,11:08:51,3155.04,0,0,0,0,0,0
TELCOM.BSE_IDX,01/07/2025,11:08:58,3154.91,0,0,0,0,0,0
TELCOM.BSE_IDX,01/07/2025,11:09:07,3154.91,0,0,0,0,0,0
TELCOM.BSE_IDX,01/07/2025,11:09:15,3154.75,0,0,0,0,0,0
TELCOM.BSE_IDX,01/07/2025,11:09:23,3154.75,0,0,0,0,0,0
TELCOM.BSE_IDX,01/07/2025,11:09:31,3155.06,0,0,0,0,0,0
TELCOM.BSE_IDX,01/07/2025,11:09:39,3155.07,0,0,0,0,0,0
TELCOM.BSE_IDX,01/07/2025,11:09:46,3155.1,0,0,0,0,0,0
TELCOM.BSE_IDX,01/07/2025,11:09:55,3155.04,0,0,0,0,0,0
TELCOM.BSE_IDX,01/07/2025,11:10:03,3155.23,0,0,0,0,0,0
TELCOM.BSE_IDX,01/07/2025,11:10:11,3155.56,0,0,0,0,0,0
TELCOM.BSE_IDX,01/07/2025,11:10:19,3155.75,0,0,0,0,0,0
TELCOM.BSE_IDX,01/07/2025,11:10:27,3155.78,0,0,0,0,0,0
TELCOM.BSE_IDX,01/07/2025,11:10:35,3155.78,0,0,0,0,0,0
TELCOM.BSE_IDX,01/07/2025,11:10:43,3156.33,0,0,0,0,0,0
TELCOM.BSE_IDX,01/07/2025,11:10:51,3156.54,0,0,0,0,0,0
TELCOM.BSE_IDX,01/07/2025,11:10:59,3156.47,0,0,0,0,0,0
TELCOM.BSE_IDX,01/07/2025,11:11:07,3156.51,0,0,0,0,0,0
TELCOM.BSE_IDX,01/07/2025,11:11:15,3156.09,0,0,0,0,0,0
TELCOM.BSE_IDX,01/07/2025,11:11:23,3155.62,0,0,0,0,0,0
TELCOM.BSE_IDX,01/07/2025,11:11:31,3155.45,0,0,0,0,0,0
TELCOM.BSE_IDX,01/07/2025,11:11:39,3155.8,0,0,0,0,0,0
TELCOM.BSE_IDX,01/07/2025,11:11:47,3156.21,0,0,0,0,0,0
TELCOM.BSE_IDX,01/07/2025,11:11:55,3156.39,0,0,0,0,0,0
TELCOM.BSE_IDX,01/07/2025,11:12:03,3156.39,0,0,0,0,0,0
TELCOM.BSE_IDX,01/07/2025,11:12:11,3155.89,0,0,0,0,0,0
TELCOM.BSE_IDX,01/07/2025,11:12:19,3154,0,0,0,0,0,0
TELCOM.BSE_IDX,01/07/2025,11:12:27,3154.07,0,0,0,0,0,0
TELCOM.BSE_IDX,01/07/2025,11:12:35,3154.11,0,0,0,0,0,0
TELCOM.BSE_IDX,01/07/2025,11:12:43,3153.3,0,0,0,0,0,0
TELCOM.BSE_IDX,01/07/2025,11:12:51,3153.3,0,0,0,0,0,0
TELCOM.BSE_IDX,01/07/2025,11:12:59,3153.17,0,0,0,0,0,0
TELCOM.BSE_IDX,01/07/2025,11:13:07,3153.13,0,0,0,0,0,0
TELCOM.BSE_IDX,01/07/2025,11:13:16,3153.13,0,0,0,0,0,0
TELCOM.BSE_IDX,01/07/2025,11:13:23,3153.38,0,0,0,0,0,0
TELCOM.BSE_IDX,01/07/2025,11:13:31,3153.29,0,0,0,0,0,0
TELCOM.BSE_IDX,01/07/2025,11:13:39,3152.83,0,0,0,0,0,0
TELCOM.BSE_IDX,01/07/2025,11:13:47,3152.92,0,0,0,0,0,0
TELCOM.BSE_IDX,01/07/2025,11:13:55,3152.66,0,0,0,0,0,0
TELCOM.BSE_IDX,01/07/2025,11:14:03,3152.73,0,0,0,0,0,0
TELCOM.BSE_IDX,01/07/2025,11:14:11,3152.99,0,0,0,0,0,0
TELCOM.BSE_IDX,01/07/2025,11:14:19,3153.07,0,0,0,0,0,0
TELCOM.BSE_IDX,01/07/2025,11:14:27,3152.78,0,0,0,0,0,0
TELCOM.BSE_IDX,01/07/2025,11:14:35,3152.46,0,0,0,0,0,0
TELCOM.BSE_IDX,01/07/2025,11:14:43,3152.61,0,0,0,0,0,0
TELCOM.BSE_IDX,01/07/2025,11:14:51,3152.61,0,0,0,0,0,0
TELCOM.BSE_IDX,01/07/2025,11:14:59,3152.66,0,0,0,0,0,0
TELCOM.BSE_IDX,01/07/2025,11:15:07,3151.85,0,0,0,0,0,0
TELCOM.BSE_IDX,01/07/2025,11:15:15,3151.88,0,0,0,0,0,0
TELCOM.BSE_IDX,01/07/2025,11:15:23,3151.89,0,0,0,0,0,0
TELCOM.BSE_IDX,01/07/2025,11:15:31,3151.84,0,0,0,0,0,0
TELCOM.BSE_IDX,01/07/2025,11:15:39,3151.76,0,0,0,0,0,0
TELCOM.BSE_IDX,01/07/2025,11:15:47,3151.76,0,0,0,0,0,0
TELCOM.BSE_IDX,01/07/2025,11:15:56,3151.62,0,0,0,0,0,0
TELCOM.BSE_IDX,01/07/2025,11:16:03,3151.62,0,0,0,0,0,0
TELCOM.BSE_IDX,01/07/2025,11:16:11,3151.62,0,0,0,0,0,0
TELCOM.BSE_IDX,01/07/2025,11:16:19,3151.68,0,0,0,0,0,0
TELCOM.BSE_IDX,01/07/2025,11:16:27,3151.68,0,0,0,0,0,0
TELCOM.BSE_IDX,01/07/2025,11:16:35,3152.29,0,0,0,0,0,0
TELCOM.BSE_IDX,01/07/2025,11:16:43,3152.2,0,0,0,0,0,0
TELCOM.BSE_IDX,01/07/2025,11:16:51,3152.21,0,0,0,0,0,0
TELCOM.BSE_IDX,01/07/2025,11:16:59,3152.59,0,0,0,0,0,0
TELCOM.BSE_IDX,01/07/2025,11:17:07,3151.6,0,0,0,0,0,0
TELCOM.BSE_IDX,01/07/2025,11:17:15,3151.59,0,0,0,0,0,0
TELCOM.BSE_IDX,01/07/2025,11:17:23,3152.66,0,0,0,0,0,0
TELCOM.BSE_IDX,01/07/2025,11:17:31,3153.12,0,0,0,0,0,0
TELCOM.BSE_IDX,01/07/2025,11:17:39,3153.44,0,0,0,0,0,0
TELCOM.BSE_IDX,01/07/2025,11:17:47,3153.65,0,0,0,0,0,0
TELCOM.BSE_IDX,01/07/2025,11:17:57,3153.44,0,0,0,0,0,0
TELCOM.BSE_IDX,01/07/2025,11:18:03,3153.39,0,0,0,0,0,0
TELCOM.BSE_IDX,01/07/2025,11:18:11,3153.33,0,0,0,0,0,0
TELCOM.BSE_IDX,01/07/2025,11:18:19,3153.53,0,0,0,0,0,0
TELCOM.BSE_IDX,01/07/2025,11:18:27,3154.58,0,0,0,0,0,0
TELCOM.BSE_IDX,01/07/2025,11:18:35,3154.51,0,0,0,0,0,0
TELCOM.BSE_IDX,01/07/2025,11:18:44,3154.69,0,0,0,0,0,0
TELCOM.BSE_IDX,01/07/2025,11:18:51,3154.77,0,0,0,0,0,0
TELCOM.BSE_IDX,01/07/2025,11:18:59,3154.8,0,0,0,0,0,0
TELCOM.BSE_IDX,01/07/2025,11:19:08,3154.85,0,0,0,0,0,0
TELCOM.BSE_IDX,01/07/2025,11:19:15,3154.58,0,0,0,0,0,0
TELCOM.BSE_IDX,01/07/2025,11:19:23,3154.7,0,0,0,0,0,0
TELCOM.BSE_IDX,01/07/2025,11:19:31,3154.24,0,0,0,0,0,0
TELCOM.BSE_IDX,01/07/2025,11:19:39,3154.08,0,0,0,0,0,0
TELCOM.BSE_IDX,01/07/2025,11:19:47,3153.94,0,0,0,0,0,0
TELCOM.BSE_IDX,01/07/2025,11:19:55,3154.64,0,0,0,0,0,0
TELCOM.BSE_IDX,01/07/2025,11:20:03,3154.6,0,0,0,0,0,0
TELCOM.BSE_IDX,01/07/2025,11:20:11,3153.34,0,0,0,0,0,0
TELCOM.BSE_IDX,01/07/2025,11:20:19,3153.71,0,0,0,0,0,0
TELCOM.BSE_IDX,01/07/2025,11:20:27,3153.35,0,0,0,0,0,0
TELCOM.BSE_IDX,01/07/2025,11:20:35,3153.48,0,0,0,0,0,0
TELCOM.BSE_IDX,01/07/2025,11:20:43,3153.65,0,0,0,0,0,0
TELCOM.BSE_IDX,01/07/2025,11:20:51,3153.58,0,0,0,0,0,0
TELCOM.BSE_IDX,01/07/2025,11:20:59,3153.59,0,0,0,0,0,0
TELCOM.BSE_IDX,01/07/2025,11:21:07,3154.2,0,0,0,0,0,0
TELCOM.BSE_IDX,01/07/2025,11:21:15,3154.2,0,0,0,0,0,0
TELCOM.BSE_IDX,01/07/2025,11:21:24,3154.54,0,0,0,0,0,0
TELCOM.BSE_IDX,01/07/2025,11:21:31,3154.24,0,0,0,0,0,0
TELCOM.BSE_IDX,01/07/2025,11:21:39,3153.47,0,0,0,0,0,0
TELCOM.BSE_IDX,01/07/2025,11:21:47,3153.43,0,0,0,0,0,0
TELCOM.BSE_IDX,01/07/2025,11:21:56,3153.21,0,0,0,0,0,0
TELCOM.BSE_IDX,01/07/2025,11:22:03,3154.31,0,0,0,0,0,0
TELCOM.BSE_IDX,01/07/2025,11:22:11,3153.61,0,0,0,0,0,0
TELCOM.BSE_IDX,01/07/2025,11:22:19,3154.52,0,0,0,0,0,0
TELCOM.BSE_IDX,01/07/2025,11:22:28,3154.41,0,0,0,0,0,0
TELCOM.BSE_IDX,01/07/2025,11:22:35,3154,0,0,0,0,0,0
TELCOM.BSE_IDX,01/07/2025,11:22:43,3153.52,0,0,0,0,0,0
TELCOM.BSE_IDX,01/07/2025,11:22:51,3153.51,0,0,0,0,0,0
TELCOM.BSE_IDX,01/07/2025,11:22:59,3153.71,0,0,0,0,0,0
TELCOM.BSE_IDX,01/07/2025,11:23:07,3153.67,0,0,0,0,0,0
TELCOM.BSE_IDX,01/07/2025,11:23:15,3153.19,0,0,0,0,0,0
TELCOM.BSE_IDX,01/07/2025,11:23:23,3152.66,0,0,0,0,0,0
TELCOM.BSE_IDX,01/07/2025,11:23:31,3152.31,0,0,0,0,0,0
TELCOM.BSE_IDX,01/07/2025,11:23:39,3152.23,0,0,0,0,0,0
TELCOM.BSE_IDX,01/07/2025,11:23:47,3152.92,0,0,0,0,0,0
TELCOM.BSE_IDX,01/07/2025,11:23:55,3153.04,0,0,0,0,0,0
TELCOM.BSE_IDX,01/07/2025,11:24:04,3153.11,0,0,0,0,0,0
TELCOM.BSE_IDX,01/07/2025,11:24:11,3153.11,0,0,0,0,0,0
TELCOM.BSE_IDX,01/07/2025,11:24:19,3153.02,0,0,0,0,0,0
TELCOM.BSE_IDX,01/07/2025,11:24:27,3152.39,0,0,0,0,0,0
TELCOM.BSE_IDX,01/07/2025,11:24:35,3152.27,0,0,0,0,0,0
TELCOM.BSE_IDX,01/07/2025,11:24:43,3152.12,0,0,0,0,0,0
TELCOM.BSE_IDX,01/07/2025,11:24:52,3151.19,0,0,0,0,0,0
TELCOM.BSE_IDX,01/07/2025,11:25:00,3151.23,0,0,0,0,0,0
TELCOM.BSE_IDX,01/07/2025,11:25:07,3151.64,0,0,0,0,0,0
TELCOM.BSE_IDX,01/07/2025,11:25:15,3151.61,0,0,0,0,0,0
TELCOM.BSE_IDX,01/07/2025,11:25:23,3151.62,0,0,0,0,0,0
TELCOM.BSE_IDX,01/07/2025,11:25:31,3151.68,0,0,0,0,0,0
TELCOM.BSE_IDX,01/07/2025,11:25:41,3151.79,0,0,0,0,0,0
TELCOM.BSE_IDX,01/07/2025,11:25:47,3151.23,0,0,0,0,0,0
TELCOM.BSE_IDX,01/07/2025,11:25:55,3151.27,0,0,0,0,0,0
TELCOM.BSE_IDX,01/07/2025,11:26:03,3151.2,0,0,0,0,0,0
TELCOM.BSE_IDX,01/07/2025,11:26:11,3151.14,0,0,0,0,0,0
TELCOM.BSE_IDX,01/07/2025,11:26:19,3151.11,0,0,0,0,0,0
TELCOM.BSE_IDX,01/07/2025,11:26:27,3151.16,0,0,0,0,0,0
TELCOM.BSE_IDX,01/07/2025,11:26:35,3151.16,0,0,0,0,0,0
TELCOM.BSE_IDX,01/07/2025,11:26:43,3151.69,0,0,0,0,0,0
TELCOM.BSE_IDX,01/07/2025,11:26:51,3151.69,0,0,0,0,0,0
TELCOM.BSE_IDX,01/07/2025,11:26:59,3151.61,0,0,0,0,0,0
TELCOM.BSE_IDX,01/07/2025,11:27:07,3151.94,0,0,0,0,0,0
TELCOM.BSE_IDX,01/07/2025,11:27:15,3151.84,0,0,0,0,0,0
TELCOM.BSE_IDX,01/07/2025,11:27:23,3151.89,0,0,0,0,0,0
TELCOM.BSE_IDX,01/07/2025,11:27:31,3152.36,0,0,0,0,0,0
TELCOM.BSE_IDX,01/07/2025,11:27:39,3152.36,0,0,0,0,0,0
TELCOM.BSE_IDX,01/07/2025,11:27:47,3152.47,0,0,0,0,0,0
TELCOM.BSE_IDX,01/07/2025,11:27:55,3152.66,0,0,0,0,0,0
TELCOM.BSE_IDX,01/07/2025,11:28:03,3152.71,0,0,0,0,0,0
TELCOM.BSE_IDX,01/07/2025,11:28:11,3153.1,0,0,0,0,0,0
TELCOM.BSE_IDX,01/07/2025,11:28:19,3152.31,0,0,0,0,0,0
TELCOM.BSE_IDX,01/07/2025,11:28:27,3152.31,0,0,0,0,0,0
TELCOM.BSE_IDX,01/07/2025,11:28:36,3152.2,0,0,0,0,0,0
TELCOM.BSE_IDX,01/07/2025,11:28:43,3152.29,0,0,0,0,0,0
TELCOM.BSE_IDX,01/07/2025,11:28:51,3152.61,0,0,0,0,0,0
TELCOM.BSE_IDX,01/07/2025,11:28:59,3152.64,0,0,0,0,0,0
TELCOM.BSE_IDX,01/07/2025,11:29:07,3153.22,0,0,0,0,0,0
TELCOM.BSE_IDX,01/07/2025,11:29:16,3152.6,0,0,0,0,0,0
TELCOM.BSE_IDX,01/07/2025,11:29:24,3151.78,0,0,0,0,0,0
TELCOM.BSE_IDX,01/07/2025,11:29:31,3151.79,0,0,0,0,0,0
TELCOM.BSE_IDX,01/07/2025,11:29:39,3151.68,0,0,0,0,0,0
TELCOM.BSE_IDX,01/07/2025,11:29:47,3152.44,0,0,0,0,0,0
TELCOM.BSE_IDX,01/07/2025,11:29:55,3152.48,0,0,0,0,0,0
TELCOM.BSE_IDX,01/07/2025,11:30:03,3152.61,0,0,0,0,0,0
TELCOM.BSE_IDX,01/07/2025,11:30:11,3152.6,0,0,0,0,0,0
TELCOM.BSE_IDX,01/07/2025,11:30:19,3152.67,0,0,0,0,0,0
TELCOM.BSE_IDX,01/07/2025,11:30:27,3152.69,0,0,0,0,0,0
TELCOM.BSE_IDX,01/07/2025,11:30:35,3152.57,0,0,0,0,0,0
TELCOM.BSE_IDX,01/07/2025,11:30:43,3152.56,0,0,0,0,0,0
TELCOM.BSE_IDX,01/07/2025,11:30:51,3151.6,0,0,0,0,0,0
TELCOM.BSE_IDX,01/07/2025,11:30:59,3151.49,0,0,0,0,0,0
TELCOM.BSE_IDX,01/07/2025,11:31:07,3151.23,0,0,0,0,0,0
TELCOM.BSE_IDX,01/07/2025,11:31:15,3151.11,0,0,0,0,0,0
TELCOM.BSE_IDX,01/07/2025,11:31:23,3151.29,0,0,0,0,0,0
TELCOM.BSE_IDX,01/07/2025,11:31:31,3151.31,0,0,0,0,0,0
TELCOM.BSE_IDX,01/07/2025,11:31:39,3151.28,0,0,0,0,0,0
TELCOM.BSE_IDX,01/07/2025,11:31:47,3151.41,0,0,0,0,0,0
TELCOM.BSE_IDX,01/07/2025,11:31:55,3151.3,0,0,0,0,0,0
TELCOM.BSE_IDX,01/07/2025,11:32:04,3152.04,0,0,0,0,0,0
TELCOM.BSE_IDX,01/07/2025,11:32:11,3152.91,0,0,0,0,0,0
TELCOM.BSE_IDX,01/07/2025,11:32:19,3152.13,0,0,0,0,0,0
TELCOM.BSE_IDX,01/07/2025,11:32:27,3151.86,0,0,0,0,0,0
TELCOM.BSE_IDX,01/07/2025,11:32:35,3151.92,0,0,0,0,0,0
TELCOM.BSE_IDX,01/07/2025,11:32:43,3152.33,0,0,0,0,0,0
TELCOM.BSE_IDX,01/07/2025,11:32:51,3152.03,0,0,0,0,0,0
TELCOM.BSE_IDX,01/07/2025,11:32:59,3151.38,0,0,0,0,0,0
TELCOM.BSE_IDX,01/07/2025,11:33:07,3150.78,0,0,0,0,0,0
TELCOM.BSE_IDX,01/07/2025,11:33:15,3150.75,0,0,0,0,0,0
TELCOM.BSE_IDX,01/07/2025,11:33:23,3150.47,0,0,0,0,0,0
TELCOM.BSE_IDX,01/07/2025,11:33:31,3150.47,0,0,0,0,0,0
TELCOM.BSE_IDX,01/07/2025,11:33:39,3150.54,0,0,0,0,0,0
TELCOM.BSE_IDX,01/07/2025,11:33:47,3150.35,0,0,0,0,0,0
TELCOM.BSE_IDX,01/07/2025,11:33:55,3150.35,0,0,0,0,0,0
TELCOM.BSE_IDX,01/07/2025,11:34:03,3150.59,0,0,0,0,0,0
TELCOM.BSE_IDX,01/07/2025,11:34:12,3151.08,0,0,0,0,0,0
TELCOM.BSE_IDX,01/07/2025,11:34:19,3151.1,0,0,0,0,0,0
TELCOM.BSE_IDX,01/07/2025,11:34:27,3151.02,0,0,0,0,0,0
TELCOM.BSE_IDX,01/07/2025,11:34:35,3150.22,0,0,0,0,0,0
TELCOM.BSE_IDX,01/07/2025,11:34:43,3150.79,0,0,0,0,0,0
TELCOM.BSE_IDX,01/07/2025,11:34:51,3150.83,0,0,0,0,0,0
TELCOM.BSE_IDX,01/07/2025,11:34:59,3150.83,0,0,0,0,0,0
TELCOM.BSE_IDX,01/07/2025,11:35:07,3150.73,0,0,0,0,0,0
TELCOM.BSE_IDX,01/07/2025,11:35:16,3150.73,0,0,0,0,0,0
TELCOM.BSE_IDX,01/07/2025,11:35:23,3150.53,0,0,0,0,0,0
TELCOM.BSE_IDX,01/07/2025,11:35:32,3152.28,0,0,0,0,0,0
TELCOM.BSE_IDX,01/07/2025,11:35:39,3152.41,0,0,0,0,0,0
TELCOM.BSE_IDX,01/07/2025,11:35:47,3152.27,0,0,0,0,0,0
TELCOM.BSE_IDX,01/07/2025,11:35:55,3152.45,0,0,0,0,0,0
TELCOM.BSE_IDX,01/07/2025,11:36:04,3153.15,0,0,0,0,0,0
TELCOM.BSE_IDX,01/07/2025,11:36:11,3153.74,0,0,0,0,0,0
TELCOM.BSE_IDX,01/07/2025,11:36:19,3153.5,0,0,0,0,0,0
TELCOM.BSE_IDX,01/07/2025,11:36:28,3153.9,0,0,0,0,0,0
TELCOM.BSE_IDX,01/07/2025,11:36:35,3153.98,0,0,0,0,0,0
TELCOM.BSE_IDX,01/07/2025,11:36:43,3154.06,0,0,0,0,0,0
TELCOM.BSE_IDX,01/07/2025,11:36:54,3153.73,0,0,0,0,0,0
TELCOM.BSE_IDX,01/07/2025,11:36:59,3153.73,0,0,0,0,0,0
TELCOM.BSE_IDX,01/07/2025,11:37:07,3153.83,0,0,0,0,0,0
TELCOM.BSE_IDX,01/07/2025,11:37:15,3153.87,0,0,0,0,0,0
TELCOM.BSE_IDX,01/07/2025,11:37:23,3153.72,0,0,0,0,0,0
TELCOM.BSE_IDX,01/07/2025,11:37:31,3153.69,0,0,0,0,0,0
TELCOM.BSE_IDX,01/07/2025,11:37:41,3153.68,0,0,0,0,0,0
TELCOM.BSE_IDX,01/07/2025,11:37:47,3152.91,0,0,0,0,0,0
TELCOM.BSE_IDX,01/07/2025,11:37:55,3152.87,0,0,0,0,0,0
TELCOM.BSE_IDX,01/07/2025,11:38:03,3152.98,0,0,0,0,0,0
TELCOM.BSE_IDX,01/07/2025,11:38:11,3152.87,0,0,0,0,0,0
TELCOM.BSE_IDX,01/07/2025,11:38:20,3152.97,0,0,0,0,0,0
TELCOM.BSE_IDX,01/07/2025,11:38:27,3152.7,0,0,0,0,0,0
TELCOM.BSE_IDX,01/07/2025,11:38:35,3152.68,0,0,0,0,0,0
TELCOM.BSE_IDX,01/07/2025,11:38:43,3152.75,0,0,0,0,0,0
TELCOM.BSE_IDX,01/07/2025,11:38:51,3152.74,0,0,0,0,0,0
TELCOM.BSE_IDX,01/07/2025,11:38:59,3153.01,0,0,0,0,0,0
TELCOM.BSE_IDX,01/07/2025,11:39:07,3152.62,0,0,0,0,0,0
TELCOM.BSE_IDX,01/07/2025,11:39:16,3152.71,0,0,0,0,0,0
TELCOM.BSE_IDX,01/07/2025,11:39:23,3153.07,0,0,0,0,0,0
TELCOM.BSE_IDX,01/07/2025,11:39:31,3153.7,0,0,0,0,0,0
TELCOM.BSE_IDX,01/07/2025,11:39:39,3153.2,0,0,0,0,0,0
TELCOM.BSE_IDX,01/07/2025,11:39:47,3153.07,0,0,0,0,0,0
TELCOM.BSE_IDX,01/07/2025,11:39:55,3153.31,0,0,0,0,0,0
TELCOM.BSE_IDX,01/07/2025,11:40:03,3153.22,0,0,0,0,0,0
TELCOM.BSE_IDX,01/07/2025,11:40:11,3152.73,0,0,0,0,0,0
TELCOM.BSE_IDX,01/07/2025,11:40:19,3152.84,0,0,0,0,0,0
TELCOM.BSE_IDX,01/07/2025,11:40:27,3153.18,0,0,0,0,0,0
TELCOM.BSE_IDX,01/07/2025,11:40:35,3153.17,0,0,0,0,0,0
TELCOM.BSE_IDX,01/07/2025,11:40:43,3152.67,0,0,0,0,0,0
TELCOM.BSE_IDX,01/07/2025,11:40:51,3152.89,0,0,0,0,0,0
TELCOM.BSE_IDX,01/07/2025,11:41:00,3152.78,0,0,0,0,0,0
TELCOM.BSE_IDX,01/07/2025,11:41:07,3152.29,0,0,0,0,0,0
TELCOM.BSE_IDX,01/07/2025,11:41:15,3152.23,0,0,0,0,0,0
TELCOM.BSE_IDX,01/07/2025,11:41:24,3151.61,0,0,0,0,0,0
TELCOM.BSE_IDX,01/07/2025,11:41:32,3151.34,0,0,0,0,0,0
TELCOM.BSE_IDX,01/07/2025,11:41:39,3151.84,0,0,0,0,0,0
TELCOM.BSE_IDX,01/07/2025,11:41:48,3150.96,0,0,0,0,0,0
TELCOM.BSE_IDX,01/07/2025,11:41:56,3151.24,0,0,0,0,0,0
TELCOM.BSE_IDX,01/07/2025,11:42:04,3151.6,0,0,0,0,0,0
TELCOM.BSE_IDX,01/07/2025,11:42:12,3151.19,0,0,0,0,0,0
TELCOM.BSE_IDX,01/07/2025,11:42:20,3151.19,0,0,0,0,0,0
TELCOM.BSE_IDX,01/07/2025,11:42:28,3151.15,0,0,0,0,0,0
TELCOM.BSE_IDX,01/07/2025,11:42:36,3151.01,0,0,0,0,0,0
TELCOM.BSE_IDX,01/07/2025,11:42:44,3151.23,0,0,0,0,0,0
TELCOM.BSE_IDX,01/07/2025,11:42:52,3151.3,0,0,0,0,0,0
TELCOM.BSE_IDX,01/07/2025,11:43:00,3151.47,0,0,0,0,0,0
TELCOM.BSE_IDX,01/07/2025,11:43:08,3151.32,0,0,0,0,0,0
TELCOM.BSE_IDX,01/07/2025,11:43:16,3151.98,0,0,0,0,0,0
TELCOM.BSE_IDX,01/07/2025,11:43:24,3151.46,0,0,0,0,0,0
TELCOM.BSE_IDX,01/07/2025,11:43:32,3151.33,0,0,0,0,0,0
TELCOM.BSE_IDX,01/07/2025,11:43:40,3151.24,0,0,0,0,0,0
TELCOM.BSE_IDX,01/07/2025,11:43:48,3151.99,0,0,0,0,0,0
TELCOM.BSE_IDX,01/07/2025,11:43:56,3151.43,0,0,0,0,0,0
TELCOM.BSE_IDX,01/07/2025,11:44:04,3151.43,0,0,0,0,0,0
TELCOM.BSE_IDX,01/07/2025,11:44:12,3151.43,0,0,0,0,0,0
TELCOM.BSE_IDX,01/07/2025,11:44:20,3151.46,0,0,0,0,0,0
TELCOM.BSE_IDX,01/07/2025,11:44:28,3150.38,0,0,0,0,0,0
TELCOM.BSE_IDX,01/07/2025,11:44:36,3149.89,0,0,0,0,0,0
TELCOM.BSE_IDX,01/07/2025,11:44:44,3150.45,0,0,0,0,0,0
TELCOM.BSE_IDX,01/07/2025,11:44:52,3150.68,0,0,0,0,0,0
TELCOM.BSE_IDX,01/07/2025,11:45:00,3150.41,0,0,0,0,0,0
TELCOM.BSE_IDX,01/07/2025,11:45:08,3151.91,0,0,0,0,0,0
TELCOM.BSE_IDX,01/07/2025,11:45:16,3151.07,0,0,0,0,0,0
TELCOM.BSE_IDX,01/07/2025,11:45:24,3150.6,0,0,0,0,0,0
TELCOM.BSE_IDX,01/07/2025,11:45:32,3150.52,0,0,0,0,0,0
TELCOM.BSE_IDX,01/07/2025,11:45:40,3150.82,0,0,0,0,0,0
TELCOM.BSE_IDX,01/07/2025,11:45:48,3150.79,0,0,0,0,0,0
TELCOM.BSE_IDX,01/07/2025,11:45:56,3150.86,0,0,0,0,0,0
TELCOM.BSE_IDX,01/07/2025,11:46:04,3151.07,0,0,0,0,0,0
TELCOM.BSE_IDX,01/07/2025,11:46:12,3150.76,0,0,0,0,0,0
TELCOM.BSE_IDX,01/07/2025,11:46:20,3150.67,0,0,0,0,0,0
TELCOM.BSE_IDX,01/07/2025,11:46:28,3150.76,0,0,0,0,0,0
TELCOM.BSE_IDX,01/07/2025,11:46:36,3150.81,0,0,0,0,0,0
TELCOM.BSE_IDX,01/07/2025,11:46:44,3151.54,0,0,0,0,0,0
TELCOM.BSE_IDX,01/07/2025,11:46:52,3151.26,0,0,0,0,0,0
TELCOM.BSE_IDX,01/07/2025,11:47:00,3150.41,0,0,0,0,0,0
TELCOM.BSE_IDX,01/07/2025,11:47:08,3151.26,0,0,0,0,0,0
TELCOM.BSE_IDX,01/07/2025,11:47:16,3151.27,0,0,0,0,0,0
TELCOM.BSE_IDX,01/07/2025,11:47:24,3151.24,0,0,0,0,0,0
TELCOM.BSE_IDX,01/07/2025,11:47:32,3150.87,0,0,0,0,0,0
TELCOM.BSE_IDX,01/07/2025,11:47:40,3150.87,0,0,0,0,0,0
TELCOM.BSE_IDX,01/07/2025,11:47:48,3151.2,0,0,0,0,0,0
TELCOM.BSE_IDX,01/07/2025,11:47:56,3151.23,0,0,0,0,0,0
TELCOM.BSE_IDX,01/07/2025,11:48:04,3151.12,0,0,0,0,0,0
TELCOM.BSE_IDX,01/07/2025,11:48:12,3151.98,0,0,0,0,0,0
TELCOM.BSE_IDX,01/07/2025,11:48:20,3152.18,0,0,0,0,0,0
TELCOM.BSE_IDX,01/07/2025,11:48:28,3151.93,0,0,0,0,0,0
TELCOM.BSE_IDX,01/07/2025,11:48:36,3151.93,0,0,0,0,0,0
TELCOM.BSE_IDX,01/07/2025,11:48:44,3152,0,0,0,0,0,0
TELCOM.BSE_IDX,01/07/2025,11:48:52,3151.1,0,0,0,0,0,0
TELCOM.BSE_IDX,01/07/2025,11:49:01,3150.98,0,0,0,0,0,0
TELCOM.BSE_IDX,01/07/2025,11:49:09,3151,0,0,0,0,0,0
TELCOM.BSE_IDX,01/07/2025,11:49:16,3151.23,0,0,0,0,0,0
TELCOM.BSE_IDX,01/07/2025,11:49:24,3150.93,0,0,0,0,0,0
TELCOM.BSE_IDX,01/07/2025,11:49:32,3150.29,0,0,0,0,0,0
TELCOM.BSE_IDX,01/07/2025,11:49:40,3149.95,0,0,0,0,0,0
TELCOM.BSE_IDX,01/07/2025,11:49:49,3149.98,0,0,0,0,0,0
TELCOM.BSE_IDX,01/07/2025,11:49:56,3149.64,0,0,0,0,0,0
TELCOM.BSE_IDX,01/07/2025,11:50:04,3149.49,0,0,0,0,0,0
TELCOM.BSE_IDX,01/07/2025,11:50:12,3149.52,0,0,0,0,0,0
TELCOM.BSE_IDX,01/07/2025,11:50:20,3149.52,0,0,0,0,0,0
TELCOM.BSE_IDX,01/07/2025,11:50:28,3148.51,0,0,0,0,0,0
TELCOM.BSE_IDX,01/07/2025,11:50:36,3148.5,0,0,0,0,0,0
TELCOM.BSE_IDX,01/07/2025,11:50:44,3149.18,0,0,0,0,0,0
TELCOM.BSE_IDX,01/07/2025,11:50:52,3149.2,0,0,0,0,0,0
TELCOM.BSE_IDX,01/07/2025,11:51:00,3149.2,0,0,0,0,0,0
TELCOM.BSE_IDX,01/07/2025,11:51:08,3149.31,0,0,0,0,0,0
TELCOM.BSE_IDX,01/07/2025,11:51:16,3149.32,0,0,0,0,0,0
TELCOM.BSE_IDX,01/07/2025,11:51:24,3148.65,0,0,0,0,0,0
TELCOM.BSE_IDX,01/07/2025,11:51:32,3148.65,0,0,0,0,0,0
TELCOM.BSE_IDX,01/07/2025,11:51:40,3148.65,0,0,0,0,0,0
TELCOM.BSE_IDX,01/07/2025,11:51:48,3149.7,0,0,0,0,0,0
TELCOM.BSE_IDX,01/07/2025,11:51:56,3150.1,0,0,0,0,0,0
TELCOM.BSE_IDX,01/07/2025,11:52:04,3150.02,0,0,0,0,0,0
TELCOM.BSE_IDX,01/07/2025,11:52:12,3150.02,0,0,0,0,0,0
TELCOM.BSE_IDX,01/07/2025,11:52:20,3150.02,0,0,0,0,0,0
TELCOM.BSE_IDX,01/07/2025,11:52:28,3150.15,0,0,0,0,0,0
TELCOM.BSE_IDX,01/07/2025,11:52:36,3150.46,0,0,0,0,0,0
TELCOM.BSE_IDX,01/07/2025,11:52:44,3150.56,0,0,0,0,0,0
TELCOM.BSE_IDX,01/07/2025,11:52:52,3149.89,0,0,0,0,0,0
TELCOM.BSE_IDX,01/07/2025,11:53:00,3149.43,0,0,0,0,0,0
TELCOM.BSE_IDX,01/07/2025,11:53:08,3149.5,0,0,0,0,0,0
TELCOM.BSE_IDX,01/07/2025,11:53:16,3149.5,0,0,0,0,0,0
TELCOM.BSE_IDX,01/07/2025,11:53:24,3149.46,0,0,0,0,0,0
TELCOM.BSE_IDX,01/07/2025,11:53:32,3149.42,0,0,0,0,0,0
TELCOM.BSE_IDX,01/07/2025,11:53:40,3149.93,0,0,0,0,0,0
TELCOM.BSE_IDX,01/07/2025,11:53:48,3149.74,0,0,0,0,0,0
TELCOM.BSE_IDX,01/07/2025,11:53:56,3150.13,0,0,0,0,0,0
TELCOM.BSE_IDX,01/07/2025,11:54:04,3149.22,0,0,0,0,0,0
TELCOM.BSE_IDX,01/07/2025,11:54:12,3148.59,0,0,0,0,0,0
TELCOM.BSE_IDX,01/07/2025,11:54:20,3148.16,0,0,0,0,0,0
TELCOM.BSE_IDX,01/07/2025,11:54:28,3148.01,0,0,0,0,0,0
TELCOM.BSE_IDX,01/07/2025,11:54:36,3148.09,0,0,0,0,0,0
TELCOM.BSE_IDX,01/07/2025,11:54:44,3147.71,0,0,0,0,0,0
TELCOM.BSE_IDX,01/07/2025,11:54:52,3147.55,0,0,0,0,0,0
TELCOM.BSE_IDX,01/07/2025,11:55:00,3147.59,0,0,0,0,0,0
TELCOM.BSE_IDX,01/07/2025,11:55:08,3147.62,0,0,0,0,0,0
TELCOM.BSE_IDX,01/07/2025,11:55:17,3147.51,0,0,0,0,0,0
TELCOM.BSE_IDX,01/07/2025,11:55:24,3147.35,0,0,0,0,0,0
TELCOM.BSE_IDX,01/07/2025,11:55:32,3147.81,0,0,0,0,0,0
TELCOM.BSE_IDX,01/07/2025,11:55:40,3147.51,0,0,0,0,0,0
TELCOM.BSE_IDX,01/07/2025,11:55:48,3147.38,0,0,0,0,0,0
TELCOM.BSE_IDX,01/07/2025,11:55:56,3147.42,0,0,0,0,0,0
TELCOM.BSE_IDX,01/07/2025,11:56:05,3147.45,0,0,0,0,0,0
TELCOM.BSE_IDX,01/07/2025,11:56:12,3146.2,0,0,0,0,0,0
TELCOM.BSE_IDX,01/07/2025,11:56:20,3144.46,0,0,0,0,0,0
TELCOM.BSE_IDX,01/07/2025,11:56:28,3144.35,0,0,0,0,0,0
TELCOM.BSE_IDX,01/07/2025,11:56:36,3144.29,0,0,0,0,0,0
TELCOM.BSE_IDX,01/07/2025,11:56:44,3144.29,0,0,0,0,0,0
TELCOM.BSE_IDX,01/07/2025,11:56:52,3144.3,0,0,0,0,0,0
TELCOM.BSE_IDX,01/07/2025,11:57:00,3144.06,0,0,0,0,0,0
TELCOM.BSE_IDX,01/07/2025,11:57:08,3144.45,0,0,0,0,0,0
TELCOM.BSE_IDX,01/07/2025,11:57:16,3144.49,0,0,0,0,0,0
TELCOM.BSE_IDX,01/07/2025,11:57:24,3144.41,0,0,0,0,0,0
TELCOM.BSE_IDX,01/07/2025,11:57:32,3144.46,0,0,0,0,0,0
TELCOM.BSE_IDX,01/07/2025,11:57:40,3144.46,0,0,0,0,0,0
TELCOM.BSE_IDX,01/07/2025,11:57:48,3143.86,0,0,0,0,0,0
TELCOM.BSE_IDX,01/07/2025,11:57:56,3143.64,0,0,0,0,0,0
TELCOM.BSE_IDX,01/07/2025,11:58:04,3143.64,0,0,0,0,0,0
TELCOM.BSE_IDX,01/07/2025,11:58:12,3143.02,0,0,0,0,0,0
TELCOM.BSE_IDX,01/07/2025,11:58:20,3143.06,0,0,0,0,0,0
TELCOM.BSE_IDX,01/07/2025,11:58:28,3143.77,0,0,0,0,0,0
TELCOM.BSE_IDX,01/07/2025,11:58:36,3143.78,0,0,0,0,0,0
TELCOM.BSE_IDX,01/07/2025,11:58:44,3143.78,0,0,0,0,0,0
TELCOM.BSE_IDX,01/07/2025,11:58:52,3143.71,0,0,0,0,0,0
TELCOM.BSE_IDX,01/07/2025,11:59:00,3143.7,0,0,0,0,0,0
TELCOM.BSE_IDX,01/07/2025,11:59:08,3143.59,0,0,0,0,0,0
TELCOM.BSE_IDX,01/07/2025,11:59:16,3144.46,0,0,0,0,0,0
TELCOM.BSE_IDX,01/07/2025,11:59:24,3144.46,0,0,0,0,0,0
TELCOM.BSE_IDX,01/07/2025,11:59:32,3144.54,0,0,0,0,0,0
TELCOM.BSE_IDX,01/07/2025,11:59:40,3144.57,0,0,0,0,0,0
TELCOM.BSE_IDX,01/07/2025,11:59:48,3144.71,0,0,0,0,0,0
TELCOM.BSE_IDX,01/07/2025,11:59:56,3144.93,0,0,0,0,0,0
TELCOM.BSE_IDX,01/07/2025,12:00:05,3144.49,0,0,0,0,0,0
TELCOM.BSE_IDX,01/07/2025,12:00:12,3144.48,0,0,0,0,0,0
TELCOM.BSE_IDX,01/07/2025,12:00:20,3144.48,0,0,0,0,0,0
TELCOM.BSE_IDX,01/07/2025,12:00:28,3144.58,0,0,0,0,0,0
TELCOM.BSE_IDX,01/07/2025,12:00:37,3144.65,0,0,0,0,0,0
TELCOM.BSE_IDX,01/07/2025,12:00:44,3144.59,0,0,0,0,0,0
TELCOM.BSE_IDX,01/07/2025,12:00:52,3145.03,0,0,0,0,0,0
TELCOM.BSE_IDX,01/07/2025,12:01:00,3146.07,0,0,0,0,0,0
TELCOM.BSE_IDX,01/07/2025,12:01:08,3146.68,0,0,0,0,0,0
TELCOM.BSE_IDX,01/07/2025,12:01:16,3146.82,0,0,0,0,0,0
TELCOM.BSE_IDX,01/07/2025,12:01:24,3146.93,0,0,0,0,0,0
TELCOM.BSE_IDX,01/07/2025,12:01:32,3146.51,0,0,0,0,0,0
TELCOM.BSE_IDX,01/07/2025,12:01:40,3146.32,0,0,0,0,0,0
TELCOM.BSE_IDX,01/07/2025,12:01:48,3146.31,0,0,0,0,0,0
TELCOM.BSE_IDX,01/07/2025,12:01:57,3146.31,0,0,0,0,0,0
TELCOM.BSE_IDX,01/07/2025,12:02:04,3146.82,0,0,0,0,0,0
TELCOM.BSE_IDX,01/07/2025,12:02:12,3146.93,0,0,0,0,0,0
TELCOM.BSE_IDX,01/07/2025,12:02:20,3146.73,0,0,0,0,0,0
TELCOM.BSE_IDX,01/07/2025,12:02:28,3146.56,0,0,0,0,0,0
TELCOM.BSE_IDX,01/07/2025,12:02:36,3146.45,0,0,0,0,0,0
TELCOM.BSE_IDX,01/07/2025,12:02:44,3146.54,0,0,0,0,0,0
TELCOM.BSE_IDX,01/07/2025,12:02:52,3146.41,0,0,0,0,0,0
TELCOM.BSE_IDX,01/07/2025,12:03:00,3146.41,0,0,0,0,0,0
TELCOM.BSE_IDX,01/07/2025,12:03:08,3146.32,0,0,0,0,0,0
TELCOM.BSE_IDX,01/07/2025,12:03:17,3145.74,0,0,0,0,0,0
TELCOM.BSE_IDX,01/07/2025,12:03:24,3145.54,0,0,0,0,0,0
TELCOM.BSE_IDX,01/07/2025,12:03:32,3145.5,0,0,0,0,0,0
TELCOM.BSE_IDX,01/07/2025,12:03:40,3145.5,0,0,0,0,0,0
TELCOM.BSE_IDX,01/07/2025,12:03:48,3144.98,0,0,0,0,0,0
TELCOM.BSE_IDX,01/07/2025,12:03:56,3144.98,0,0,0,0,0,0
TELCOM.BSE_IDX,01/07/2025,12:04:04,3145.43,0,0,0,0,0,0
TELCOM.BSE_IDX,01/07/2025,12:04:12,3145.76,0,0,0,0,0,0
TELCOM.BSE_IDX,01/07/2025,12:04:20,3145.92,0,0,0,0,0,0
TELCOM.BSE_IDX,01/07/2025,12:04:28,3145.94,0,0,0,0,0,0
TELCOM.BSE_IDX,01/07/2025,12:04:36,3145.68,0,0,0,0,0,0
TELCOM.BSE_IDX,01/07/2025,12:04:44,3145.68,0,0,0,0,0,0
TELCOM.BSE_IDX,01/07/2025,12:04:52,3145.61,0,0,0,0,0,0
TELCOM.BSE_IDX,01/07/2025,12:05:01,3145.72,0,0,0,0,0,0
TELCOM.BSE_IDX,01/07/2025,12:05:08,3145.62,0,0,0,0,0,0
TELCOM.BSE_IDX,01/07/2025,12:05:16,3145.87,0,0,0,0,0,0
TELCOM.BSE_IDX,01/07/2025,12:05:24,3145.82,0,0,0,0,0,0
TELCOM.BSE_IDX,01/07/2025,12:05:32,3145.63,0,0,0,0,0,0
TELCOM.BSE_IDX,01/07/2025,12:05:40,3145.64,0,0,0,0,0,0
TELCOM.BSE_IDX,01/07/2025,12:05:48,3145.64,0,0,0,0,0,0
TELCOM.BSE_IDX,01/07/2025,12:05:56,3145.04,0,0,0,0,0,0
TELCOM.BSE_IDX,01/07/2025,12:06:04,3144.93,0,0,0,0,0,0
TELCOM.BSE_IDX,01/07/2025,12:06:12,3144.93,0,0,0,0,0,0
TELCOM.BSE_IDX,01/07/2025,12:06:20,3145.02,0,0,0,0,0,0
TELCOM.BSE_IDX,01/07/2025,12:06:28,3145.06,0,0,0,0,0,0
TELCOM.BSE_IDX,01/07/2025,12:06:36,3145.06,0,0,0,0,0,0
TELCOM.BSE_IDX,01/07/2025,12:06:44,3145.08,0,0,0,0,0,0
TELCOM.BSE_IDX,01/07/2025,12:06:53,3144.75,0,0,0,0,0,0
TELCOM.BSE_IDX,01/07/2025,12:07:00,3144.75,0,0,0,0,0,0
TELCOM.BSE_IDX,01/07/2025,12:07:08,3144.6,0,0,0,0,0,0
TELCOM.BSE_IDX,01/07/2025,12:07:16,3144.74,0,0,0,0,0,0
TELCOM.BSE_IDX,01/07/2025,12:07:24,3144.57,0,0,0,0,0,0
TELCOM.BSE_IDX,01/07/2025,12:07:32,3144.59,0,0,0,0,0,0
TELCOM.BSE_IDX,01/07/2025,12:07:40,3144.59,0,0,0,0,0,0
TELCOM.BSE_IDX,01/07/2025,12:07:48,3144.55,0,0,0,0,0,0
TELCOM.BSE_IDX,01/07/2025,12:07:56,3144.55,0,0,0,0,0,0
TELCOM.BSE_IDX,01/07/2025,12:08:04,3144.53,0,0,0,0,0,0
TELCOM.BSE_IDX,01/07/2025,12:08:12,3144.69,0,0,0,0,0,0
TELCOM.BSE_IDX,01/07/2025,12:08:20,3144.63,0,0,0,0,0,0
TELCOM.BSE_IDX,01/07/2025,12:08:28,3144.15,0,0,0,0,0,0
TELCOM.BSE_IDX,01/07/2025,12:08:36,3144.14,0,0,0,0,0,0
TELCOM.BSE_IDX,01/07/2025,12:08:44,3144.15,0,0,0,0,0,0
TELCOM.BSE_IDX,01/07/2025,12:08:52,3144.14,0,0,0,0,0,0
TELCOM.BSE_IDX,01/07/2025,12:09:00,3144.14,0,0,0,0,0,0
TELCOM.BSE_IDX,01/07/2025,12:09:08,3144.12,0,0,0,0,0,0
TELCOM.BSE_IDX,01/07/2025,12:09:16,3144.49,0,0,0,0,0,0
TELCOM.BSE_IDX,01/07/2025,12:09:25,3144.49,0,0,0,0,0,0
TELCOM.BSE_IDX,01/07/2025,12:09:32,3145.5,0,0,0,0,0,0
TELCOM.BSE_IDX,01/07/2025,12:09:40,3145.94,0,0,0,0,0,0
TELCOM.BSE_IDX,01/07/2025,12:09:48,3145.91,0,0,0,0,0,0
TELCOM.BSE_IDX,01/07/2025,12:09:57,3145.95,0,0,0,0,0,0
TELCOM.BSE_IDX,01/07/2025,12:10:05,3145.95,0,0,0,0,0,0
TELCOM.BSE_IDX,01/07/2025,12:10:13,3145.87,0,0,0,0,0,0
TELCOM.BSE_IDX,01/07/2025,12:10:22,3146.01,0,0,0,0,0,0
TELCOM.BSE_IDX,01/07/2025,12:10:28,3145.92,0,0,0,0,0,0
TELCOM.BSE_IDX,01/07/2025,12:10:36,3145.93,0,0,0,0,0,0
TELCOM.BSE_IDX,01/07/2025,12:10:45,3145.61,0,0,0,0,0,0
TELCOM.BSE_IDX,01/07/2025,12:10:52,3145.76,0,0,0,0,0,0
TELCOM.BSE_IDX,01/07/2025,12:11:00,3145.76,0,0,0,0,0,0
TELCOM.BSE_IDX,01/07/2025,12:11:08,3146.3,0,0,0,0,0,0
TELCOM.BSE_IDX,01/07/2025,12:11:17,3146.53,0,0,0,0,0,0
TELCOM.BSE_IDX,01/07/2025,12:11:24,3146.49,0,0,0,0,0,0
TELCOM.BSE_IDX,01/07/2025,12:11:32,3146.52,0,0,0,0,0,0
TELCOM.BSE_IDX,01/07/2025,12:11:40,3146.69,0,0,0,0,0,0
TELCOM.BSE_IDX,01/07/2025,12:11:49,3146.93,0,0,0,0,0,0
TELCOM.BSE_IDX,01/07/2025,12:11:57,3146.93,0,0,0,0,0,0
TELCOM.BSE_IDX,01/07/2025,12:12:05,3146.87,0,0,0,0,0,0
TELCOM.BSE_IDX,01/07/2025,12:12:13,3146.74,0,0,0,0,0,0
TELCOM.BSE_IDX,01/07/2025,12:12:21,3147.24,0,0,0,0,0,0
TELCOM.BSE_IDX,01/07/2025,12:12:29,3147.35,0,0,0,0,0,0
TELCOM.BSE_IDX,01/07/2025,12:12:37,3147.55,0,0,0,0,0,0
TELCOM.BSE_IDX,01/07/2025,12:12:45,3147.55,0,0,0,0,0,0
TELCOM.BSE_IDX,01/07/2025,12:12:53,3147.29,0,0,0,0,0,0
TELCOM.BSE_IDX,01/07/2025,12:13:01,3146.9,0,0,0,0,0,0
TELCOM.BSE_IDX,01/07/2025,12:13:09,3147.74,0,0,0,0,0,0
TELCOM.BSE_IDX,01/07/2025,12:13:17,3147.74,0,0,0,0,0,0
TELCOM.BSE_IDX,01/07/2025,12:13:25,3147.92,0,0,0,0,0,0
TELCOM.BSE_IDX,01/07/2025,12:13:33,3147.94,0,0,0,0,0,0
TELCOM.BSE_IDX,01/07/2025,12:13:41,3147.77,0,0,0,0,0,0
TELCOM.BSE_IDX,01/07/2025,12:13:49,3148.06,0,0,0,0,0,0
TELCOM.BSE_IDX,01/07/2025,12:13:57,3148.01,0,0,0,0,0,0
TELCOM.BSE_IDX,01/07/2025,12:14:05,3147.88,0,0,0,0,0,0
TELCOM.BSE_IDX,01/07/2025,12:14:13,3147.93,0,0,0,0,0,0
TELCOM.BSE_IDX,01/07/2025,12:14:21,3147.78,0,0,0,0,0,0
TELCOM.BSE_IDX,01/07/2025,12:14:29,3147.75,0,0,0,0,0,0
TELCOM.BSE_IDX,01/07/2025,12:14:37,3147.66,0,0,0,0,0,0
TELCOM.BSE_IDX,01/07/2025,12:14:46,3147.7,0,0,0,0,0,0
TELCOM.BSE_IDX,01/07/2025,12:14:54,3148.1,0,0,0,0,0,0
TELCOM.BSE_IDX,01/07/2025,12:15:01,3147.91,0,0,0,0,0,0
TELCOM.BSE_IDX,01/07/2025,12:15:09,3147.7,0,0,0,0,0,0
TELCOM.BSE_IDX,01/07/2025,12:15:17,3147.74,0,0,0,0,0,0
TELCOM.BSE_IDX,01/07/2025,12:15:25,3147.72,0,0,0,0,0,0
TELCOM.BSE_IDX,01/07/2025,12:15:33,3147.66,0,0,0,0,0,0
TELCOM.BSE_IDX,01/07/2025,12:15:41,3147.7,0,0,0,0,0,0
TELCOM.BSE_IDX,01/07/2025,12:15:49,3147.7,0,0,0,0,0,0
TELCOM.BSE_IDX,01/07/2025,12:15:57,3147.7,0,0,0,0,0,0
TELCOM.BSE_IDX,01/07/2025,12:16:05,3147.7,0,0,0,0,0,0
TELCOM.BSE_IDX,01/07/2025,12:16:13,3147.75,0,0,0,0,0,0
TELCOM.BSE_IDX,01/07/2025,12:16:21,3147.68,0,0,0,0,0,0
TELCOM.BSE_IDX,01/07/2025,12:16:29,3148.36,0,0,0,0,0,0
TELCOM.BSE_IDX,01/07/2025,12:16:37,3148.29,0,0,0,0,0,0
TELCOM.BSE_IDX,01/07/2025,12:16:45,3148.3,0,0,0,0,0,0
TELCOM.BSE_IDX,01/07/2025,12:16:53,3147.66,0,0,0,0,0,0
TELCOM.BSE_IDX,01/07/2025,12:17:01,3147.4,0,0,0,0,0,0
TELCOM.BSE_IDX,01/07/2025,12:17:09,3147.53,0,0,0,0,0,0
TELCOM.BSE_IDX,01/07/2025,12:17:17,3147.53,0,0,0,0,0,0
TELCOM.BSE_IDX,01/07/2025,12:17:25,3147.53,0,0,0,0,0,0
TELCOM.BSE_IDX,01/07/2025,12:17:33,3147.14,0,0,0,0,0,0
TELCOM.BSE_IDX,01/07/2025,12:17:41,3147.26,0,0,0,0,0,0
TELCOM.BSE_IDX,01/07/2025,12:17:49,3147.07,0,0,0,0,0,0
TELCOM.BSE_IDX,01/07/2025,12:17:57,3146.94,0,0,0,0,0,0
TELCOM.BSE_IDX,01/07/2025,12:18:05,3147.08,0,0,0,0,0,0
TELCOM.BSE_IDX,01/07/2025,12:18:13,3146.93,0,0,0,0,0,0
TELCOM.BSE_IDX,01/07/2025,12:18:21,3146.92,0,0,0,0,0,0
TELCOM.BSE_IDX,01/07/2025,12:18:29,3146.89,0,0,0,0,0,0
TELCOM.BSE_IDX,01/07/2025,12:18:37,3147.2,0,0,0,0,0,0
TELCOM.BSE_IDX,01/07/2025,12:18:45,3146.95,0,0,0,0,0,0
TELCOM.BSE_IDX,01/07/2025,12:18:53,3147.06,0,0,0,0,0,0
TELCOM.BSE_IDX,01/07/2025,12:19:01,3147.03,0,0,0,0,0,0
TELCOM.BSE_IDX,01/07/2025,12:19:09,3147.01,0,0,0,0,0,0
TELCOM.BSE_IDX,01/07/2025,12:19:17,3146.9,0,0,0,0,0,0
TELCOM.BSE_IDX,01/07/2025,12:19:25,3147.25,0,0,0,0,0,0
TELCOM.BSE_IDX,01/07/2025,12:19:33,3147.59,0,0,0,0,0,0
TELCOM.BSE_IDX,01/07/2025,12:19:41,3147.47,0,0,0,0,0,0
TELCOM.BSE_IDX,01/07/2025,12:19:49,3147.52,0,0,0,0,0,0
TELCOM.BSE_IDX,01/07/2025,12:19:57,3148.19,0,0,0,0,0,0
TELCOM.BSE_IDX,01/07/2025,12:20:05,3148.4,0,0,0,0,0,0
TELCOM.BSE_IDX,01/07/2025,12:20:13,3148.34,0,0,0,0,0,0
TELCOM.BSE_IDX,01/07/2025,12:20:21,3148.34,0,0,0,0,0,0
TELCOM.BSE_IDX,01/07/2025,12:20:29,3149.86,0,0,0,0,0,0
TELCOM.BSE_IDX,01/07/2025,12:20:37,3150.41,0,0,0,0,0,0
TELCOM.BSE_IDX,01/07/2025,12:20:45,3150.41,0,0,0,0,0,0
TELCOM.BSE_IDX,01/07/2025,12:20:53,3150.18,0,0,0,0,0,0
TELCOM.BSE_IDX,01/07/2025,12:21:01,3150.37,0,0,0,0,0,0
TELCOM.BSE_IDX,01/07/2025,12:21:09,3150.37,0,0,0,0,0,0
TELCOM.BSE_IDX,01/07/2025,12:21:17,3150.37,0,0,0,0,0,0
TELCOM.BSE_IDX,01/07/2025,12:21:25,3150.35,0,0,0,0,0,0
TELCOM.BSE_IDX,01/07/2025,12:21:33,3150.28,0,0,0,0,0,0
TELCOM.BSE_IDX,01/07/2025,12:21:41,3150.44,0,0,0,0,0,0
TELCOM.BSE_IDX,01/07/2025,12:21:49,3151.53,0,0,0,0,0,0
TELCOM.BSE_IDX,01/07/2025,12:21:57,3151.57,0,0,0,0,0,0
TELCOM.BSE_IDX,01/07/2025,12:22:05,3151.47,0,0,0,0,0,0
TELCOM.BSE_IDX,01/07/2025,12:22:13,3151.98,0,0,0,0,0,0
TELCOM.BSE_IDX,01/07/2025,12:22:21,3151.82,0,0,0,0,0,0
TELCOM.BSE_IDX,01/07/2025,12:22:29,3151.84,0,0,0,0,0,0
TELCOM.BSE_IDX,01/07/2025,12:22:37,3151.84,0,0,0,0,0,0
TELCOM.BSE_IDX,01/07/2025,12:22:45,3151.88,0,0,0,0,0,0
TELCOM.BSE_IDX,01/07/2025,12:22:53,3151.88,0,0,0,0,0,0
TELCOM.BSE_IDX,01/07/2025,12:23:02,3151.97,0,0,0,0,0,0
TELCOM.BSE_IDX,01/07/2025,12:23:09,3150.46,0,0,0,0,0,0
TELCOM.BSE_IDX,01/07/2025,12:23:17,3150.39,0,0,0,0,0,0
TELCOM.BSE_IDX,01/07/2025,12:23:25,3150.39,0,0,0,0,0,0
TELCOM.BSE_IDX,01/07/2025,12:23:33,3150.4,0,0,0,0,0,0
TELCOM.BSE_IDX,01/07/2025,12:23:41,3150.4,0,0,0,0,0,0
TELCOM.BSE_IDX,01/07/2025,12:23:49,3150.58,0,0,0,0,0,0
TELCOM.BSE_IDX,01/07/2025,12:23:57,3150.58,0,0,0,0,0,0
TELCOM.BSE_IDX,01/07/2025,12:24:05,3150.81,0,0,0,0,0,0
TELCOM.BSE_IDX,01/07/2025,12:24:13,3150.93,0,0,0,0,0,0
TELCOM.BSE_IDX,01/07/2025,12:24:21,3151,0,0,0,0,0,0
TELCOM.BSE_IDX,01/07/2025,12:24:29,3150.98,0,0,0,0,0,0
TELCOM.BSE_IDX,01/07/2025,12:24:37,3151.06,0,0,0,0,0,0
TELCOM.BSE_IDX,01/07/2025,12:24:45,3151.3,0,0,0,0,0,0
TELCOM.BSE_IDX,01/07/2025,12:24:53,3151.07,0,0,0,0,0,0
TELCOM.BSE_IDX,01/07/2025,12:25:01,3151.07,0,0,0,0,0,0
TELCOM.BSE_IDX,01/07/2025,12:25:09,3150.98,0,0,0,0,0,0
TELCOM.BSE_IDX,01/07/2025,12:25:17,3151.05,0,0,0,0,0,0
TELCOM.BSE_IDX,01/07/2025,12:25:25,3151.15,0,0,0,0,0,0
TELCOM.BSE_IDX,01/07/2025,12:25:33,3151.15,0,0,0,0,0,0
TELCOM.BSE_IDX,01/07/2025,12:25:41,3151.09,0,0,0,0,0,0
TELCOM.BSE_IDX,01/07/2025,12:25:49,3151.52,0,0,0,0,0,0
TELCOM.BSE_IDX,01/07/2025,12:25:57,3151.59,0,0,0,0,0,0
TELCOM.BSE_IDX,01/07/2025,12:26:05,3151.55,0,0,0,0,0,0
TELCOM.BSE_IDX,01/07/2025,12:26:13,3152.3,0,0,0,0,0,0
TELCOM.BSE_IDX,01/07/2025,12:26:21,3151.65,0,0,0,0,0,0
TELCOM.BSE_IDX,01/07/2025,12:26:31,3151.73,0,0,0,0,0,0
TELCOM.BSE_IDX,01/07/2025,12:26:37,3151.63,0,0,0,0,0,0
TELCOM.BSE_IDX,01/07/2025,12:26:45,3151.64,0,0,0,0,0,0
TELCOM.BSE_IDX,01/07/2025,12:26:53,3151.64,0,0,0,0,0,0
TELCOM.BSE_IDX,01/07/2025,12:27:01,3151.38,0,0,0,0,0,0
TELCOM.BSE_IDX,01/07/2025,12:27:09,3152.11,0,0,0,0,0,0
TELCOM.BSE_IDX,01/07/2025,12:27:17,3153.12,0,0,0,0,0,0
TELCOM.BSE_IDX,01/07/2025,12:27:25,3153.12,0,0,0,0,0,0
TELCOM.BSE_IDX,01/07/2025,12:27:33,3153.12,0,0,0,0,0,0
TELCOM.BSE_IDX,01/07/2025,12:27:41,3152.86,0,0,0,0,0,0
TELCOM.BSE_IDX,01/07/2025,12:27:49,3152.55,0,0,0,0,0,0
TELCOM.BSE_IDX,01/07/2025,12:27:57,3151.82,0,0,0,0,0,0
TELCOM.BSE_IDX,01/07/2025,12:28:05,3151.92,0,0,0,0,0,0
TELCOM.BSE_IDX,01/07/2025,12:28:13,3151.87,0,0,0,0,0,0
TELCOM.BSE_IDX,01/07/2025,12:28:21,3151.87,0,0,0,0,0,0
TELCOM.BSE_IDX,01/07/2025,12:28:29,3151.34,0,0,0,0,0,0
TELCOM.BSE_IDX,01/07/2025,12:28:37,3151.34,0,0,0,0,0,0
TELCOM.BSE_IDX,01/07/2025,12:28:45,3151.26,0,0,0,0,0,0
TELCOM.BSE_IDX,01/07/2025,12:28:53,3151.21,0,0,0,0,0,0
TELCOM.BSE_IDX,01/07/2025,12:29:01,3149.65,0,0,0,0,0,0
TELCOM.BSE_IDX,01/07/2025,12:29:10,3149.62,0,0,0,0,0,0
TELCOM.BSE_IDX,01/07/2025,12:29:18,3149.63,0,0,0,0,0,0
TELCOM.BSE_IDX,01/07/2025,12:29:25,3150.54,0,0,0,0,0,0
TELCOM.BSE_IDX,01/07/2025,12:29:33,3150.52,0,0,0,0,0,0
TELCOM.BSE_IDX,01/07/2025,12:29:41,3150.33,0,0,0,0,0,0
TELCOM.BSE_IDX,01/07/2025,12:29:49,3150.78,0,0,0,0,0,0
TELCOM.BSE_IDX,01/07/2025,12:29:57,3150.69,0,0,0,0,0,0
TELCOM.BSE_IDX,01/07/2025,12:30:05,3150.69,0,0,0,0,0,0
TELCOM.BSE_IDX,01/07/2025,12:30:13,3150.7,0,0,0,0,0,0
TELCOM.BSE_IDX,01/07/2025,12:30:22,3150.66,0,0,0,0,0,0
TELCOM.BSE_IDX,01/07/2025,12:30:29,3150.75,0,0,0,0,0,0
TELCOM.BSE_IDX,01/07/2025,12:30:37,3150.67,0,0,0,0,0,0
TELCOM.BSE_IDX,01/07/2025,12:30:45,3150.67,0,0,0,0,0,0
TELCOM.BSE_IDX,01/07/2025,12:30:53,3150.51,0,0,0,0,0,0
TELCOM.BSE_IDX,01/07/2025,12:31:01,3150.57,0,0,0,0,0,0
TELCOM.BSE_IDX,01/07/2025,12:31:09,3150.23,0,0,0,0,0,0
TELCOM.BSE_IDX,01/07/2025,12:31:17,3149.83,0,0,0,0,0,0
TELCOM.BSE_IDX,01/07/2025,12:31:25,3149.78,0,0,0,0,0,0
TELCOM.BSE_IDX,01/07/2025,12:31:34,3149.69,0,0,0,0,0,0
TELCOM.BSE_IDX,01/07/2025,12:31:41,3150.44,0,0,0,0,0,0
TELCOM.BSE_IDX,01/07/2025,12:31:49,3150.4,0,0,0,0,0,0
TELCOM.BSE_IDX,01/07/2025,12:31:57,3150.3,0,0,0,0,0,0
TELCOM.BSE_IDX,01/07/2025,12:32:05,3150.33,0,0,0,0,0,0
TELCOM.BSE_IDX,01/07/2025,12:32:13,3150.33,0,0,0,0,0,0
TELCOM.BSE_IDX,01/07/2025,12:32:21,3149.99,0,0,0,0,0,0
TELCOM.BSE_IDX,01/07/2025,12:32:29,3151.17,0,0,0,0,0,0
TELCOM.BSE_IDX,01/07/2025,12:32:37,3151.2,0,0,0,0,0,0
TELCOM.BSE_IDX,01/07/2025,12:32:45,3151.14,0,0,0,0,0,0
TELCOM.BSE_IDX,01/07/2025,12:32:53,3150.88,0,0,0,0,0,0
TELCOM.BSE_IDX,01/07/2025,12:33:01,3150.9,0,0,0,0,0,0
TELCOM.BSE_IDX,01/07/2025,12:33:09,3150.83,0,0,0,0,0,0
TELCOM.BSE_IDX,01/07/2025,12:33:17,3150.83,0,0,0,0,0,0
TELCOM.BSE_IDX,01/07/2025,12:33:26,3150.83,0,0,0,0,0,0
TELCOM.BSE_IDX,01/07/2025,12:33:33,3150.87,0,0,0,0,0,0
TELCOM.BSE_IDX,01/07/2025,12:33:41,3150.67,0,0,0,0,0,0
TELCOM.BSE_IDX,01/07/2025,12:33:49,3150.36,0,0,0,0,0,0
TELCOM.BSE_IDX,01/07/2025,12:33:57,3150.5,0,0,0,0,0,0
TELCOM.BSE_IDX,01/07/2025,12:34:05,3150.51,0,0,0,0,0,0
TELCOM.BSE_IDX,01/07/2025,12:34:13,3150.54,0,0,0,0,0,0
TELCOM.BSE_IDX,01/07/2025,12:34:21,3151.78,0,0,0,0,0,0
TELCOM.BSE_IDX,01/07/2025,12:34:29,3152.71,0,0,0,0,0,0
TELCOM.BSE_IDX,01/07/2025,12:34:37,3152.16,0,0,0,0,0,0
TELCOM.BSE_IDX,01/07/2025,12:34:45,3151.87,0,0,0,0,0,0
TELCOM.BSE_IDX,01/07/2025,12:34:53,3152.06,0,0,0,0,0,0
TELCOM.BSE_IDX,01/07/2025,12:35:01,3152.06,0,0,0,0,0,0
TELCOM.BSE_IDX,01/07/2025,12:35:09,3152.36,0,0,0,0,0,0
TELCOM.BSE_IDX,01/07/2025,12:35:17,3152.61,0,0,0,0,0,0
TELCOM.BSE_IDX,01/07/2025,12:35:25,3152.55,0,0,0,0,0,0
TELCOM.BSE_IDX,01/07/2025,12:35:33,3152.42,0,0,0,0,0,0
TELCOM.BSE_IDX,01/07/2025,12:35:41,3152.59,0,0,0,0,0,0
TELCOM.BSE_IDX,01/07/2025,12:35:49,3153.83,0,0,0,0,0,0
TELCOM.BSE_IDX,01/07/2025,12:35:57,3153.17,0,0,0,0,0,0
TELCOM.BSE_IDX,01/07/2025,12:36:05,3153.18,0,0,0,0,0,0
TELCOM.BSE_IDX,01/07/2025,12:36:13,3153.18,0,0,0,0,0,0
TELCOM.BSE_IDX,01/07/2025,12:36:21,3153.31,0,0,0,0,0,0
TELCOM.BSE_IDX,01/07/2025,12:36:29,3153.55,0,0,0,0,0,0
TELCOM.BSE_IDX,01/07/2025,12:36:37,3153.48,0,0,0,0,0,0
TELCOM.BSE_IDX,01/07/2025,12:36:45,3154.32,0,0,0,0,0,0
TELCOM.BSE_IDX,01/07/2025,12:36:53,3154.2,0,0,0,0,0,0
TELCOM.BSE_IDX,01/07/2025,12:37:01,3154.2,0,0,0,0,0,0
TELCOM.BSE_IDX,01/07/2025,12:37:09,3154.28,0,0,0,0,0,0
TELCOM.BSE_IDX,01/07/2025,12:37:17,3153.94,0,0,0,0,0,0
TELCOM.BSE_IDX,01/07/2025,12:37:25,3153.76,0,0,0,0,0,0
TELCOM.BSE_IDX,01/07/2025,12:37:33,3154.18,0,0,0,0,0,0
TELCOM.BSE_IDX,01/07/2025,12:37:41,3153.19,0,0,0,0,0,0
TELCOM.BSE_IDX,01/07/2025,12:37:49,3153.99,0,0,0,0,0,0
TELCOM.BSE_IDX,01/07/2025,12:37:57,3153.98,0,0,0,0,0,0
TELCOM.BSE_IDX,01/07/2025,12:38:05,3153.95,0,0,0,0,0,0
TELCOM.BSE_IDX,01/07/2025,12:38:13,3153.15,0,0,0,0,0,0
TELCOM.BSE_IDX,01/07/2025,12:38:22,3153.13,0,0,0,0,0,0
TELCOM.BSE_IDX,01/07/2025,12:38:29,3153,0,0,0,0,0,0
TELCOM.BSE_IDX,01/07/2025,12:38:39,3153.77,0,0,0,0,0,0
TELCOM.BSE_IDX,01/07/2025,12:38:45,3153.28,0,0,0,0,0,0
TELCOM.BSE_IDX,01/07/2025,12:38:53,3153.31,0,0,0,0,0,0
TELCOM.BSE_IDX,01/07/2025,12:39:01,3152.34,0,0,0,0,0,0
TELCOM.BSE_IDX,01/07/2025,12:39:10,3151.71,0,0,0,0,0,0
TELCOM.BSE_IDX,01/07/2025,12:39:17,3151.81,0,0,0,0,0,0
TELCOM.BSE_IDX,01/07/2025,12:39:25,3151.73,0,0,0,0,0,0
TELCOM.BSE_IDX,01/07/2025,12:39:34,3151.74,0,0,0,0,0,0
TELCOM.BSE_IDX,01/07/2025,12:39:42,3151.74,0,0,0,0,0,0
TELCOM.BSE_IDX,01/07/2025,12:39:49,3151.9,0,0,0,0,0,0
TELCOM.BSE_IDX,01/07/2025,12:39:57,3151.9,0,0,0,0,0,0
TELCOM.BSE_IDX,01/07/2025,12:40:05,3151.9,0,0,0,0,0,0
TELCOM.BSE_IDX,01/07/2025,12:40:14,3151.9,0,0,0,0,0,0
TELCOM.BSE_IDX,01/07/2025,12:40:21,3152.22,0,0,0,0,0,0
TELCOM.BSE_IDX,01/07/2025,12:40:29,3152.18,0,0,0,0,0,0
TELCOM.BSE_IDX,01/07/2025,12:40:37,3152.19,0,0,0,0,0,0
TELCOM.BSE_IDX,01/07/2025,12:40:45,3152.19,0,0,0,0,0,0
TELCOM.BSE_IDX,01/07/2025,12:40:54,3152.3,0,0,0,0,0,0
TELCOM.BSE_IDX,01/07/2025,12:41:01,3152.86,0,0,0,0,0,0
TELCOM.BSE_IDX,01/07/2025,12:41:09,3152.76,0,0,0,0,0,0
TELCOM.BSE_IDX,01/07/2025,12:41:17,3152.76,0,0,0,0,0,0
TELCOM.BSE_IDX,01/07/2025,12:41:25,3152.65,0,0,0,0,0,0
TELCOM.BSE_IDX,01/07/2025,12:41:33,3152.51,0,0,0,0,0,0
TELCOM.BSE_IDX,01/07/2025,12:41:41,3152.55,0,0,0,0,0,0
TELCOM.BSE_IDX,01/07/2025,12:41:49,3152.46,0,0,0,0,0,0
TELCOM.BSE_IDX,01/07/2025,12:41:57,3152.46,0,0,0,0,0,0
TELCOM.BSE_IDX,01/07/2025,12:42:05,3152.58,0,0,0,0,0,0
TELCOM.BSE_IDX,01/07/2025,12:42:13,3152.56,0,0,0,0,0,0
TELCOM.BSE_IDX,01/07/2025,12:42:21,3152.54,0,0,0,0,0,0
TELCOM.BSE_IDX,01/07/2025,12:42:29,3153.27,0,0,0,0,0,0
TELCOM.BSE_IDX,01/07/2025,12:42:37,3153.56,0,0,0,0,0,0
TELCOM.BSE_IDX,01/07/2025,12:42:45,3153.57,0,0,0,0,0,0
TELCOM.BSE_IDX,01/07/2025,12:42:53,3153.57,0,0,0,0,0,0
TELCOM.BSE_IDX,01/07/2025,12:43:01,3153.58,0,0,0,0,0,0
TELCOM.BSE_IDX,01/07/2025,12:43:10,3151.57,0,0,0,0,0,0
TELCOM.BSE_IDX,01/07/2025,12:43:17,3151.51,0,0,0,0,0,0
TELCOM.BSE_IDX,01/07/2025,12:43:26,3151.76,0,0,0,0,0,0
TELCOM.BSE_IDX,01/07/2025,12:43:33,3151.85,0,0,0,0,0,0
TELCOM.BSE_IDX,01/07/2025,12:43:41,3151.98,0,0,0,0,0,0
TELCOM.BSE_IDX,01/07/2025,12:43:49,3152,0,0,0,0,0,0
TELCOM.BSE_IDX,01/07/2025,12:43:58,3152.48,0,0,0,0,0,0
TELCOM.BSE_IDX,01/07/2025,12:44:05,3152.52,0,0,0,0,0,0
TELCOM.BSE_IDX,01/07/2025,12:44:14,3152.52,0,0,0,0,0,0
TELCOM.BSE_IDX,01/07/2025,12:44:21,3152.52,0,0,0,0,0,0
TELCOM.BSE_IDX,01/07/2025,12:44:29,3152.2,0,0,0,0,0,0
TELCOM.BSE_IDX,01/07/2025,12:44:38,3152.55,0,0,0,0,0,0
TELCOM.BSE_IDX,01/07/2025,12:44:45,3152.75,0,0,0,0,0,0
TELCOM.BSE_IDX,01/07/2025,12:44:53,3152.74,0,0,0,0,0,0
TELCOM.BSE_IDX,01/07/2025,12:45:01,3152.5,0,0,0,0,0,0
TELCOM.BSE_IDX,01/07/2025,12:45:11,3152.5,0,0,0,0,0,0
TELCOM.BSE_IDX,01/07/2025,12:45:17,3152.45,0,0,0,0,0,0
TELCOM.BSE_IDX,01/07/2025,12:45:25,3152.45,0,0,0,0,0,0
TELCOM.BSE_IDX,01/07/2025,12:45:34,3152.67,0,0,0,0,0,0
TELCOM.BSE_IDX,01/07/2025,12:45:42,3152.55,0,0,0,0,0,0
TELCOM.BSE_IDX,01/07/2025,12:45:50,3152.55,0,0,0,0,0,0
TELCOM.BSE_IDX,01/07/2025,12:45:58,3152.55,0,0,0,0,0,0
TELCOM.BSE_IDX,01/07/2025,12:46:06,3152.65,0,0,0,0,0,0
TELCOM.BSE_IDX,01/07/2025,12:46:14,3152.65,0,0,0,0,0,0
TELCOM.BSE_IDX,01/07/2025,12:46:22,3152.65,0,0,0,0,0,0
TELCOM.BSE_IDX,01/07/2025,12:46:30,3152.65,0,0,0,0,0,0
TELCOM.BSE_IDX,01/07/2025,12:46:38,3152.43,0,0,0,0,0,0
TELCOM.BSE_IDX,01/07/2025,12:46:46,3152.18,0,0,0,0,0,0
TELCOM.BSE_IDX,01/07/2025,12:46:54,3152.18,0,0,0,0,0,0
TELCOM.BSE_IDX,01/07/2025,12:47:02,3151.45,0,0,0,0,0,0
TELCOM.BSE_IDX,01/07/2025,12:47:10,3151.54,0,0,0,0,0,0
TELCOM.BSE_IDX,01/07/2025,12:47:18,3151.53,0,0,0,0,0,0
TELCOM.BSE_IDX,01/07/2025,12:47:26,3151.53,0,0,0,0,0,0
TELCOM.BSE_IDX,01/07/2025,12:47:34,3151.39,0,0,0,0,0,0
TELCOM.BSE_IDX,01/07/2025,12:47:42,3151.39,0,0,0,0,0,0
TELCOM.BSE_IDX,01/07/2025,12:47:50,3151.43,0,0,0,0,0,0
TELCOM.BSE_IDX,01/07/2025,12:47:58,3151.2,0,0,0,0,0,0
TELCOM.BSE_IDX,01/07/2025,12:48:06,3151.2,0,0,0,0,0,0
TELCOM.BSE_IDX,01/07/2025,12:48:14,3151.2,0,0,0,0,0,0
TELCOM.BSE_IDX,01/07/2025,12:48:22,3150.91,0,0,0,0,0,0
TELCOM.BSE_IDX,01/07/2025,12:48:30,3151.04,0,0,0,0,0,0
TELCOM.BSE_IDX,01/07/2025,12:48:38,3150.83,0,0,0,0,0,0
TELCOM.BSE_IDX,01/07/2025,12:48:46,3150.78,0,0,0,0,0,0
TELCOM.BSE_IDX,01/07/2025,12:48:54,3150.75,0,0,0,0,0,0
TELCOM.BSE_IDX,01/07/2025,12:49:02,3150.59,0,0,0,0,0,0
TELCOM.BSE_IDX,01/07/2025,12:49:10,3150.38,0,0,0,0,0,0
TELCOM.BSE_IDX,01/07/2025,12:49:18,3150.31,0,0,0,0,0,0
TELCOM.BSE_IDX,01/07/2025,12:49:26,3150.34,0,0,0,0,0,0
TELCOM.BSE_IDX,01/07/2025,12:49:34,3150.2,0,0,0,0,0,0
TELCOM.BSE_IDX,01/07/2025,12:49:42,3150.86,0,0,0,0,0,0
TELCOM.BSE_IDX,01/07/2025,12:49:50,3151.18,0,0,0,0,0,0
TELCOM.BSE_IDX,01/07/2025,12:49:58,3151.18,0,0,0,0,0,0
TELCOM.BSE_IDX,01/07/2025,12:50:06,3151.25,0,0,0,0,0,0
TELCOM.BSE_IDX,01/07/2025,12:50:14,3151.16,0,0,0,0,0,0
TELCOM.BSE_IDX,01/07/2025,12:50:22,3151.16,0,0,0,0,0,0
TELCOM.BSE_IDX,01/07/2025,12:50:30,3150.93,0,0,0,0,0,0
TELCOM.BSE_IDX,01/07/2025,12:50:38,3150.93,0,0,0,0,0,0
TELCOM.BSE_IDX,01/07/2025,12:50:47,3150.69,0,0,0,0,0,0
TELCOM.BSE_IDX,01/07/2025,12:50:54,3150.67,0,0,0,0,0,0
TELCOM.BSE_IDX,01/07/2025,12:51:02,3150.77,0,0,0,0,0,0
TELCOM.BSE_IDX,01/07/2025,12:51:10,3150.59,0,0,0,0,0,0
TELCOM.BSE_IDX,01/07/2025,12:51:19,3150.64,0,0,0,0,0,0
TELCOM.BSE_IDX,01/07/2025,12:51:26,3151,0,0,0,0,0,0
TELCOM.BSE_IDX,01/07/2025,12:51:34,3151.09,0,0,0,0,0,0
TELCOM.BSE_IDX,01/07/2025,12:51:42,3151.02,0,0,0,0,0,0
TELCOM.BSE_IDX,01/07/2025,12:51:50,3150.67,0,0,0,0,0,0
TELCOM.BSE_IDX,01/07/2025,12:51:58,3150.68,0,0,0,0,0,0
TELCOM.BSE_IDX,01/07/2025,12:52:06,3150.25,0,0,0,0,0,0
TELCOM.BSE_IDX,01/07/2025,12:52:14,3150.32,0,0,0,0,0,0
TELCOM.BSE_IDX,01/07/2025,12:52:22,3150.32,0,0,0,0,0,0
TELCOM.BSE_IDX,01/07/2025,12:52:30,3150.38,0,0,0,0,0,0
TELCOM.BSE_IDX,01/07/2025,12:52:38,3150.38,0,0,0,0,0,0
TELCOM.BSE_IDX,01/07/2025,12:52:46,3150.38,0,0,0,0,0,0
TELCOM.BSE_IDX,01/07/2025,12:52:54,3149.73,0,0,0,0,0,0
TELCOM.BSE_IDX,01/07/2025,12:53:02,3150.4,0,0,0,0,0,0
TELCOM.BSE_IDX,01/07/2025,12:53:10,3150.46,0,0,0,0,0,0
TELCOM.BSE_IDX,01/07/2025,12:53:18,3150.46,0,0,0,0,0,0
TELCOM.BSE_IDX,01/07/2025,12:53:26,3150.39,0,0,0,0,0,0
TELCOM.BSE_IDX,01/07/2025,12:53:34,3150.37,0,0,0,0,0,0
TELCOM.BSE_IDX,01/07/2025,12:53:42,3150.38,0,0,0,0,0,0
TELCOM.BSE_IDX,01/07/2025,12:53:50,3150.55,0,0,0,0,0,0
TELCOM.BSE_IDX,01/07/2025,12:53:58,3150.55,0,0,0,0,0,0
TELCOM.BSE_IDX,01/07/2025,12:54:06,3150.54,0,0,0,0,0,0
TELCOM.BSE_IDX,01/07/2025,12:54:14,3150.54,0,0,0,0,0,0
TELCOM.BSE_IDX,01/07/2025,12:54:22,3150.54,0,0,0,0,0,0
TELCOM.BSE_IDX,01/07/2025,12:54:30,3150.38,0,0,0,0,0,0
TELCOM.BSE_IDX,01/07/2025,12:54:38,3150.22,0,0,0,0,0,0
TELCOM.BSE_IDX,01/07/2025,12:54:46,3150.22,0,0,0,0,0,0
TELCOM.BSE_IDX,01/07/2025,12:54:54,3149.49,0,0,0,0,0,0
TELCOM.BSE_IDX,01/07/2025,12:55:02,3149.44,0,0,0,0,0,0
TELCOM.BSE_IDX,01/07/2025,12:55:10,3149.44,0,0,0,0,0,0
TELCOM.BSE_IDX,01/07/2025,12:55:18,3149.63,0,0,0,0,0,0
TELCOM.BSE_IDX,01/07/2025,12:55:26,3149.67,0,0,0,0,0,0
TELCOM.BSE_IDX,01/07/2025,12:55:34,3149.65,0,0,0,0,0,0
TELCOM.BSE_IDX,01/07/2025,12:55:42,3148.08,0,0,0,0,0,0
TELCOM.BSE_IDX,01/07/2025,12:55:50,3148.83,0,0,0,0,0,0
TELCOM.BSE_IDX,01/07/2025,12:55:58,3148.96,0,0,0,0,0,0
TELCOM.BSE_IDX,01/07/2025,12:56:06,3148.95,0,0,0,0,0,0
TELCOM.BSE_IDX,01/07/2025,12:56:15,3148.95,0,0,0,0,0,0
TELCOM.BSE_IDX,01/07/2025,12:56:22,3148.95,0,0,0,0,0,0
TELCOM.BSE_IDX,01/07/2025,12:56:30,3148.95,0,0,0,0,0,0
TELCOM.BSE_IDX,01/07/2025,12:56:38,3148.61,0,0,0,0,0,0
TELCOM.BSE_IDX,01/07/2025,12:56:46,3148.61,0,0,0,0,0,0
TELCOM.BSE_IDX,01/07/2025,12:56:54,3148.61,0,0,0,0,0,0
TELCOM.BSE_IDX,01/07/2025,12:57:02,3148.79,0,0,0,0,0,0
TELCOM.BSE_IDX,01/07/2025,12:57:10,3148.68,0,0,0,0,0,0
TELCOM.BSE_IDX,01/07/2025,12:57:18,3148.68,0,0,0,0,0,0
TELCOM.BSE_IDX,01/07/2025,12:57:26,3148.69,0,0,0,0,0,0
TELCOM.BSE_IDX,01/07/2025,12:57:34,3148.84,0,0,0,0,0,0
TELCOM.BSE_IDX,01/07/2025,12:57:42,3148.75,0,0,0,0,0,0
TELCOM.BSE_IDX,01/07/2025,12:57:51,3148.52,0,0,0,0,0,0
TELCOM.BSE_IDX,01/07/2025,12:57:58,3147.79,0,0,0,0,0,0
TELCOM.BSE_IDX,01/07/2025,12:58:06,3148.02,0,0,0,0,0,0
TELCOM.BSE_IDX,01/07/2025,12:58:14,3148.05,0,0,0,0,0,0
TELCOM.BSE_IDX,01/07/2025,12:58:22,3148.67,0,0,0,0,0,0
TELCOM.BSE_IDX,01/07/2025,12:58:30,3148.42,0,0,0,0,0,0
