Ticker,Date,Time,LTP,BuyPrice,BuyQty,SellPrice,SellQty,LTQ,OpenInterest
UTILS.BSE_IDX,01/07/2025,09:00:07,5354.17,0,0,0,0,0,0
UTILS.BSE_IDX,01/07/2025,09:00:15,5391.56,0,0,0,0,0,0
UTILS.BSE_IDX,01/07/2025,09:00:23,5381.35,0,0,0,0,0,0
UTILS.BSE_IDX,01/07/2025,09:00:31,5380.4,0,0,0,0,0,0
UTILS.BSE_IDX,01/07/2025,09:00:39,5381.09,0,0,0,0,0,0
UTILS.BSE_IDX,01/07/2025,09:00:47,5385.67,0,0,0,0,0,0
UTILS.BSE_IDX,01/07/2025,09:00:55,5383.85,0,0,0,0,0,0
UTILS.BSE_IDX,01/07/2025,09:01:03,5383.19,0,0,0,0,0,0
UTILS.BSE_IDX,01/07/2025,09:01:11,5382.3,0,0,0,0,0,0
UTILS.BSE_IDX,01/07/2025,09:01:19,5383.1,0,0,0,0,0,0
UTILS.BSE_IDX,01/07/2025,09:01:27,5413.88,0,0,0,0,0,0
UTILS.BSE_IDX,01/07/2025,09:01:35,5412.63,0,0,0,0,0,0
UTILS.BSE_IDX,01/07/2025,09:01:43,5411.93,0,0,0,0,0,0
UTILS.BSE_IDX,01/07/2025,09:01:51,5411.92,0,0,0,0,0,0
UTILS.BSE_IDX,01/07/2025,09:01:59,5418.59,0,0,0,0,0,0
UTILS.BSE_IDX,01/07/2025,09:02:07,5418.59,0,0,0,0,0,0
UTILS.BSE_IDX,01/07/2025,09:02:15,5420.86,0,0,0,0,0,0
UTILS.BSE_IDX,01/07/2025,09:02:23,5420.86,0,0,0,0,0,0
UTILS.BSE_IDX,01/07/2025,09:02:31,5422.09,0,0,0,0,0,0
UTILS.BSE_IDX,01/07/2025,09:02:39,5422.13,0,0,0,0,0,0
UTILS.BSE_IDX,01/07/2025,09:02:47,5419.78,0,0,0,0,0,0
UTILS.BSE_IDX,01/07/2025,09:02:55,5419.78,0,0,0,0,0,0
UTILS.BSE_IDX,01/07/2025,09:03:03,5419.78,0,0,0,0,0,0
UTILS.BSE_IDX,01/07/2025,09:03:11,5419.7,0,0,0,0,0,0
UTILS.BSE_IDX,01/07/2025,09:03:19,5419,0,0,0,0,0,0
UTILS.BSE_IDX,01/07/2025,09:03:27,5419,0,0,0,0,0,0
UTILS.BSE_IDX,01/07/2025,09:03:35,5418.96,0,0,0,0,0,0
UTILS.BSE_IDX,01/07/2025,09:03:43,5418.93,0,0,0,0,0,0
UTILS.BSE_IDX,01/07/2025,09:03:51,5418.81,0,0,0,0,0,0
UTILS.BSE_IDX,01/07/2025,09:03:59,5419.51,0,0,0,0,0,0
UTILS.BSE_IDX,01/07/2025,09:04:07,5419.23,0,0,0,0,0,0
UTILS.BSE_IDX,01/07/2025,09:04:15,5419.23,0,0,0,0,0,0
UTILS.BSE_IDX,01/07/2025,09:04:23,5419.17,0,0,0,0,0,0
UTILS.BSE_IDX,01/07/2025,09:04:31,5419.84,0,0,0,0,0,0
UTILS.BSE_IDX,01/07/2025,09:04:39,5422.12,0,0,0,0,0,0
UTILS.BSE_IDX,01/07/2025,09:04:47,5419.33,0,0,0,0,0,0
UTILS.BSE_IDX,01/07/2025,09:04:55,5418.76,0,0,0,0,0,0
UTILS.BSE_IDX,01/07/2025,09:05:03,5419.29,0,0,0,0,0,0
UTILS.BSE_IDX,01/07/2025,09:05:11,5418.64,0,0,0,0,0,0
UTILS.BSE_IDX,01/07/2025,09:05:19,5418.19,0,0,0,0,0,0
UTILS.BSE_IDX,01/07/2025,09:05:27,5418.18,0,0,0,0,0,0
UTILS.BSE_IDX,01/07/2025,09:05:35,5420.66,0,0,0,0,0,0
UTILS.BSE_IDX,01/07/2025,09:05:43,5419.87,0,0,0,0,0,0
UTILS.BSE_IDX,01/07/2025,09:05:51,5420.43,0,0,0,0,0,0
UTILS.BSE_IDX,01/07/2025,09:05:59,5419.32,0,0,0,0,0,0
UTILS.BSE_IDX,01/07/2025,09:06:07,5419.59,0,0,0,0,0,0
UTILS.BSE_IDX,01/07/2025,09:06:15,5421.22,0,0,0,0,0,0
UTILS.BSE_IDX,01/07/2025,09:06:23,5421.02,0,0,0,0,0,0
UTILS.BSE_IDX,01/07/2025,09:06:31,5420.08,0,0,0,0,0,0
UTILS.BSE_IDX,01/07/2025,09:06:39,5426.81,0,0,0,0,0,0
UTILS.BSE_IDX,01/07/2025,09:06:47,5427.16,0,0,0,0,0,0
UTILS.BSE_IDX,01/07/2025,09:06:55,5428.39,0,0,0,0,0,0
UTILS.BSE_IDX,01/07/2025,09:07:04,5430.43,0,0,0,0,0,0
UTILS.BSE_IDX,01/07/2025,09:07:11,5430.43,0,0,0,0,0,0
UTILS.BSE_IDX,01/07/2025,09:07:19,5430.43,0,0,0,0,0,0
UTILS.BSE_IDX,01/07/2025,09:07:27,5430.43,0,0,0,0,0,0
UTILS.BSE_IDX,01/07/2025,09:07:35,5430.43,0,0,0,0,0,0
UTILS.BSE_IDX,01/07/2025,09:07:43,5430.43,0,0,0,0,0,0
UTILS.BSE_IDX,01/07/2025,09:07:51,5430.43,0,0,0,0,0,0
UTILS.BSE_IDX,01/07/2025,09:07:59,5430.43,0,0,0,0,0,0
UTILS.BSE_IDX,01/07/2025,09:08:07,5430.43,0,0,0,0,0,0
UTILS.BSE_IDX,01/07/2025,09:08:15,5430.43,0,0,0,0,0,0
UTILS.BSE_IDX,01/07/2025,09:08:23,5430.43,0,0,0,0,0,0
UTILS.BSE_IDX,01/07/2025,09:08:31,5430.43,0,0,0,0,0,0
UTILS.BSE_IDX,01/07/2025,09:08:39,5430.43,0,0,0,0,0,0
UTILS.BSE_IDX,01/07/2025,09:08:47,5430.43,0,0,0,0,0,0
UTILS.BSE_IDX,01/07/2025,09:08:55,5430.43,0,0,0,0,0,0
UTILS.BSE_IDX,01/07/2025,09:09:03,5430.32,0,0,0,0,0,0
UTILS.BSE_IDX,01/07/2025,09:09:11,5430.32,0,0,0,0,0,0
UTILS.BSE_IDX,01/07/2025,09:09:19,5430.32,0,0,0,0,0,0
UTILS.BSE_IDX,01/07/2025,09:09:27,5430.32,0,0,0,0,0,0
UTILS.BSE_IDX,01/07/2025,09:09:35,5430.32,0,0,0,0,0,0
UTILS.BSE_IDX,01/07/2025,09:09:43,5430.32,0,0,0,0,0,0
UTILS.BSE_IDX,01/07/2025,09:09:51,5430.32,0,0,0,0,0,0
UTILS.BSE_IDX,01/07/2025,09:09:59,5430.32,0,0,0,0,0,0
UTILS.BSE_IDX,01/07/2025,09:10:07,5430.32,0,0,0,0,0,0
UTILS.BSE_IDX,01/07/2025,09:10:15,5430.32,0,0,0,0,0,0
UTILS.BSE_IDX,01/07/2025,09:10:23,5430.32,0,0,0,0,0,0
UTILS.BSE_IDX,01/07/2025,09:10:31,5430.32,0,0,0,0,0,0
UTILS.BSE_IDX,01/07/2025,09:10:39,5430.32,0,0,0,0,0,0
UTILS.BSE_IDX,01/07/2025,09:10:47,5430.32,0,0,0,0,0,0
UTILS.BSE_IDX,01/07/2025,09:10:55,5430.32,0,0,0,0,0,0
UTILS.BSE_IDX,01/07/2025,09:11:03,5430.32,0,0,0,0,0,0
UTILS.BSE_IDX,01/07/2025,09:11:11,5430.32,0,0,0,0,0,0
UTILS.BSE_IDX,01/07/2025,09:11:19,5430.32,0,0,0,0,0,0
UTILS.BSE_IDX,01/07/2025,09:11:27,5430.32,0,0,0,0,0,0
UTILS.BSE_IDX,01/07/2025,09:11:35,5430.32,0,0,0,0,0,0
UTILS.BSE_IDX,01/07/2025,09:11:43,5430.32,0,0,0,0,0,0
UTILS.BSE_IDX,01/07/2025,09:11:51,5430.32,0,0,0,0,0,0
UTILS.BSE_IDX,01/07/2025,09:11:59,5430.32,0,0,0,0,0,0
UTILS.BSE_IDX,01/07/2025,09:12:07,5430.32,0,0,0,0,0,0
UTILS.BSE_IDX,01/07/2025,09:12:16,5430.32,0,0,0,0,0,0
UTILS.BSE_IDX,01/07/2025,09:12:23,5430.32,0,0,0,0,0,0
UTILS.BSE_IDX,01/07/2025,09:12:31,5430.32,0,0,0,0,0,0
UTILS.BSE_IDX,01/07/2025,09:12:39,5430.32,0,0,0,0,0,0
UTILS.BSE_IDX,01/07/2025,09:12:47,5430.32,0,0,0,0,0,0
UTILS.BSE_IDX,01/07/2025,09:12:55,5430.32,0,0,0,0,0,0
UTILS.BSE_IDX,01/07/2025,09:13:03,5430.32,0,0,0,0,0,0
UTILS.BSE_IDX,01/07/2025,09:13:11,5430.32,0,0,0,0,0,0
UTILS.BSE_IDX,01/07/2025,09:13:19,5430.32,0,0,0,0,0,0
UTILS.BSE_IDX,01/07/2025,09:13:27,5430.32,0,0,0,0,0,0
UTILS.BSE_IDX,01/07/2025,09:13:35,5430.32,0,0,0,0,0,0
UTILS.BSE_IDX,01/07/2025,09:13:43,5430.32,0,0,0,0,0,0
UTILS.BSE_IDX,01/07/2025,09:13:51,5430.32,0,0,0,0,0,0
UTILS.BSE_IDX,01/07/2025,09:13:59,5430.32,0,0,0,0,0,0
UTILS.BSE_IDX,01/07/2025,09:14:07,5430.32,0,0,0,0,0,0
UTILS.BSE_IDX,01/07/2025,09:14:15,5430.32,0,0,0,0,0,0
UTILS.BSE_IDX,01/07/2025,09:14:23,5430.32,0,0,0,0,0,0
UTILS.BSE_IDX,01/07/2025,09:14:31,5430.32,0,0,0,0,0,0
UTILS.BSE_IDX,01/07/2025,09:14:39,5430.32,0,0,0,0,0,0
UTILS.BSE_IDX,01/07/2025,09:14:47,5430.32,0,0,0,0,0,0
UTILS.BSE_IDX,01/07/2025,09:14:55,5430.32,0,0,0,0,0,0
UTILS.BSE_IDX,01/07/2025,09:15:04,5429.66,0,0,0,0,0,0
UTILS.BSE_IDX,01/07/2025,09:15:11,5431.52,0,0,0,0,0,0
UTILS.BSE_IDX,01/07/2025,09:15:19,5432.09,0,0,0,0,0,0
UTILS.BSE_IDX,01/07/2025,09:15:27,5425.03,0,0,0,0,0,0
UTILS.BSE_IDX,01/07/2025,09:15:35,5427.58,0,0,0,0,0,0
UTILS.BSE_IDX,01/07/2025,09:15:43,5425.89,0,0,0,0,0,0
UTILS.BSE_IDX,01/07/2025,09:15:51,5430.53,0,0,0,0,0,0
UTILS.BSE_IDX,01/07/2025,09:15:59,5433.32,0,0,0,0,0,0
UTILS.BSE_IDX,01/07/2025,09:16:07,5430.09,0,0,0,0,0,0
UTILS.BSE_IDX,01/07/2025,09:16:15,5432.32,0,0,0,0,0,0
UTILS.BSE_IDX,01/07/2025,09:16:24,5431.49,0,0,0,0,0,0
UTILS.BSE_IDX,01/07/2025,09:16:31,5432.92,0,0,0,0,0,0
UTILS.BSE_IDX,01/07/2025,09:16:39,5433.88,0,0,0,0,0,0
UTILS.BSE_IDX,01/07/2025,09:16:48,5429.84,0,0,0,0,0,0
UTILS.BSE_IDX,01/07/2025,09:16:55,5428.54,0,0,0,0,0,0
UTILS.BSE_IDX,01/07/2025,09:17:03,5428.79,0,0,0,0,0,0
UTILS.BSE_IDX,01/07/2025,09:17:12,5431.15,0,0,0,0,0,0
UTILS.BSE_IDX,01/07/2025,09:17:19,5429.08,0,0,0,0,0,0
UTILS.BSE_IDX,01/07/2025,09:17:27,5429.71,0,0,0,0,0,0
UTILS.BSE_IDX,01/07/2025,09:17:35,5430.74,0,0,0,0,0,0
UTILS.BSE_IDX,01/07/2025,09:17:44,5431.47,0,0,0,0,0,0
UTILS.BSE_IDX,01/07/2025,09:17:51,5431.85,0,0,0,0,0,0
UTILS.BSE_IDX,01/07/2025,09:17:59,5431.45,0,0,0,0,0,0
UTILS.BSE_IDX,01/07/2025,09:18:07,5433.37,0,0,0,0,0,0
UTILS.BSE_IDX,01/07/2025,09:18:15,5432.84,0,0,0,0,0,0
UTILS.BSE_IDX,01/07/2025,09:18:23,5432.9,0,0,0,0,0,0
UTILS.BSE_IDX,01/07/2025,09:18:31,5431.79,0,0,0,0,0,0
UTILS.BSE_IDX,01/07/2025,09:18:39,5432.55,0,0,0,0,0,0
UTILS.BSE_IDX,01/07/2025,09:18:47,5432.08,0,0,0,0,0,0
UTILS.BSE_IDX,01/07/2025,09:18:56,5431.52,0,0,0,0,0,0
UTILS.BSE_IDX,01/07/2025,09:19:03,5432.57,0,0,0,0,0,0
UTILS.BSE_IDX,01/07/2025,09:19:11,5433.03,0,0,0,0,0,0
UTILS.BSE_IDX,01/07/2025,09:19:19,5433.97,0,0,0,0,0,0
UTILS.BSE_IDX,01/07/2025,09:19:28,5433.63,0,0,0,0,0,0
UTILS.BSE_IDX,01/07/2025,09:19:35,5435.35,0,0,0,0,0,0
UTILS.BSE_IDX,01/07/2025,09:19:43,5433.81,0,0,0,0,0,0
UTILS.BSE_IDX,01/07/2025,09:19:52,5434.47,0,0,0,0,0,0
UTILS.BSE_IDX,01/07/2025,09:19:59,5434.77,0,0,0,0,0,0
UTILS.BSE_IDX,01/07/2025,09:20:07,5433.82,0,0,0,0,0,0
UTILS.BSE_IDX,01/07/2025,09:20:15,5434.88,0,0,0,0,0,0
UTILS.BSE_IDX,01/07/2025,09:20:24,5435.94,0,0,0,0,0,0
UTILS.BSE_IDX,01/07/2025,09:20:31,5434.71,0,0,0,0,0,0
UTILS.BSE_IDX,01/07/2025,09:20:39,5435.25,0,0,0,0,0,0
UTILS.BSE_IDX,01/07/2025,09:20:47,5435.1,0,0,0,0,0,0
UTILS.BSE_IDX,01/07/2025,09:20:55,5434.58,0,0,0,0,0,0
UTILS.BSE_IDX,01/07/2025,09:21:03,5433.43,0,0,0,0,0,0
UTILS.BSE_IDX,01/07/2025,09:21:11,5435.36,0,0,0,0,0,0
UTILS.BSE_IDX,01/07/2025,09:21:19,5438.19,0,0,0,0,0,0
UTILS.BSE_IDX,01/07/2025,09:21:27,5437.21,0,0,0,0,0,0
UTILS.BSE_IDX,01/07/2025,09:21:36,5434.64,0,0,0,0,0,0
UTILS.BSE_IDX,01/07/2025,09:21:43,5433.17,0,0,0,0,0,0
UTILS.BSE_IDX,01/07/2025,09:21:51,5435.92,0,0,0,0,0,0
UTILS.BSE_IDX,01/07/2025,09:21:59,5434.67,0,0,0,0,0,0
UTILS.BSE_IDX,01/07/2025,09:22:07,5435.21,0,0,0,0,0,0
UTILS.BSE_IDX,01/07/2025,09:22:15,5437.35,0,0,0,0,0,0
UTILS.BSE_IDX,01/07/2025,09:22:23,5437.5,0,0,0,0,0,0
UTILS.BSE_IDX,01/07/2025,09:22:31,5440.24,0,0,0,0,0,0
UTILS.BSE_IDX,01/07/2025,09:22:39,5440.59,0,0,0,0,0,0
UTILS.BSE_IDX,01/07/2025,09:22:47,5440.64,0,0,0,0,0,0
UTILS.BSE_IDX,01/07/2025,09:22:55,5441.36,0,0,0,0,0,0
UTILS.BSE_IDX,01/07/2025,09:23:03,5442.29,0,0,0,0,0,0
UTILS.BSE_IDX,01/07/2025,09:23:11,5440.92,0,0,0,0,0,0
UTILS.BSE_IDX,01/07/2025,09:23:19,5441.47,0,0,0,0,0,0
UTILS.BSE_IDX,01/07/2025,09:23:27,5441.82,0,0,0,0,0,0
UTILS.BSE_IDX,01/07/2025,09:23:35,5440.93,0,0,0,0,0,0
UTILS.BSE_IDX,01/07/2025,09:23:44,5440.28,0,0,0,0,0,0
UTILS.BSE_IDX,01/07/2025,09:23:51,5440.55,0,0,0,0,0,0
UTILS.BSE_IDX,01/07/2025,09:23:59,5440.71,0,0,0,0,0,0
UTILS.BSE_IDX,01/07/2025,09:24:08,5438.24,0,0,0,0,0,0
UTILS.BSE_IDX,01/07/2025,09:24:15,5439.54,0,0,0,0,0,0
UTILS.BSE_IDX,01/07/2025,09:24:23,5438.81,0,0,0,0,0,0
UTILS.BSE_IDX,01/07/2025,09:24:32,5439.31,0,0,0,0,0,0
UTILS.BSE_IDX,01/07/2025,09:24:39,5438.9,0,0,0,0,0,0
UTILS.BSE_IDX,01/07/2025,09:24:48,5439.72,0,0,0,0,0,0
UTILS.BSE_IDX,01/07/2025,09:24:57,5440.51,0,0,0,0,0,0
UTILS.BSE_IDX,01/07/2025,09:25:03,5440.68,0,0,0,0,0,0
UTILS.BSE_IDX,01/07/2025,09:25:12,5440.19,0,0,0,0,0,0
UTILS.BSE_IDX,01/07/2025,09:25:19,5442.76,0,0,0,0,0,0
UTILS.BSE_IDX,01/07/2025,09:25:29,5442.44,0,0,0,0,0,0
UTILS.BSE_IDX,01/07/2025,09:25:35,5443.24,0,0,0,0,0,0
UTILS.BSE_IDX,01/07/2025,09:25:43,5444.29,0,0,0,0,0,0
UTILS.BSE_IDX,01/07/2025,09:25:51,5442.21,0,0,0,0,0,0
UTILS.BSE_IDX,01/07/2025,09:25:59,5441.5,0,0,0,0,0,0
UTILS.BSE_IDX,01/07/2025,09:26:08,5441.02,0,0,0,0,0,0
UTILS.BSE_IDX,01/07/2025,09:26:15,5441.58,0,0,0,0,0,0
UTILS.BSE_IDX,01/07/2025,09:26:24,5440.94,0,0,0,0,0,0
UTILS.BSE_IDX,01/07/2025,09:26:31,5440.37,0,0,0,0,0,0
UTILS.BSE_IDX,01/07/2025,09:26:39,5439.53,0,0,0,0,0,0
UTILS.BSE_IDX,01/07/2025,09:26:48,5440.09,0,0,0,0,0,0
UTILS.BSE_IDX,01/07/2025,09:26:55,5439.73,0,0,0,0,0,0
UTILS.BSE_IDX,01/07/2025,09:27:04,5439.93,0,0,0,0,0,0
UTILS.BSE_IDX,01/07/2025,09:27:12,5439.35,0,0,0,0,0,0
UTILS.BSE_IDX,01/07/2025,09:27:19,5437.54,0,0,0,0,0,0
UTILS.BSE_IDX,01/07/2025,09:27:28,5437.59,0,0,0,0,0,0
UTILS.BSE_IDX,01/07/2025,09:27:36,5436.93,0,0,0,0,0,0
UTILS.BSE_IDX,01/07/2025,09:27:44,5437.11,0,0,0,0,0,0
UTILS.BSE_IDX,01/07/2025,09:27:51,5438.04,0,0,0,0,0,0
UTILS.BSE_IDX,01/07/2025,09:28:00,5438.33,0,0,0,0,0,0
UTILS.BSE_IDX,01/07/2025,09:28:08,5438.64,0,0,0,0,0,0
UTILS.BSE_IDX,01/07/2025,09:28:16,5436.86,0,0,0,0,0,0
UTILS.BSE_IDX,01/07/2025,09:28:24,5436.26,0,0,0,0,0,0
UTILS.BSE_IDX,01/07/2025,09:28:32,5435.58,0,0,0,0,0,0
UTILS.BSE_IDX,01/07/2025,09:28:40,5437.77,0,0,0,0,0,0
UTILS.BSE_IDX,01/07/2025,09:28:48,5437.62,0,0,0,0,0,0
UTILS.BSE_IDX,01/07/2025,09:28:56,5438.63,0,0,0,0,0,0
UTILS.BSE_IDX,01/07/2025,09:29:04,5438.91,0,0,0,0,0,0
UTILS.BSE_IDX,01/07/2025,09:29:12,5439.14,0,0,0,0,0,0
UTILS.BSE_IDX,01/07/2025,09:29:20,5439.13,0,0,0,0,0,0
UTILS.BSE_IDX,01/07/2025,09:29:28,5437.78,0,0,0,0,0,0
UTILS.BSE_IDX,01/07/2025,09:29:36,5437.91,0,0,0,0,0,0
UTILS.BSE_IDX,01/07/2025,09:29:44,5435.47,0,0,0,0,0,0
UTILS.BSE_IDX,01/07/2025,09:29:52,5437.02,0,0,0,0,0,0
UTILS.BSE_IDX,01/07/2025,09:30:00,5436.39,0,0,0,0,0,0
UTILS.BSE_IDX,01/07/2025,09:30:08,5437.41,0,0,0,0,0,0
UTILS.BSE_IDX,01/07/2025,09:30:16,5441.17,0,0,0,0,0,0
UTILS.BSE_IDX,01/07/2025,09:30:24,5442.87,0,0,0,0,0,0
UTILS.BSE_IDX,01/07/2025,09:30:32,5444.29,0,0,0,0,0,0
UTILS.BSE_IDX,01/07/2025,09:30:40,5445.3,0,0,0,0,0,0
UTILS.BSE_IDX,01/07/2025,09:30:48,5443.53,0,0,0,0,0,0
UTILS.BSE_IDX,01/07/2025,09:30:56,5439.57,0,0,0,0,0,0
UTILS.BSE_IDX,01/07/2025,09:31:04,5440.7,0,0,0,0,0,0
UTILS.BSE_IDX,01/07/2025,09:31:12,5438.05,0,0,0,0,0,0
UTILS.BSE_IDX,01/07/2025,09:31:20,5436.91,0,0,0,0,0,0
UTILS.BSE_IDX,01/07/2025,09:31:28,5435.87,0,0,0,0,0,0
UTILS.BSE_IDX,01/07/2025,09:31:36,5436.32,0,0,0,0,0,0
UTILS.BSE_IDX,01/07/2025,09:31:44,5436.54,0,0,0,0,0,0
UTILS.BSE_IDX,01/07/2025,09:31:52,5435.1,0,0,0,0,0,0
UTILS.BSE_IDX,01/07/2025,09:32:00,5434.62,0,0,0,0,0,0
UTILS.BSE_IDX,01/07/2025,09:32:08,5433.17,0,0,0,0,0,0
UTILS.BSE_IDX,01/07/2025,09:32:16,5432.6,0,0,0,0,0,0
UTILS.BSE_IDX,01/07/2025,09:32:24,5432.26,0,0,0,0,0,0
UTILS.BSE_IDX,01/07/2025,09:32:32,5432.38,0,0,0,0,0,0
UTILS.BSE_IDX,01/07/2025,09:32:40,5434.04,0,0,0,0,0,0
UTILS.BSE_IDX,01/07/2025,09:32:48,5434.42,0,0,0,0,0,0
UTILS.BSE_IDX,01/07/2025,09:32:56,5434.99,0,0,0,0,0,0
UTILS.BSE_IDX,01/07/2025,09:33:04,5434.59,0,0,0,0,0,0
UTILS.BSE_IDX,01/07/2025,09:33:12,5436.28,0,0,0,0,0,0
UTILS.BSE_IDX,01/07/2025,09:33:20,5435.86,0,0,0,0,0,0
UTILS.BSE_IDX,01/07/2025,09:33:28,5436.61,0,0,0,0,0,0
UTILS.BSE_IDX,01/07/2025,09:33:36,5436.09,0,0,0,0,0,0
UTILS.BSE_IDX,01/07/2025,09:33:44,5435.89,0,0,0,0,0,0
UTILS.BSE_IDX,01/07/2025,09:33:52,5434.89,0,0,0,0,0,0
UTILS.BSE_IDX,01/07/2025,09:34:00,5435.97,0,0,0,0,0,0
UTILS.BSE_IDX,01/07/2025,09:34:08,5433.8,0,0,0,0,0,0
UTILS.BSE_IDX,01/07/2025,09:34:16,5432.31,0,0,0,0,0,0
UTILS.BSE_IDX,01/07/2025,09:34:24,5433.14,0,0,0,0,0,0
UTILS.BSE_IDX,01/07/2025,09:34:32,5433.93,0,0,0,0,0,0
UTILS.BSE_IDX,01/07/2025,09:34:40,5433.11,0,0,0,0,0,0
UTILS.BSE_IDX,01/07/2025,09:34:48,5433.11,0,0,0,0,0,0
UTILS.BSE_IDX,01/07/2025,09:34:56,5433.7,0,0,0,0,0,0
UTILS.BSE_IDX,01/07/2025,09:35:05,5432.64,0,0,0,0,0,0
UTILS.BSE_IDX,01/07/2025,09:35:12,5433.07,0,0,0,0,0,0
UTILS.BSE_IDX,01/07/2025,09:35:20,5432.53,0,0,0,0,0,0
UTILS.BSE_IDX,01/07/2025,09:35:28,5431.36,0,0,0,0,0,0
UTILS.BSE_IDX,01/07/2025,09:35:36,5430.67,0,0,0,0,0,0
UTILS.BSE_IDX,01/07/2025,09:35:44,5431.69,0,0,0,0,0,0
UTILS.BSE_IDX,01/07/2025,09:35:52,5431.35,0,0,0,0,0,0
UTILS.BSE_IDX,01/07/2025,09:36:00,5430.77,0,0,0,0,0,0
UTILS.BSE_IDX,01/07/2025,09:36:08,5429.88,0,0,0,0,0,0
UTILS.BSE_IDX,01/07/2025,09:36:16,5431.45,0,0,0,0,0,0
UTILS.BSE_IDX,01/07/2025,09:36:24,5431.55,0,0,0,0,0,0
UTILS.BSE_IDX,01/07/2025,09:36:33,5431.08,0,0,0,0,0,0
UTILS.BSE_IDX,01/07/2025,09:36:40,5428.59,0,0,0,0,0,0
UTILS.BSE_IDX,01/07/2025,09:36:48,5429.06,0,0,0,0,0,0
UTILS.BSE_IDX,01/07/2025,09:36:56,5430.02,0,0,0,0,0,0
UTILS.BSE_IDX,01/07/2025,09:37:04,5429.43,0,0,0,0,0,0
UTILS.BSE_IDX,01/07/2025,09:37:12,5429.29,0,0,0,0,0,0
UTILS.BSE_IDX,01/07/2025,09:37:20,5430.37,0,0,0,0,0,0
UTILS.BSE_IDX,01/07/2025,09:37:28,5429.76,0,0,0,0,0,0
UTILS.BSE_IDX,01/07/2025,09:37:36,5431.09,0,0,0,0,0,0
UTILS.BSE_IDX,01/07/2025,09:37:44,5429.59,0,0,0,0,0,0
UTILS.BSE_IDX,01/07/2025,09:37:52,5430.88,0,0,0,0,0,0
UTILS.BSE_IDX,01/07/2025,09:38:00,5429.94,0,0,0,0,0,0
UTILS.BSE_IDX,01/07/2025,09:38:08,5429.34,0,0,0,0,0,0
UTILS.BSE_IDX,01/07/2025,09:38:16,5427.49,0,0,0,0,0,0
UTILS.BSE_IDX,01/07/2025,09:38:24,5427.49,0,0,0,0,0,0
UTILS.BSE_IDX,01/07/2025,09:38:32,5426.15,0,0,0,0,0,0
UTILS.BSE_IDX,01/07/2025,09:38:40,5425.78,0,0,0,0,0,0
UTILS.BSE_IDX,01/07/2025,09:38:48,5424.78,0,0,0,0,0,0
UTILS.BSE_IDX,01/07/2025,09:38:56,5424.13,0,0,0,0,0,0
UTILS.BSE_IDX,01/07/2025,09:39:04,5424.44,0,0,0,0,0,0
UTILS.BSE_IDX,01/07/2025,09:39:12,5424.33,0,0,0,0,0,0
UTILS.BSE_IDX,01/07/2025,09:39:20,5424.77,0,0,0,0,0,0
UTILS.BSE_IDX,01/07/2025,09:39:28,5425.21,0,0,0,0,0,0
UTILS.BSE_IDX,01/07/2025,09:39:36,5425.26,0,0,0,0,0,0
UTILS.BSE_IDX,01/07/2025,09:39:44,5425.41,0,0,0,0,0,0
UTILS.BSE_IDX,01/07/2025,09:39:52,5424.89,0,0,0,0,0,0
UTILS.BSE_IDX,01/07/2025,09:40:00,5424.91,0,0,0,0,0,0
UTILS.BSE_IDX,01/07/2025,09:40:08,5424.93,0,0,0,0,0,0
UTILS.BSE_IDX,01/07/2025,09:40:16,5426.25,0,0,0,0,0,0
UTILS.BSE_IDX,01/07/2025,09:40:24,5425.69,0,0,0,0,0,0
UTILS.BSE_IDX,01/07/2025,09:40:32,5425.98,0,0,0,0,0,0
UTILS.BSE_IDX,01/07/2025,09:40:40,5424.72,0,0,0,0,0,0
UTILS.BSE_IDX,01/07/2025,09:40:48,5425.28,0,0,0,0,0,0
UTILS.BSE_IDX,01/07/2025,09:40:56,5424.86,0,0,0,0,0,0
UTILS.BSE_IDX,01/07/2025,09:41:04,5423.91,0,0,0,0,0,0
UTILS.BSE_IDX,01/07/2025,09:41:12,5425.47,0,0,0,0,0,0
UTILS.BSE_IDX,01/07/2025,09:41:20,5424.67,0,0,0,0,0,0
UTILS.BSE_IDX,01/07/2025,09:41:28,5425.22,0,0,0,0,0,0
UTILS.BSE_IDX,01/07/2025,09:41:36,5424.06,0,0,0,0,0,0
UTILS.BSE_IDX,01/07/2025,09:41:44,5425.2,0,0,0,0,0,0
UTILS.BSE_IDX,01/07/2025,09:41:52,5423.39,0,0,0,0,0,0
UTILS.BSE_IDX,01/07/2025,09:42:00,5425.15,0,0,0,0,0,0
UTILS.BSE_IDX,01/07/2025,09:42:08,5424.82,0,0,0,0,0,0
UTILS.BSE_IDX,01/07/2025,09:42:16,5423.54,0,0,0,0,0,0
UTILS.BSE_IDX,01/07/2025,09:42:24,5423.91,0,0,0,0,0,0
UTILS.BSE_IDX,01/07/2025,09:42:32,5424.59,0,0,0,0,0,0
UTILS.BSE_IDX,01/07/2025,09:42:40,5423.81,0,0,0,0,0,0
UTILS.BSE_IDX,01/07/2025,09:42:48,5423.69,0,0,0,0,0,0
UTILS.BSE_IDX,01/07/2025,09:42:56,5424.89,0,0,0,0,0,0
UTILS.BSE_IDX,01/07/2025,09:43:04,5425.09,0,0,0,0,0,0
UTILS.BSE_IDX,01/07/2025,09:43:12,5424.34,0,0,0,0,0,0
UTILS.BSE_IDX,01/07/2025,09:43:20,5423.7,0,0,0,0,0,0
UTILS.BSE_IDX,01/07/2025,09:43:28,5424.11,0,0,0,0,0,0
UTILS.BSE_IDX,01/07/2025,09:43:36,5424.85,0,0,0,0,0,0
UTILS.BSE_IDX,01/07/2025,09:43:44,5425.21,0,0,0,0,0,0
UTILS.BSE_IDX,01/07/2025,09:43:53,5423.66,0,0,0,0,0,0
UTILS.BSE_IDX,01/07/2025,09:44:00,5423.4,0,0,0,0,0,0
UTILS.BSE_IDX,01/07/2025,09:44:08,5423.51,0,0,0,0,0,0
UTILS.BSE_IDX,01/07/2025,09:44:16,5423.59,0,0,0,0,0,0
UTILS.BSE_IDX,01/07/2025,09:44:24,5423.81,0,0,0,0,0,0
UTILS.BSE_IDX,01/07/2025,09:44:32,5423.94,0,0,0,0,0,0
UTILS.BSE_IDX,01/07/2025,09:44:40,5422.75,0,0,0,0,0,0
UTILS.BSE_IDX,01/07/2025,09:44:48,5422.09,0,0,0,0,0,0
UTILS.BSE_IDX,01/07/2025,09:44:56,5420.57,0,0,0,0,0,0
UTILS.BSE_IDX,01/07/2025,09:45:05,5418.97,0,0,0,0,0,0
UTILS.BSE_IDX,01/07/2025,09:45:12,5418.3,0,0,0,0,0,0
UTILS.BSE_IDX,01/07/2025,09:45:20,5417.8,0,0,0,0,0,0
UTILS.BSE_IDX,01/07/2025,09:45:28,5418.85,0,0,0,0,0,0
UTILS.BSE_IDX,01/07/2025,09:45:36,5417.14,0,0,0,0,0,0
UTILS.BSE_IDX,01/07/2025,09:45:44,5416.42,0,0,0,0,0,0
UTILS.BSE_IDX,01/07/2025,09:45:52,5417.86,0,0,0,0,0,0
UTILS.BSE_IDX,01/07/2025,09:46:01,5416.98,0,0,0,0,0,0
UTILS.BSE_IDX,01/07/2025,09:46:08,5417.63,0,0,0,0,0,0
UTILS.BSE_IDX,01/07/2025,09:46:16,5417.52,0,0,0,0,0,0
UTILS.BSE_IDX,01/07/2025,09:46:24,5418.67,0,0,0,0,0,0
UTILS.BSE_IDX,01/07/2025,09:46:32,5417.74,0,0,0,0,0,0
UTILS.BSE_IDX,01/07/2025,09:46:40,5417.01,0,0,0,0,0,0
UTILS.BSE_IDX,01/07/2025,09:46:48,5418,0,0,0,0,0,0
UTILS.BSE_IDX,01/07/2025,09:46:56,5417.54,0,0,0,0,0,0
UTILS.BSE_IDX,01/07/2025,09:47:04,5417.96,0,0,0,0,0,0
UTILS.BSE_IDX,01/07/2025,09:47:12,5418.41,0,0,0,0,0,0
UTILS.BSE_IDX,01/07/2025,09:47:20,5418.48,0,0,0,0,0,0
UTILS.BSE_IDX,01/07/2025,09:47:28,5418.85,0,0,0,0,0,0
UTILS.BSE_IDX,01/07/2025,09:47:36,5418.32,0,0,0,0,0,0
UTILS.BSE_IDX,01/07/2025,09:47:44,5418.07,0,0,0,0,0,0
UTILS.BSE_IDX,01/07/2025,09:47:52,5418.51,0,0,0,0,0,0
UTILS.BSE_IDX,01/07/2025,09:48:00,5418.27,0,0,0,0,0,0
UTILS.BSE_IDX,01/07/2025,09:48:08,5418.99,0,0,0,0,0,0
UTILS.BSE_IDX,01/07/2025,09:48:16,5419.33,0,0,0,0,0,0
UTILS.BSE_IDX,01/07/2025,09:48:24,5421.57,0,0,0,0,0,0
UTILS.BSE_IDX,01/07/2025,09:48:32,5422.77,0,0,0,0,0,0
UTILS.BSE_IDX,01/07/2025,09:48:40,5421.81,0,0,0,0,0,0
UTILS.BSE_IDX,01/07/2025,09:48:48,5421.09,0,0,0,0,0,0
UTILS.BSE_IDX,01/07/2025,09:48:56,5421.2,0,0,0,0,0,0
UTILS.BSE_IDX,01/07/2025,09:49:04,5421.72,0,0,0,0,0,0
UTILS.BSE_IDX,01/07/2025,09:49:12,5422.22,0,0,0,0,0,0
UTILS.BSE_IDX,01/07/2025,09:49:20,5422.4,0,0,0,0,0,0
UTILS.BSE_IDX,01/07/2025,09:49:28,5423.56,0,0,0,0,0,0
UTILS.BSE_IDX,01/07/2025,09:49:36,5422.77,0,0,0,0,0,0
UTILS.BSE_IDX,01/07/2025,09:49:44,5422.64,0,0,0,0,0,0
UTILS.BSE_IDX,01/07/2025,09:49:52,5423.32,0,0,0,0,0,0
UTILS.BSE_IDX,01/07/2025,09:50:00,5423.47,0,0,0,0,0,0
UTILS.BSE_IDX,01/07/2025,09:50:08,5423.68,0,0,0,0,0,0
UTILS.BSE_IDX,01/07/2025,09:50:16,5424.19,0,0,0,0,0,0
UTILS.BSE_IDX,01/07/2025,09:50:24,5423.42,0,0,0,0,0,0
UTILS.BSE_IDX,01/07/2025,09:50:32,5424.06,0,0,0,0,0,0
UTILS.BSE_IDX,01/07/2025,09:50:40,5422.95,0,0,0,0,0,0
UTILS.BSE_IDX,01/07/2025,09:50:48,5423.83,0,0,0,0,0,0
UTILS.BSE_IDX,01/07/2025,09:50:57,5422.09,0,0,0,0,0,0
UTILS.BSE_IDX,01/07/2025,09:51:04,5421.86,0,0,0,0,0,0
UTILS.BSE_IDX,01/07/2025,09:51:12,5422.84,0,0,0,0,0,0
UTILS.BSE_IDX,01/07/2025,09:51:20,5422.95,0,0,0,0,0,0
UTILS.BSE_IDX,01/07/2025,09:51:28,5422.13,0,0,0,0,0,0
UTILS.BSE_IDX,01/07/2025,09:51:37,5421.99,0,0,0,0,0,0
UTILS.BSE_IDX,01/07/2025,09:51:44,5423.31,0,0,0,0,0,0
UTILS.BSE_IDX,01/07/2025,09:51:52,5422.51,0,0,0,0,0,0
UTILS.BSE_IDX,01/07/2025,09:52:01,5422.47,0,0,0,0,0,0
UTILS.BSE_IDX,01/07/2025,09:52:08,5422.73,0,0,0,0,0,0
UTILS.BSE_IDX,01/07/2025,09:52:17,5420.41,0,0,0,0,0,0
UTILS.BSE_IDX,01/07/2025,09:52:24,5420.72,0,0,0,0,0,0
UTILS.BSE_IDX,01/07/2025,09:52:32,5420.79,0,0,0,0,0,0
UTILS.BSE_IDX,01/07/2025,09:52:40,5422.93,0,0,0,0,0,0
UTILS.BSE_IDX,01/07/2025,09:52:48,5421.52,0,0,0,0,0,0
UTILS.BSE_IDX,01/07/2025,09:52:57,5422.14,0,0,0,0,0,0
UTILS.BSE_IDX,01/07/2025,09:53:04,5422.5,0,0,0,0,0,0
UTILS.BSE_IDX,01/07/2025,09:53:13,5422.52,0,0,0,0,0,0
UTILS.BSE_IDX,01/07/2025,09:53:20,5421.47,0,0,0,0,0,0
UTILS.BSE_IDX,01/07/2025,09:53:28,5423.15,0,0,0,0,0,0
UTILS.BSE_IDX,01/07/2025,09:53:36,5421.76,0,0,0,0,0,0
UTILS.BSE_IDX,01/07/2025,09:53:44,5422.62,0,0,0,0,0,0
UTILS.BSE_IDX,01/07/2025,09:53:52,5422.39,0,0,0,0,0,0
UTILS.BSE_IDX,01/07/2025,09:54:00,5421.12,0,0,0,0,0,0
UTILS.BSE_IDX,01/07/2025,09:54:08,5421.37,0,0,0,0,0,0
UTILS.BSE_IDX,01/07/2025,09:54:16,5420.67,0,0,0,0,0,0
UTILS.BSE_IDX,01/07/2025,09:54:24,5420.16,0,0,0,0,0,0
UTILS.BSE_IDX,01/07/2025,09:54:32,5420.86,0,0,0,0,0,0
UTILS.BSE_IDX,01/07/2025,09:54:40,5420.41,0,0,0,0,0,0
UTILS.BSE_IDX,01/07/2025,09:54:48,5420.83,0,0,0,0,0,0
UTILS.BSE_IDX,01/07/2025,09:54:56,5420.55,0,0,0,0,0,0
UTILS.BSE_IDX,01/07/2025,09:55:04,5418.48,0,0,0,0,0,0
UTILS.BSE_IDX,01/07/2025,09:55:12,5418.01,0,0,0,0,0,0
UTILS.BSE_IDX,01/07/2025,09:55:20,5418.36,0,0,0,0,0,0
UTILS.BSE_IDX,01/07/2025,09:55:28,5418.7,0,0,0,0,0,0
UTILS.BSE_IDX,01/07/2025,09:55:36,5419.47,0,0,0,0,0,0
UTILS.BSE_IDX,01/07/2025,09:55:44,5420.23,0,0,0,0,0,0
UTILS.BSE_IDX,01/07/2025,09:55:52,5420.54,0,0,0,0,0,0
UTILS.BSE_IDX,01/07/2025,09:56:00,5420.13,0,0,0,0,0,0
UTILS.BSE_IDX,01/07/2025,09:56:08,5420.37,0,0,0,0,0,0
UTILS.BSE_IDX,01/07/2025,09:56:16,5420.82,0,0,0,0,0,0
UTILS.BSE_IDX,01/07/2025,09:56:25,5421.29,0,0,0,0,0,0
UTILS.BSE_IDX,01/07/2025,09:56:32,5420.91,0,0,0,0,0,0
UTILS.BSE_IDX,01/07/2025,09:56:41,5419.63,0,0,0,0,0,0
UTILS.BSE_IDX,01/07/2025,09:56:48,5419.36,0,0,0,0,0,0
UTILS.BSE_IDX,01/07/2025,09:56:57,5418.77,0,0,0,0,0,0
UTILS.BSE_IDX,01/07/2025,09:57:04,5419.24,0,0,0,0,0,0
UTILS.BSE_IDX,01/07/2025,09:57:12,5420.93,0,0,0,0,0,0
UTILS.BSE_IDX,01/07/2025,09:57:20,5421.67,0,0,0,0,0,0
UTILS.BSE_IDX,01/07/2025,09:57:28,5422.39,0,0,0,0,0,0
UTILS.BSE_IDX,01/07/2025,09:57:36,5422,0,0,0,0,0,0
UTILS.BSE_IDX,01/07/2025,09:57:44,5422.49,0,0,0,0,0,0
UTILS.BSE_IDX,01/07/2025,09:57:52,5423.09,0,0,0,0,0,0
UTILS.BSE_IDX,01/07/2025,09:58:00,5422.66,0,0,0,0,0,0
UTILS.BSE_IDX,01/07/2025,09:58:08,5421.78,0,0,0,0,0,0
UTILS.BSE_IDX,01/07/2025,09:58:16,5422.54,0,0,0,0,0,0
UTILS.BSE_IDX,01/07/2025,09:58:24,5422.9,0,0,0,0,0,0
UTILS.BSE_IDX,01/07/2025,09:58:32,5423.2,0,0,0,0,0,0
UTILS.BSE_IDX,01/07/2025,09:58:40,5422.55,0,0,0,0,0,0
UTILS.BSE_IDX,01/07/2025,09:58:48,5422.82,0,0,0,0,0,0
UTILS.BSE_IDX,01/07/2025,09:58:56,5423.04,0,0,0,0,0,0
UTILS.BSE_IDX,01/07/2025,09:59:05,5424.23,0,0,0,0,0,0
UTILS.BSE_IDX,01/07/2025,09:59:12,5423.83,0,0,0,0,0,0
UTILS.BSE_IDX,01/07/2025,09:59:20,5424.74,0,0,0,0,0,0
UTILS.BSE_IDX,01/07/2025,09:59:28,5424.13,0,0,0,0,0,0
UTILS.BSE_IDX,01/07/2025,09:59:36,5423.73,0,0,0,0,0,0
UTILS.BSE_IDX,01/07/2025,09:59:45,5423.4,0,0,0,0,0,0
UTILS.BSE_IDX,01/07/2025,09:59:52,5423.85,0,0,0,0,0,0
UTILS.BSE_IDX,01/07/2025,10:00:00,5421.77,0,0,0,0,0,0
UTILS.BSE_IDX,01/07/2025,10:00:08,5421.83,0,0,0,0,0,0
UTILS.BSE_IDX,01/07/2025,10:00:16,5422.49,0,0,0,0,0,0
UTILS.BSE_IDX,01/07/2025,10:00:24,5421.76,0,0,0,0,0,0
UTILS.BSE_IDX,01/07/2025,10:00:32,5422.15,0,0,0,0,0,0
UTILS.BSE_IDX,01/07/2025,10:00:40,5422.96,0,0,0,0,0,0
UTILS.BSE_IDX,01/07/2025,10:00:48,5422.4,0,0,0,0,0,0
UTILS.BSE_IDX,01/07/2025,10:00:56,5422,0,0,0,0,0,0
UTILS.BSE_IDX,01/07/2025,10:01:04,5421.63,0,0,0,0,0,0
UTILS.BSE_IDX,01/07/2025,10:01:12,5421.55,0,0,0,0,0,0
UTILS.BSE_IDX,01/07/2025,10:01:21,5421.42,0,0,0,0,0,0
UTILS.BSE_IDX,01/07/2025,10:01:28,5421.26,0,0,0,0,0,0
UTILS.BSE_IDX,01/07/2025,10:01:36,5420.58,0,0,0,0,0,0
UTILS.BSE_IDX,01/07/2025,10:01:44,5421.52,0,0,0,0,0,0
UTILS.BSE_IDX,01/07/2025,10:01:52,5419.8,0,0,0,0,0,0
UTILS.BSE_IDX,01/07/2025,10:02:00,5420.01,0,0,0,0,0,0
UTILS.BSE_IDX,01/07/2025,10:02:08,5420.02,0,0,0,0,0,0
UTILS.BSE_IDX,01/07/2025,10:02:17,5418.84,0,0,0,0,0,0
UTILS.BSE_IDX,01/07/2025,10:02:24,5418.68,0,0,0,0,0,0
UTILS.BSE_IDX,01/07/2025,10:02:32,5418.51,0,0,0,0,0,0
UTILS.BSE_IDX,01/07/2025,10:02:41,5418.31,0,0,0,0,0,0
UTILS.BSE_IDX,01/07/2025,10:02:49,5419.21,0,0,0,0,0,0
UTILS.BSE_IDX,01/07/2025,10:02:56,5419.08,0,0,0,0,0,0
UTILS.BSE_IDX,01/07/2025,10:03:04,5418.11,0,0,0,0,0,0
UTILS.BSE_IDX,01/07/2025,10:03:13,5417.93,0,0,0,0,0,0
UTILS.BSE_IDX,01/07/2025,10:03:20,5417.19,0,0,0,0,0,0
UTILS.BSE_IDX,01/07/2025,10:03:29,5416.67,0,0,0,0,0,0
UTILS.BSE_IDX,01/07/2025,10:03:37,5416.57,0,0,0,0,0,0
UTILS.BSE_IDX,01/07/2025,10:03:45,5416.74,0,0,0,0,0,0
UTILS.BSE_IDX,01/07/2025,10:03:53,5415.77,0,0,0,0,0,0
UTILS.BSE_IDX,01/07/2025,10:04:01,5415.91,0,0,0,0,0,0
UTILS.BSE_IDX,01/07/2025,10:04:09,5415.55,0,0,0,0,0,0
UTILS.BSE_IDX,01/07/2025,10:04:17,5416.18,0,0,0,0,0,0
UTILS.BSE_IDX,01/07/2025,10:04:25,5415.92,0,0,0,0,0,0
UTILS.BSE_IDX,01/07/2025,10:04:33,5415.15,0,0,0,0,0,0
UTILS.BSE_IDX,01/07/2025,10:04:41,5414.71,0,0,0,0,0,0
UTILS.BSE_IDX,01/07/2025,10:04:50,5416.18,0,0,0,0,0,0
UTILS.BSE_IDX,01/07/2025,10:04:57,5416.77,0,0,0,0,0,0
UTILS.BSE_IDX,01/07/2025,10:05:05,5415.55,0,0,0,0,0,0
UTILS.BSE_IDX,01/07/2025,10:05:14,5415.76,0,0,0,0,0,0
UTILS.BSE_IDX,01/07/2025,10:05:21,5414.75,0,0,0,0,0,0
UTILS.BSE_IDX,01/07/2025,10:05:29,5413.8,0,0,0,0,0,0
UTILS.BSE_IDX,01/07/2025,10:05:37,5412.68,0,0,0,0,0,0
UTILS.BSE_IDX,01/07/2025,10:05:45,5414.96,0,0,0,0,0,0
UTILS.BSE_IDX,01/07/2025,10:05:53,5415.19,0,0,0,0,0,0
UTILS.BSE_IDX,01/07/2025,10:06:01,5416.33,0,0,0,0,0,0
UTILS.BSE_IDX,01/07/2025,10:06:09,5415.84,0,0,0,0,0,0
UTILS.BSE_IDX,01/07/2025,10:06:17,5413.81,0,0,0,0,0,0
UTILS.BSE_IDX,01/07/2025,10:06:25,5415.08,0,0,0,0,0,0
UTILS.BSE_IDX,01/07/2025,10:06:33,5416.6,0,0,0,0,0,0
UTILS.BSE_IDX,01/07/2025,10:06:41,5416.82,0,0,0,0,0,0
UTILS.BSE_IDX,01/07/2025,10:06:49,5415.87,0,0,0,0,0,0
UTILS.BSE_IDX,01/07/2025,10:06:57,5416.14,0,0,0,0,0,0
UTILS.BSE_IDX,01/07/2025,10:07:05,5416.74,0,0,0,0,0,0
UTILS.BSE_IDX,01/07/2025,10:07:13,5419.33,0,0,0,0,0,0
UTILS.BSE_IDX,01/07/2025,10:07:21,5419.43,0,0,0,0,0,0
UTILS.BSE_IDX,01/07/2025,10:07:29,5419.24,0,0,0,0,0,0
UTILS.BSE_IDX,01/07/2025,10:07:37,5419.5,0,0,0,0,0,0
UTILS.BSE_IDX,01/07/2025,10:07:45,5420.67,0,0,0,0,0,0
UTILS.BSE_IDX,01/07/2025,10:07:53,5420.28,0,0,0,0,0,0
UTILS.BSE_IDX,01/07/2025,10:08:01,5419.57,0,0,0,0,0,0
UTILS.BSE_IDX,01/07/2025,10:08:09,5419.66,0,0,0,0,0,0
UTILS.BSE_IDX,01/07/2025,10:08:17,5420.06,0,0,0,0,0,0
UTILS.BSE_IDX,01/07/2025,10:08:25,5420.41,0,0,0,0,0,0
UTILS.BSE_IDX,01/07/2025,10:08:33,5420.28,0,0,0,0,0,0
UTILS.BSE_IDX,01/07/2025,10:08:41,5419.15,0,0,0,0,0,0
UTILS.BSE_IDX,01/07/2025,10:08:49,5420.11,0,0,0,0,0,0
UTILS.BSE_IDX,01/07/2025,10:08:57,5419.35,0,0,0,0,0,0
UTILS.BSE_IDX,01/07/2025,10:09:05,5417.89,0,0,0,0,0,0
UTILS.BSE_IDX,01/07/2025,10:09:13,5417.98,0,0,0,0,0,0
UTILS.BSE_IDX,01/07/2025,10:09:21,5418.24,0,0,0,0,0,0
UTILS.BSE_IDX,01/07/2025,10:09:29,5417.92,0,0,0,0,0,0
UTILS.BSE_IDX,01/07/2025,10:09:37,5417.55,0,0,0,0,0,0
UTILS.BSE_IDX,01/07/2025,10:09:45,5417.39,0,0,0,0,0,0
UTILS.BSE_IDX,01/07/2025,10:09:53,5417.97,0,0,0,0,0,0
UTILS.BSE_IDX,01/07/2025,10:10:01,5418.63,0,0,0,0,0,0
UTILS.BSE_IDX,01/07/2025,10:10:09,5418.46,0,0,0,0,0,0
UTILS.BSE_IDX,01/07/2025,10:10:17,5419.46,0,0,0,0,0,0
UTILS.BSE_IDX,01/07/2025,10:10:25,5419.68,0,0,0,0,0,0
UTILS.BSE_IDX,01/07/2025,10:10:33,5419.64,0,0,0,0,0,0
UTILS.BSE_IDX,01/07/2025,10:10:41,5419.49,0,0,0,0,0,0
UTILS.BSE_IDX,01/07/2025,10:10:49,5419.27,0,0,0,0,0,0
UTILS.BSE_IDX,01/07/2025,10:10:57,5419.89,0,0,0,0,0,0
UTILS.BSE_IDX,01/07/2025,10:11:05,5419.39,0,0,0,0,0,0
UTILS.BSE_IDX,01/07/2025,10:11:13,5419.3,0,0,0,0,0,0
UTILS.BSE_IDX,01/07/2025,10:11:22,5417.7,0,0,0,0,0,0
UTILS.BSE_IDX,01/07/2025,10:11:29,5417.29,0,0,0,0,0,0
UTILS.BSE_IDX,01/07/2025,10:11:37,5416.34,0,0,0,0,0,0
UTILS.BSE_IDX,01/07/2025,10:11:45,5415.69,0,0,0,0,0,0
UTILS.BSE_IDX,01/07/2025,10:11:53,5414.65,0,0,0,0,0,0
UTILS.BSE_IDX,01/07/2025,10:12:01,5415.33,0,0,0,0,0,0
UTILS.BSE_IDX,01/07/2025,10:12:09,5415.17,0,0,0,0,0,0
UTILS.BSE_IDX,01/07/2025,10:12:17,5413.07,0,0,0,0,0,0
UTILS.BSE_IDX,01/07/2025,10:12:25,5414.36,0,0,0,0,0,0
UTILS.BSE_IDX,01/07/2025,10:12:33,5413.28,0,0,0,0,0,0
UTILS.BSE_IDX,01/07/2025,10:12:41,5413.95,0,0,0,0,0,0
UTILS.BSE_IDX,01/07/2025,10:12:49,5413.88,0,0,0,0,0,0
UTILS.BSE_IDX,01/07/2025,10:12:57,5411.69,0,0,0,0,0,0
UTILS.BSE_IDX,01/07/2025,10:13:05,5411.72,0,0,0,0,0,0
UTILS.BSE_IDX,01/07/2025,10:13:13,5411.77,0,0,0,0,0,0
UTILS.BSE_IDX,01/07/2025,10:13:21,5412.58,0,0,0,0,0,0
UTILS.BSE_IDX,01/07/2025,10:13:29,5412.99,0,0,0,0,0,0
UTILS.BSE_IDX,01/07/2025,10:13:37,5410.62,0,0,0,0,0,0
UTILS.BSE_IDX,01/07/2025,10:13:45,5411.03,0,0,0,0,0,0
UTILS.BSE_IDX,01/07/2025,10:13:53,5409.59,0,0,0,0,0,0
UTILS.BSE_IDX,01/07/2025,10:14:01,5407.17,0,0,0,0,0,0
UTILS.BSE_IDX,01/07/2025,10:14:09,5406.73,0,0,0,0,0,0
UTILS.BSE_IDX,01/07/2025,10:14:17,5406.32,0,0,0,0,0,0
UTILS.BSE_IDX,01/07/2025,10:14:25,5407.53,0,0,0,0,0,0
UTILS.BSE_IDX,01/07/2025,10:14:33,5407.7,0,0,0,0,0,0
UTILS.BSE_IDX,01/07/2025,10:14:41,5407.16,0,0,0,0,0,0
UTILS.BSE_IDX,01/07/2025,10:14:49,5407.21,0,0,0,0,0,0
UTILS.BSE_IDX,01/07/2025,10:14:57,5408.21,0,0,0,0,0,0
UTILS.BSE_IDX,01/07/2025,10:15:05,5405.8,0,0,0,0,0,0
UTILS.BSE_IDX,01/07/2025,10:15:13,5404.15,0,0,0,0,0,0
UTILS.BSE_IDX,01/07/2025,10:15:21,5404.55,0,0,0,0,0,0
UTILS.BSE_IDX,01/07/2025,10:15:29,5403.64,0,0,0,0,0,0
UTILS.BSE_IDX,01/07/2025,10:15:37,5405.07,0,0,0,0,0,0
UTILS.BSE_IDX,01/07/2025,10:15:45,5405.52,0,0,0,0,0,0
UTILS.BSE_IDX,01/07/2025,10:15:53,5404.12,0,0,0,0,0,0
UTILS.BSE_IDX,01/07/2025,10:16:01,5406.02,0,0,0,0,0,0
UTILS.BSE_IDX,01/07/2025,10:16:09,5406.67,0,0,0,0,0,0
UTILS.BSE_IDX,01/07/2025,10:16:17,5405.7,0,0,0,0,0,0
UTILS.BSE_IDX,01/07/2025,10:16:25,5405.74,0,0,0,0,0,0
UTILS.BSE_IDX,01/07/2025,10:16:33,5405.61,0,0,0,0,0,0
UTILS.BSE_IDX,01/07/2025,10:16:41,5405.63,0,0,0,0,0,0
UTILS.BSE_IDX,01/07/2025,10:16:49,5405.16,0,0,0,0,0,0
UTILS.BSE_IDX,01/07/2025,10:16:57,5405.39,0,0,0,0,0,0
UTILS.BSE_IDX,01/07/2025,10:17:05,5405.79,0,0,0,0,0,0
UTILS.BSE_IDX,01/07/2025,10:17:13,5404.96,0,0,0,0,0,0
UTILS.BSE_IDX,01/07/2025,10:17:21,5404.63,0,0,0,0,0,0
UTILS.BSE_IDX,01/07/2025,10:17:29,5404.33,0,0,0,0,0,0
UTILS.BSE_IDX,01/07/2025,10:17:37,5406.17,0,0,0,0,0,0
UTILS.BSE_IDX,01/07/2025,10:17:45,5406.39,0,0,0,0,0,0
UTILS.BSE_IDX,01/07/2025,10:17:53,5407.07,0,0,0,0,0,0
UTILS.BSE_IDX,01/07/2025,10:18:01,5407.5,0,0,0,0,0,0
UTILS.BSE_IDX,01/07/2025,10:18:09,5408.26,0,0,0,0,0,0
UTILS.BSE_IDX,01/07/2025,10:18:17,5408.59,0,0,0,0,0,0
UTILS.BSE_IDX,01/07/2025,10:18:25,5409.17,0,0,0,0,0,0
UTILS.BSE_IDX,01/07/2025,10:18:33,5407.7,0,0,0,0,0,0
UTILS.BSE_IDX,01/07/2025,10:18:41,5407.33,0,0,0,0,0,0
UTILS.BSE_IDX,01/07/2025,10:18:49,5407.15,0,0,0,0,0,0
UTILS.BSE_IDX,01/07/2025,10:18:57,5405.83,0,0,0,0,0,0
UTILS.BSE_IDX,01/07/2025,10:19:05,5405.46,0,0,0,0,0,0
UTILS.BSE_IDX,01/07/2025,10:19:13,5405.59,0,0,0,0,0,0
UTILS.BSE_IDX,01/07/2025,10:19:21,5406.7,0,0,0,0,0,0
UTILS.BSE_IDX,01/07/2025,10:19:29,5407.25,0,0,0,0,0,0
UTILS.BSE_IDX,01/07/2025,10:19:37,5407.16,0,0,0,0,0,0
UTILS.BSE_IDX,01/07/2025,10:19:45,5407.04,0,0,0,0,0,0
UTILS.BSE_IDX,01/07/2025,10:19:53,5406.96,0,0,0,0,0,0
UTILS.BSE_IDX,01/07/2025,10:20:01,5405.98,0,0,0,0,0,0
UTILS.BSE_IDX,01/07/2025,10:20:09,5406.15,0,0,0,0,0,0
UTILS.BSE_IDX,01/07/2025,10:20:17,5407.39,0,0,0,0,0,0
UTILS.BSE_IDX,01/07/2025,10:20:25,5406.24,0,0,0,0,0,0
UTILS.BSE_IDX,01/07/2025,10:20:33,5407.82,0,0,0,0,0,0
UTILS.BSE_IDX,01/07/2025,10:20:41,5407.98,0,0,0,0,0,0
UTILS.BSE_IDX,01/07/2025,10:20:49,5407.73,0,0,0,0,0,0
UTILS.BSE_IDX,01/07/2025,10:20:57,5407.33,0,0,0,0,0,0
UTILS.BSE_IDX,01/07/2025,10:21:05,5407.15,0,0,0,0,0,0
UTILS.BSE_IDX,01/07/2025,10:21:13,5406.47,0,0,0,0,0,0
UTILS.BSE_IDX,01/07/2025,10:21:21,5406.55,0,0,0,0,0,0
UTILS.BSE_IDX,01/07/2025,10:21:29,5406.61,0,0,0,0,0,0
UTILS.BSE_IDX,01/07/2025,10:21:37,5406.36,0,0,0,0,0,0
UTILS.BSE_IDX,01/07/2025,10:21:45,5405.96,0,0,0,0,0,0
UTILS.BSE_IDX,01/07/2025,10:21:53,5406.8,0,0,0,0,0,0
UTILS.BSE_IDX,01/07/2025,10:22:01,5406.61,0,0,0,0,0,0
UTILS.BSE_IDX,01/07/2025,10:22:09,5407.12,0,0,0,0,0,0
UTILS.BSE_IDX,01/07/2025,10:22:17,5407.53,0,0,0,0,0,0
UTILS.BSE_IDX,01/07/2025,10:22:25,5407.82,0,0,0,0,0,0
UTILS.BSE_IDX,01/07/2025,10:22:33,5407.93,0,0,0,0,0,0
UTILS.BSE_IDX,01/07/2025,10:22:41,5407.71,0,0,0,0,0,0
UTILS.BSE_IDX,01/07/2025,10:22:49,5406.77,0,0,0,0,0,0
UTILS.BSE_IDX,01/07/2025,10:22:57,5406.52,0,0,0,0,0,0
UTILS.BSE_IDX,01/07/2025,10:23:05,5406.28,0,0,0,0,0,0
UTILS.BSE_IDX,01/07/2025,10:23:13,5406.87,0,0,0,0,0,0
UTILS.BSE_IDX,01/07/2025,10:23:21,5406.85,0,0,0,0,0,0
UTILS.BSE_IDX,01/07/2025,10:23:29,5407.15,0,0,0,0,0,0
UTILS.BSE_IDX,01/07/2025,10:23:37,5406.4,0,0,0,0,0,0
UTILS.BSE_IDX,01/07/2025,10:23:45,5407.23,0,0,0,0,0,0
UTILS.BSE_IDX,01/07/2025,10:23:53,5407.26,0,0,0,0,0,0
UTILS.BSE_IDX,01/07/2025,10:24:01,5407.14,0,0,0,0,0,0
UTILS.BSE_IDX,01/07/2025,10:24:09,5407.24,0,0,0,0,0,0
UTILS.BSE_IDX,01/07/2025,10:24:17,5406.02,0,0,0,0,0,0
UTILS.BSE_IDX,01/07/2025,10:24:25,5405.13,0,0,0,0,0,0
UTILS.BSE_IDX,01/07/2025,10:24:33,5405.15,0,0,0,0,0,0
UTILS.BSE_IDX,01/07/2025,10:24:41,5404.31,0,0,0,0,0,0
UTILS.BSE_IDX,01/07/2025,10:24:49,5405.13,0,0,0,0,0,0
UTILS.BSE_IDX,01/07/2025,10:24:57,5405.92,0,0,0,0,0,0
UTILS.BSE_IDX,01/07/2025,10:25:05,5405.3,0,0,0,0,0,0
UTILS.BSE_IDX,01/07/2025,10:25:13,5405.56,0,0,0,0,0,0
UTILS.BSE_IDX,01/07/2025,10:25:21,5405.38,0,0,0,0,0,0
UTILS.BSE_IDX,01/07/2025,10:25:29,5405.53,0,0,0,0,0,0
UTILS.BSE_IDX,01/07/2025,10:25:37,5406.1,0,0,0,0,0,0
UTILS.BSE_IDX,01/07/2025,10:25:45,5406.26,0,0,0,0,0,0
UTILS.BSE_IDX,01/07/2025,10:25:53,5405.48,0,0,0,0,0,0
UTILS.BSE_IDX,01/07/2025,10:26:01,5406.95,0,0,0,0,0,0
UTILS.BSE_IDX,01/07/2025,10:26:09,5408.31,0,0,0,0,0,0
UTILS.BSE_IDX,01/07/2025,10:26:17,5407.75,0,0,0,0,0,0
UTILS.BSE_IDX,01/07/2025,10:26:25,5405.61,0,0,0,0,0,0
UTILS.BSE_IDX,01/07/2025,10:26:33,5406.69,0,0,0,0,0,0
UTILS.BSE_IDX,01/07/2025,10:26:41,5407.1,0,0,0,0,0,0
UTILS.BSE_IDX,01/07/2025,10:26:49,5407.14,0,0,0,0,0,0
UTILS.BSE_IDX,01/07/2025,10:26:57,5407.17,0,0,0,0,0,0
UTILS.BSE_IDX,01/07/2025,10:27:05,5407.91,0,0,0,0,0,0
UTILS.BSE_IDX,01/07/2025,10:27:13,5408.59,0,0,0,0,0,0
UTILS.BSE_IDX,01/07/2025,10:27:21,5409.17,0,0,0,0,0,0
UTILS.BSE_IDX,01/07/2025,10:27:29,5408.95,0,0,0,0,0,0
UTILS.BSE_IDX,01/07/2025,10:27:37,5409.88,0,0,0,0,0,0
UTILS.BSE_IDX,01/07/2025,10:27:45,5409.1,0,0,0,0,0,0
UTILS.BSE_IDX,01/07/2025,10:27:53,5408.83,0,0,0,0,0,0
UTILS.BSE_IDX,01/07/2025,10:28:01,5410.42,0,0,0,0,0,0
UTILS.BSE_IDX,01/07/2025,10:28:09,5410.49,0,0,0,0,0,0
UTILS.BSE_IDX,01/07/2025,10:28:17,5411.97,0,0,0,0,0,0
UTILS.BSE_IDX,01/07/2025,10:28:25,5410.95,0,0,0,0,0,0
UTILS.BSE_IDX,01/07/2025,10:28:33,5411.57,0,0,0,0,0,0
UTILS.BSE_IDX,01/07/2025,10:28:41,5410.68,0,0,0,0,0,0
UTILS.BSE_IDX,01/07/2025,10:28:49,5410.79,0,0,0,0,0,0
UTILS.BSE_IDX,01/07/2025,10:28:57,5410.13,0,0,0,0,0,0
UTILS.BSE_IDX,01/07/2025,10:29:05,5410.38,0,0,0,0,0,0
UTILS.BSE_IDX,01/07/2025,10:29:13,5410.47,0,0,0,0,0,0
UTILS.BSE_IDX,01/07/2025,10:29:21,5410.78,0,0,0,0,0,0
UTILS.BSE_IDX,01/07/2025,10:29:29,5411.03,0,0,0,0,0,0
UTILS.BSE_IDX,01/07/2025,10:29:37,5411.3,0,0,0,0,0,0
UTILS.BSE_IDX,01/07/2025,10:29:46,5411.61,0,0,0,0,0,0
UTILS.BSE_IDX,01/07/2025,10:29:54,5411.73,0,0,0,0,0,0
UTILS.BSE_IDX,01/07/2025,10:30:01,5412.53,0,0,0,0,0,0
UTILS.BSE_IDX,01/07/2025,10:30:09,5412.74,0,0,0,0,0,0
UTILS.BSE_IDX,01/07/2025,10:30:17,5412.81,0,0,0,0,0,0
UTILS.BSE_IDX,01/07/2025,10:30:25,5413.13,0,0,0,0,0,0
UTILS.BSE_IDX,01/07/2025,10:30:33,5412.89,0,0,0,0,0,0
UTILS.BSE_IDX,01/07/2025,10:30:41,5413.72,0,0,0,0,0,0
UTILS.BSE_IDX,01/07/2025,10:30:49,5413.51,0,0,0,0,0,0
UTILS.BSE_IDX,01/07/2025,10:30:57,5411.59,0,0,0,0,0,0
UTILS.BSE_IDX,01/07/2025,10:31:05,5413.29,0,0,0,0,0,0
UTILS.BSE_IDX,01/07/2025,10:31:13,5413.22,0,0,0,0,0,0
UTILS.BSE_IDX,01/07/2025,10:31:21,5413.4,0,0,0,0,0,0
UTILS.BSE_IDX,01/07/2025,10:31:29,5413.19,0,0,0,0,0,0
UTILS.BSE_IDX,01/07/2025,10:31:37,5412.93,0,0,0,0,0,0
UTILS.BSE_IDX,01/07/2025,10:31:45,5413.02,0,0,0,0,0,0
UTILS.BSE_IDX,01/07/2025,10:31:53,5412.82,0,0,0,0,0,0
UTILS.BSE_IDX,01/07/2025,10:32:01,5413.36,0,0,0,0,0,0
UTILS.BSE_IDX,01/07/2025,10:32:09,5413.96,0,0,0,0,0,0
UTILS.BSE_IDX,01/07/2025,10:32:17,5412.88,0,0,0,0,0,0
UTILS.BSE_IDX,01/07/2025,10:32:25,5412.68,0,0,0,0,0,0
UTILS.BSE_IDX,01/07/2025,10:32:33,5413.52,0,0,0,0,0,0
UTILS.BSE_IDX,01/07/2025,10:32:41,5413.92,0,0,0,0,0,0
UTILS.BSE_IDX,01/07/2025,10:32:49,5414.5,0,0,0,0,0,0
UTILS.BSE_IDX,01/07/2025,10:32:57,5414.57,0,0,0,0,0,0
UTILS.BSE_IDX,01/07/2025,10:33:05,5415.13,0,0,0,0,0,0
UTILS.BSE_IDX,01/07/2025,10:33:13,5416.7,0,0,0,0,0,0
UTILS.BSE_IDX,01/07/2025,10:33:21,5415.98,0,0,0,0,0,0
UTILS.BSE_IDX,01/07/2025,10:33:29,5416.16,0,0,0,0,0,0
UTILS.BSE_IDX,01/07/2025,10:33:37,5416.92,0,0,0,0,0,0
UTILS.BSE_IDX,01/07/2025,10:33:45,5417.09,0,0,0,0,0,0
UTILS.BSE_IDX,01/07/2025,10:33:53,5417.49,0,0,0,0,0,0
UTILS.BSE_IDX,01/07/2025,10:34:01,5417.44,0,0,0,0,0,0
UTILS.BSE_IDX,01/07/2025,10:34:09,5417.26,0,0,0,0,0,0
UTILS.BSE_IDX,01/07/2025,10:34:17,5417.14,0,0,0,0,0,0
UTILS.BSE_IDX,01/07/2025,10:34:25,5417.42,0,0,0,0,0,0
UTILS.BSE_IDX,01/07/2025,10:34:33,5417.09,0,0,0,0,0,0
UTILS.BSE_IDX,01/07/2025,10:34:41,5417.86,0,0,0,0,0,0
UTILS.BSE_IDX,01/07/2025,10:34:49,5418.2,0,0,0,0,0,0
UTILS.BSE_IDX,01/07/2025,10:34:58,5417.78,0,0,0,0,0,0
UTILS.BSE_IDX,01/07/2025,10:35:06,5417.68,0,0,0,0,0,0
UTILS.BSE_IDX,01/07/2025,10:35:14,5417.81,0,0,0,0,0,0
UTILS.BSE_IDX,01/07/2025,10:35:21,5417.75,0,0,0,0,0,0
UTILS.BSE_IDX,01/07/2025,10:35:29,5416.39,0,0,0,0,0,0
UTILS.BSE_IDX,01/07/2025,10:35:37,5415.74,0,0,0,0,0,0
UTILS.BSE_IDX,01/07/2025,10:35:45,5414.94,0,0,0,0,0,0
UTILS.BSE_IDX,01/07/2025,10:35:54,5414.47,0,0,0,0,0,0
UTILS.BSE_IDX,01/07/2025,10:36:02,5415.45,0,0,0,0,0,0
UTILS.BSE_IDX,01/07/2025,10:36:10,5415.85,0,0,0,0,0,0
UTILS.BSE_IDX,01/07/2025,10:36:17,5415.57,0,0,0,0,0,0
UTILS.BSE_IDX,01/07/2025,10:36:25,5414.91,0,0,0,0,0,0
UTILS.BSE_IDX,01/07/2025,10:36:34,5415.41,0,0,0,0,0,0
UTILS.BSE_IDX,01/07/2025,10:36:42,5416.14,0,0,0,0,0,0
UTILS.BSE_IDX,01/07/2025,10:36:49,5416.05,0,0,0,0,0,0
UTILS.BSE_IDX,01/07/2025,10:36:58,5415.1,0,0,0,0,0,0
UTILS.BSE_IDX,01/07/2025,10:37:05,5414.79,0,0,0,0,0,0
UTILS.BSE_IDX,01/07/2025,10:37:14,5415.1,0,0,0,0,0,0
UTILS.BSE_IDX,01/07/2025,10:37:21,5415,0,0,0,0,0,0
UTILS.BSE_IDX,01/07/2025,10:37:30,5414.01,0,0,0,0,0,0
UTILS.BSE_IDX,01/07/2025,10:37:38,5413.86,0,0,0,0,0,0
UTILS.BSE_IDX,01/07/2025,10:37:46,5413.6,0,0,0,0,0,0
UTILS.BSE_IDX,01/07/2025,10:37:54,5415.16,0,0,0,0,0,0
UTILS.BSE_IDX,01/07/2025,10:38:02,5413.83,0,0,0,0,0,0
UTILS.BSE_IDX,01/07/2025,10:38:10,5415.17,0,0,0,0,0,0
UTILS.BSE_IDX,01/07/2025,10:38:18,5413.75,0,0,0,0,0,0
UTILS.BSE_IDX,01/07/2025,10:38:26,5416.32,0,0,0,0,0,0
UTILS.BSE_IDX,01/07/2025,10:38:34,5416.09,0,0,0,0,0,0
UTILS.BSE_IDX,01/07/2025,10:38:42,5416.52,0,0,0,0,0,0
UTILS.BSE_IDX,01/07/2025,10:38:50,5416.49,0,0,0,0,0,0
UTILS.BSE_IDX,01/07/2025,10:38:58,5415.73,0,0,0,0,0,0
UTILS.BSE_IDX,01/07/2025,10:39:06,5417.59,0,0,0,0,0,0
UTILS.BSE_IDX,01/07/2025,10:39:14,5418.05,0,0,0,0,0,0
UTILS.BSE_IDX,01/07/2025,10:39:22,5419.24,0,0,0,0,0,0
UTILS.BSE_IDX,01/07/2025,10:39:30,5419.84,0,0,0,0,0,0
UTILS.BSE_IDX,01/07/2025,10:39:38,5419.51,0,0,0,0,0,0
UTILS.BSE_IDX,01/07/2025,10:39:46,5418.45,0,0,0,0,0,0
UTILS.BSE_IDX,01/07/2025,10:39:54,5418.85,0,0,0,0,0,0
UTILS.BSE_IDX,01/07/2025,10:40:02,5419.12,0,0,0,0,0,0
UTILS.BSE_IDX,01/07/2025,10:40:10,5417.86,0,0,0,0,0,0
UTILS.BSE_IDX,01/07/2025,10:40:18,5419.05,0,0,0,0,0,0
UTILS.BSE_IDX,01/07/2025,10:40:26,5418.23,0,0,0,0,0,0
UTILS.BSE_IDX,01/07/2025,10:40:34,5418,0,0,0,0,0,0
UTILS.BSE_IDX,01/07/2025,10:40:42,5418.21,0,0,0,0,0,0
UTILS.BSE_IDX,01/07/2025,10:40:50,5417.9,0,0,0,0,0,0
UTILS.BSE_IDX,01/07/2025,10:40:58,5418.3,0,0,0,0,0,0
UTILS.BSE_IDX,01/07/2025,10:41:06,5418.68,0,0,0,0,0,0
UTILS.BSE_IDX,01/07/2025,10:41:14,5417.91,0,0,0,0,0,0
UTILS.BSE_IDX,01/07/2025,10:41:22,5418.21,0,0,0,0,0,0
UTILS.BSE_IDX,01/07/2025,10:41:30,5418.57,0,0,0,0,0,0
UTILS.BSE_IDX,01/07/2025,10:41:38,5419.42,0,0,0,0,0,0
UTILS.BSE_IDX,01/07/2025,10:41:46,5419.85,0,0,0,0,0,0
UTILS.BSE_IDX,01/07/2025,10:41:54,5419.26,0,0,0,0,0,0
UTILS.BSE_IDX,01/07/2025,10:42:02,5418.86,0,0,0,0,0,0
UTILS.BSE_IDX,01/07/2025,10:42:10,5418.79,0,0,0,0,0,0
UTILS.BSE_IDX,01/07/2025,10:42:18,5419.54,0,0,0,0,0,0
UTILS.BSE_IDX,01/07/2025,10:42:26,5419.69,0,0,0,0,0,0
UTILS.BSE_IDX,01/07/2025,10:42:34,5419.04,0,0,0,0,0,0
UTILS.BSE_IDX,01/07/2025,10:42:42,5418.69,0,0,0,0,0,0
UTILS.BSE_IDX,01/07/2025,10:42:50,5419.38,0,0,0,0,0,0
UTILS.BSE_IDX,01/07/2025,10:42:58,5417.92,0,0,0,0,0,0
UTILS.BSE_IDX,01/07/2025,10:43:06,5417.99,0,0,0,0,0,0
UTILS.BSE_IDX,01/07/2025,10:43:14,5417.36,0,0,0,0,0,0
UTILS.BSE_IDX,01/07/2025,10:43:22,5418.2,0,0,0,0,0,0
UTILS.BSE_IDX,01/07/2025,10:43:30,5418.04,0,0,0,0,0,0
UTILS.BSE_IDX,01/07/2025,10:43:38,5418.45,0,0,0,0,0,0
UTILS.BSE_IDX,01/07/2025,10:43:46,5419.32,0,0,0,0,0,0
UTILS.BSE_IDX,01/07/2025,10:43:54,5418.55,0,0,0,0,0,0
UTILS.BSE_IDX,01/07/2025,10:44:02,5417.43,0,0,0,0,0,0
UTILS.BSE_IDX,01/07/2025,10:44:10,5417.3,0,0,0,0,0,0
UTILS.BSE_IDX,01/07/2025,10:44:18,5416.43,0,0,0,0,0,0
UTILS.BSE_IDX,01/07/2025,10:44:26,5416.63,0,0,0,0,0,0
UTILS.BSE_IDX,01/07/2025,10:44:34,5417.28,0,0,0,0,0,0
UTILS.BSE_IDX,01/07/2025,10:44:42,5418,0,0,0,0,0,0
UTILS.BSE_IDX,01/07/2025,10:44:50,5417.57,0,0,0,0,0,0
UTILS.BSE_IDX,01/07/2025,10:44:58,5416.1,0,0,0,0,0,0
UTILS.BSE_IDX,01/07/2025,10:45:07,5416.05,0,0,0,0,0,0
UTILS.BSE_IDX,01/07/2025,10:45:14,5416.4,0,0,0,0,0,0
UTILS.BSE_IDX,01/07/2025,10:45:22,5415.79,0,0,0,0,0,0
UTILS.BSE_IDX,01/07/2025,10:45:30,5415.68,0,0,0,0,0,0
UTILS.BSE_IDX,01/07/2025,10:45:38,5415.45,0,0,0,0,0,0
UTILS.BSE_IDX,01/07/2025,10:45:46,5415.34,0,0,0,0,0,0
UTILS.BSE_IDX,01/07/2025,10:45:54,5415.53,0,0,0,0,0,0
UTILS.BSE_IDX,01/07/2025,10:46:02,5415.56,0,0,0,0,0,0
UTILS.BSE_IDX,01/07/2025,10:46:10,5415.68,0,0,0,0,0,0
UTILS.BSE_IDX,01/07/2025,10:46:18,5415.13,0,0,0,0,0,0
UTILS.BSE_IDX,01/07/2025,10:46:26,5415.59,0,0,0,0,0,0
UTILS.BSE_IDX,01/07/2025,10:46:34,5416.77,0,0,0,0,0,0
UTILS.BSE_IDX,01/07/2025,10:46:42,5415.98,0,0,0,0,0,0
UTILS.BSE_IDX,01/07/2025,10:46:50,5414.99,0,0,0,0,0,0
UTILS.BSE_IDX,01/07/2025,10:46:58,5416.55,0,0,0,0,0,0
UTILS.BSE_IDX,01/07/2025,10:47:06,5415.39,0,0,0,0,0,0
UTILS.BSE_IDX,01/07/2025,10:47:14,5414.9,0,0,0,0,0,0
UTILS.BSE_IDX,01/07/2025,10:47:22,5413.93,0,0,0,0,0,0
UTILS.BSE_IDX,01/07/2025,10:47:30,5413.85,0,0,0,0,0,0
UTILS.BSE_IDX,01/07/2025,10:47:38,5414.29,0,0,0,0,0,0
UTILS.BSE_IDX,01/07/2025,10:47:46,5414.85,0,0,0,0,0,0
UTILS.BSE_IDX,01/07/2025,10:47:54,5414.73,0,0,0,0,0,0
UTILS.BSE_IDX,01/07/2025,10:48:02,5415.08,0,0,0,0,0,0
UTILS.BSE_IDX,01/07/2025,10:48:10,5415.86,0,0,0,0,0,0
UTILS.BSE_IDX,01/07/2025,10:48:18,5415.84,0,0,0,0,0,0
UTILS.BSE_IDX,01/07/2025,10:48:26,5415.16,0,0,0,0,0,0
UTILS.BSE_IDX,01/07/2025,10:48:34,5414.84,0,0,0,0,0,0
UTILS.BSE_IDX,01/07/2025,10:48:42,5415.32,0,0,0,0,0,0
UTILS.BSE_IDX,01/07/2025,10:48:50,5414.67,0,0,0,0,0,0
UTILS.BSE_IDX,01/07/2025,10:48:58,5414.89,0,0,0,0,0,0
UTILS.BSE_IDX,01/07/2025,10:49:06,5414.41,0,0,0,0,0,0
UTILS.BSE_IDX,01/07/2025,10:49:14,5412.44,0,0,0,0,0,0
UTILS.BSE_IDX,01/07/2025,10:49:22,5413.13,0,0,0,0,0,0
UTILS.BSE_IDX,01/07/2025,10:49:30,5412.35,0,0,0,0,0,0
UTILS.BSE_IDX,01/07/2025,10:49:38,5411.72,0,0,0,0,0,0
UTILS.BSE_IDX,01/07/2025,10:49:46,5411.93,0,0,0,0,0,0
UTILS.BSE_IDX,01/07/2025,10:49:54,5411.83,0,0,0,0,0,0
UTILS.BSE_IDX,01/07/2025,10:50:02,5412.52,0,0,0,0,0,0
UTILS.BSE_IDX,01/07/2025,10:50:10,5412.38,0,0,0,0,0,0
UTILS.BSE_IDX,01/07/2025,10:50:18,5412.32,0,0,0,0,0,0
UTILS.BSE_IDX,01/07/2025,10:50:26,5411.12,0,0,0,0,0,0
UTILS.BSE_IDX,01/07/2025,10:50:34,5411.63,0,0,0,0,0,0
UTILS.BSE_IDX,01/07/2025,10:50:42,5411.74,0,0,0,0,0,0
UTILS.BSE_IDX,01/07/2025,10:50:50,5411.57,0,0,0,0,0,0
UTILS.BSE_IDX,01/07/2025,10:50:58,5411.15,0,0,0,0,0,0
UTILS.BSE_IDX,01/07/2025,10:51:06,5410.21,0,0,0,0,0,0
UTILS.BSE_IDX,01/07/2025,10:51:14,5410.19,0,0,0,0,0,0
UTILS.BSE_IDX,01/07/2025,10:51:22,5410.01,0,0,0,0,0,0
UTILS.BSE_IDX,01/07/2025,10:51:30,5410.67,0,0,0,0,0,0
UTILS.BSE_IDX,01/07/2025,10:51:38,5410.03,0,0,0,0,0,0
UTILS.BSE_IDX,01/07/2025,10:51:46,5409.28,0,0,0,0,0,0
UTILS.BSE_IDX,01/07/2025,10:51:54,5408.38,0,0,0,0,0,0
UTILS.BSE_IDX,01/07/2025,10:52:02,5407.77,0,0,0,0,0,0
UTILS.BSE_IDX,01/07/2025,10:52:10,5408.44,0,0,0,0,0,0
UTILS.BSE_IDX,01/07/2025,10:52:18,5408.49,0,0,0,0,0,0
UTILS.BSE_IDX,01/07/2025,10:52:26,5406.91,0,0,0,0,0,0
UTILS.BSE_IDX,01/07/2025,10:52:34,5407.19,0,0,0,0,0,0
UTILS.BSE_IDX,01/07/2025,10:52:43,5406.61,0,0,0,0,0,0
UTILS.BSE_IDX,01/07/2025,10:52:50,5406.27,0,0,0,0,0,0
UTILS.BSE_IDX,01/07/2025,10:52:58,5406.89,0,0,0,0,0,0
UTILS.BSE_IDX,01/07/2025,10:53:06,5405.87,0,0,0,0,0,0
UTILS.BSE_IDX,01/07/2025,10:53:14,5405.95,0,0,0,0,0,0
UTILS.BSE_IDX,01/07/2025,10:53:22,5406.56,0,0,0,0,0,0
UTILS.BSE_IDX,01/07/2025,10:53:30,5406.73,0,0,0,0,0,0
UTILS.BSE_IDX,01/07/2025,10:53:38,5405.94,0,0,0,0,0,0
UTILS.BSE_IDX,01/07/2025,10:53:46,5406.32,0,0,0,0,0,0
UTILS.BSE_IDX,01/07/2025,10:53:54,5406.57,0,0,0,0,0,0
UTILS.BSE_IDX,01/07/2025,10:54:02,5405.34,0,0,0,0,0,0
UTILS.BSE_IDX,01/07/2025,10:54:10,5406.31,0,0,0,0,0,0
UTILS.BSE_IDX,01/07/2025,10:54:18,5405.75,0,0,0,0,0,0
UTILS.BSE_IDX,01/07/2025,10:54:26,5406.68,0,0,0,0,0,0
UTILS.BSE_IDX,01/07/2025,10:54:34,5407.41,0,0,0,0,0,0
UTILS.BSE_IDX,01/07/2025,10:54:42,5407.78,0,0,0,0,0,0
UTILS.BSE_IDX,01/07/2025,10:54:51,5407.6,0,0,0,0,0,0
UTILS.BSE_IDX,01/07/2025,10:54:58,5407.44,0,0,0,0,0,0
UTILS.BSE_IDX,01/07/2025,10:55:06,5408.8,0,0,0,0,0,0
UTILS.BSE_IDX,01/07/2025,10:55:14,5409.24,0,0,0,0,0,0
UTILS.BSE_IDX,01/07/2025,10:55:22,5411.51,0,0,0,0,0,0
UTILS.BSE_IDX,01/07/2025,10:55:30,5411.33,0,0,0,0,0,0
UTILS.BSE_IDX,01/07/2025,10:55:38,5411.67,0,0,0,0,0,0
UTILS.BSE_IDX,01/07/2025,10:55:46,5412.3,0,0,0,0,0,0
UTILS.BSE_IDX,01/07/2025,10:55:54,5412.23,0,0,0,0,0,0
UTILS.BSE_IDX,01/07/2025,10:56:02,5412.33,0,0,0,0,0,0
UTILS.BSE_IDX,01/07/2025,10:56:10,5412.78,0,0,0,0,0,0
UTILS.BSE_IDX,01/07/2025,10:56:18,5412.44,0,0,0,0,0,0
UTILS.BSE_IDX,01/07/2025,10:56:26,5412.24,0,0,0,0,0,0
UTILS.BSE_IDX,01/07/2025,10:56:34,5412.28,0,0,0,0,0,0
UTILS.BSE_IDX,01/07/2025,10:56:42,5411.76,0,0,0,0,0,0
UTILS.BSE_IDX,01/07/2025,10:56:50,5410.67,0,0,0,0,0,0
UTILS.BSE_IDX,01/07/2025,10:56:58,5410.78,0,0,0,0,0,0
UTILS.BSE_IDX,01/07/2025,10:57:06,5410.8,0,0,0,0,0,0
UTILS.BSE_IDX,01/07/2025,10:57:14,5410,0,0,0,0,0,0
UTILS.BSE_IDX,01/07/2025,10:57:22,5410.62,0,0,0,0,0,0
UTILS.BSE_IDX,01/07/2025,10:57:30,5410.99,0,0,0,0,0,0
UTILS.BSE_IDX,01/07/2025,10:57:39,5410.59,0,0,0,0,0,0
UTILS.BSE_IDX,01/07/2025,10:57:46,5411.17,0,0,0,0,0,0
UTILS.BSE_IDX,01/07/2025,10:57:54,5411.16,0,0,0,0,0,0
UTILS.BSE_IDX,01/07/2025,10:58:02,5411.12,0,0,0,0,0,0
UTILS.BSE_IDX,01/07/2025,10:58:10,5410.06,0,0,0,0,0,0
UTILS.BSE_IDX,01/07/2025,10:58:18,5410.55,0,0,0,0,0,0
UTILS.BSE_IDX,01/07/2025,10:58:26,5410.85,0,0,0,0,0,0
UTILS.BSE_IDX,01/07/2025,10:58:34,5411.98,0,0,0,0,0,0
UTILS.BSE_IDX,01/07/2025,10:58:42,5411.27,0,0,0,0,0,0
UTILS.BSE_IDX,01/07/2025,10:58:50,5411.76,0,0,0,0,0,0
UTILS.BSE_IDX,01/07/2025,10:58:58,5410.19,0,0,0,0,0,0
UTILS.BSE_IDX,01/07/2025,10:59:06,5410.81,0,0,0,0,0,0
UTILS.BSE_IDX,01/07/2025,10:59:14,5410.31,0,0,0,0,0,0
UTILS.BSE_IDX,01/07/2025,10:59:22,5410.47,0,0,0,0,0,0
UTILS.BSE_IDX,01/07/2025,10:59:30,5409.71,0,0,0,0,0,0
UTILS.BSE_IDX,01/07/2025,10:59:38,5408.75,0,0,0,0,0,0
UTILS.BSE_IDX,01/07/2025,10:59:47,5408.72,0,0,0,0,0,0
UTILS.BSE_IDX,01/07/2025,10:59:55,5409.37,0,0,0,0,0,0
UTILS.BSE_IDX,01/07/2025,11:00:03,5408.51,0,0,0,0,0,0
UTILS.BSE_IDX,01/07/2025,11:00:11,5409.72,0,0,0,0,0,0
UTILS.BSE_IDX,01/07/2025,11:00:18,5409.74,0,0,0,0,0,0
UTILS.BSE_IDX,01/07/2025,11:00:26,5409.95,0,0,0,0,0,0
UTILS.BSE_IDX,01/07/2025,11:00:34,5408.63,0,0,0,0,0,0
UTILS.BSE_IDX,01/07/2025,11:00:42,5407.93,0,0,0,0,0,0
UTILS.BSE_IDX,01/07/2025,11:00:50,5408.29,0,0,0,0,0,0
UTILS.BSE_IDX,01/07/2025,11:00:58,5409.71,0,0,0,0,0,0
UTILS.BSE_IDX,01/07/2025,11:01:06,5409.87,0,0,0,0,0,0
UTILS.BSE_IDX,01/07/2025,11:01:15,5410.84,0,0,0,0,0,0
UTILS.BSE_IDX,01/07/2025,11:01:22,5410.81,0,0,0,0,0,0
UTILS.BSE_IDX,01/07/2025,11:01:30,5409.86,0,0,0,0,0,0
UTILS.BSE_IDX,01/07/2025,11:01:38,5409.26,0,0,0,0,0,0
UTILS.BSE_IDX,01/07/2025,11:01:46,5410.32,0,0,0,0,0,0
UTILS.BSE_IDX,01/07/2025,11:01:54,5410.44,0,0,0,0,0,0
UTILS.BSE_IDX,01/07/2025,11:02:02,5410.76,0,0,0,0,0,0
UTILS.BSE_IDX,01/07/2025,11:02:10,5410.48,0,0,0,0,0,0
UTILS.BSE_IDX,01/07/2025,11:02:18,5410.08,0,0,0,0,0,0
UTILS.BSE_IDX,01/07/2025,11:02:27,5409.17,0,0,0,0,0,0
UTILS.BSE_IDX,01/07/2025,11:02:34,5409.22,0,0,0,0,0,0
UTILS.BSE_IDX,01/07/2025,11:02:42,5408,0,0,0,0,0,0
UTILS.BSE_IDX,01/07/2025,11:02:51,5407.31,0,0,0,0,0,0
UTILS.BSE_IDX,01/07/2025,11:02:58,5407.7,0,0,0,0,0,0
UTILS.BSE_IDX,01/07/2025,11:03:06,5406.56,0,0,0,0,0,0
UTILS.BSE_IDX,01/07/2025,11:03:14,5407.07,0,0,0,0,0,0
UTILS.BSE_IDX,01/07/2025,11:03:22,5406.71,0,0,0,0,0,0
UTILS.BSE_IDX,01/07/2025,11:03:31,5407.33,0,0,0,0,0,0
UTILS.BSE_IDX,01/07/2025,11:03:38,5406.66,0,0,0,0,0,0
UTILS.BSE_IDX,01/07/2025,11:03:46,5407.12,0,0,0,0,0,0
UTILS.BSE_IDX,01/07/2025,11:03:54,5407.28,0,0,0,0,0,0
UTILS.BSE_IDX,01/07/2025,11:04:02,5407.98,0,0,0,0,0,0
UTILS.BSE_IDX,01/07/2025,11:04:10,5406.41,0,0,0,0,0,0
UTILS.BSE_IDX,01/07/2025,11:04:18,5406.34,0,0,0,0,0,0
UTILS.BSE_IDX,01/07/2025,11:04:27,5407.02,0,0,0,0,0,0
UTILS.BSE_IDX,01/07/2025,11:04:34,5407.71,0,0,0,0,0,0
UTILS.BSE_IDX,01/07/2025,11:04:42,5407.5,0,0,0,0,0,0
UTILS.BSE_IDX,01/07/2025,11:04:51,5406.83,0,0,0,0,0,0
UTILS.BSE_IDX,01/07/2025,11:04:58,5407.48,0,0,0,0,0,0
UTILS.BSE_IDX,01/07/2025,11:05:06,5407.22,0,0,0,0,0,0
UTILS.BSE_IDX,01/07/2025,11:05:14,5407.65,0,0,0,0,0,0
UTILS.BSE_IDX,01/07/2025,11:05:22,5408.57,0,0,0,0,0,0
UTILS.BSE_IDX,01/07/2025,11:05:30,5407.59,0,0,0,0,0,0
UTILS.BSE_IDX,01/07/2025,11:05:38,5406.71,0,0,0,0,0,0
UTILS.BSE_IDX,01/07/2025,11:05:46,5408.1,0,0,0,0,0,0
UTILS.BSE_IDX,01/07/2025,11:05:54,5408.08,0,0,0,0,0,0
UTILS.BSE_IDX,01/07/2025,11:06:02,5407.96,0,0,0,0,0,0
UTILS.BSE_IDX,01/07/2025,11:06:11,5408.84,0,0,0,0,0,0
UTILS.BSE_IDX,01/07/2025,11:06:19,5408.76,0,0,0,0,0,0
UTILS.BSE_IDX,01/07/2025,11:06:26,5409.66,0,0,0,0,0,0
UTILS.BSE_IDX,01/07/2025,11:06:34,5408.93,0,0,0,0,0,0
UTILS.BSE_IDX,01/07/2025,11:06:42,5409.42,0,0,0,0,0,0
UTILS.BSE_IDX,01/07/2025,11:06:50,5408.22,0,0,0,0,0,0
UTILS.BSE_IDX,01/07/2025,11:06:58,5410.1,0,0,0,0,0,0
UTILS.BSE_IDX,01/07/2025,11:07:06,5412.03,0,0,0,0,0,0
UTILS.BSE_IDX,01/07/2025,11:07:15,5411.75,0,0,0,0,0,0
UTILS.BSE_IDX,01/07/2025,11:07:22,5412.89,0,0,0,0,0,0
UTILS.BSE_IDX,01/07/2025,11:07:30,5412.95,0,0,0,0,0,0
UTILS.BSE_IDX,01/07/2025,11:07:38,5412.81,0,0,0,0,0,0
UTILS.BSE_IDX,01/07/2025,11:07:46,5412.59,0,0,0,0,0,0
UTILS.BSE_IDX,01/07/2025,11:07:54,5413.52,0,0,0,0,0,0
UTILS.BSE_IDX,01/07/2025,11:08:02,5412.87,0,0,0,0,0,0
UTILS.BSE_IDX,01/07/2025,11:08:11,5413.58,0,0,0,0,0,0
UTILS.BSE_IDX,01/07/2025,11:08:18,5413.89,0,0,0,0,0,0
UTILS.BSE_IDX,01/07/2025,11:08:27,5414.49,0,0,0,0,0,0
UTILS.BSE_IDX,01/07/2025,11:08:35,5414.28,0,0,0,0,0,0
UTILS.BSE_IDX,01/07/2025,11:08:43,5414.08,0,0,0,0,0,0
UTILS.BSE_IDX,01/07/2025,11:08:51,5414.2,0,0,0,0,0,0
UTILS.BSE_IDX,01/07/2025,11:08:58,5413.72,0,0,0,0,0,0
UTILS.BSE_IDX,01/07/2025,11:09:07,5413.21,0,0,0,0,0,0
UTILS.BSE_IDX,01/07/2025,11:09:15,5412.89,0,0,0,0,0,0
UTILS.BSE_IDX,01/07/2025,11:09:23,5413.74,0,0,0,0,0,0
UTILS.BSE_IDX,01/07/2025,11:09:31,5413.93,0,0,0,0,0,0
UTILS.BSE_IDX,01/07/2025,11:09:39,5413.23,0,0,0,0,0,0
UTILS.BSE_IDX,01/07/2025,11:09:46,5413.04,0,0,0,0,0,0
UTILS.BSE_IDX,01/07/2025,11:09:55,5412.95,0,0,0,0,0,0
UTILS.BSE_IDX,01/07/2025,11:10:03,5413.15,0,0,0,0,0,0
UTILS.BSE_IDX,01/07/2025,11:10:11,5412.95,0,0,0,0,0,0
UTILS.BSE_IDX,01/07/2025,11:10:19,5412.98,0,0,0,0,0,0
UTILS.BSE_IDX,01/07/2025,11:10:27,5412.74,0,0,0,0,0,0
UTILS.BSE_IDX,01/07/2025,11:10:35,5414,0,0,0,0,0,0
UTILS.BSE_IDX,01/07/2025,11:10:43,5414.5,0,0,0,0,0,0
UTILS.BSE_IDX,01/07/2025,11:10:51,5415.58,0,0,0,0,0,0
UTILS.BSE_IDX,01/07/2025,11:10:59,5415.85,0,0,0,0,0,0
UTILS.BSE_IDX,01/07/2025,11:11:07,5415.35,0,0,0,0,0,0
UTILS.BSE_IDX,01/07/2025,11:11:15,5414.76,0,0,0,0,0,0
UTILS.BSE_IDX,01/07/2025,11:11:23,5414.71,0,0,0,0,0,0
UTILS.BSE_IDX,01/07/2025,11:11:31,5414.14,0,0,0,0,0,0
UTILS.BSE_IDX,01/07/2025,11:11:39,5413.87,0,0,0,0,0,0
UTILS.BSE_IDX,01/07/2025,11:11:47,5413.58,0,0,0,0,0,0
UTILS.BSE_IDX,01/07/2025,11:11:55,5413.45,0,0,0,0,0,0
UTILS.BSE_IDX,01/07/2025,11:12:03,5413.04,0,0,0,0,0,0
UTILS.BSE_IDX,01/07/2025,11:12:11,5414.21,0,0,0,0,0,0
UTILS.BSE_IDX,01/07/2025,11:12:19,5414.39,0,0,0,0,0,0
UTILS.BSE_IDX,01/07/2025,11:12:27,5413.93,0,0,0,0,0,0
UTILS.BSE_IDX,01/07/2025,11:12:35,5414.04,0,0,0,0,0,0
UTILS.BSE_IDX,01/07/2025,11:12:43,5413.4,0,0,0,0,0,0
UTILS.BSE_IDX,01/07/2025,11:12:51,5413.31,0,0,0,0,0,0
UTILS.BSE_IDX,01/07/2025,11:12:59,5413.4,0,0,0,0,0,0
UTILS.BSE_IDX,01/07/2025,11:13:07,5413.81,0,0,0,0,0,0
UTILS.BSE_IDX,01/07/2025,11:13:16,5412.73,0,0,0,0,0,0
UTILS.BSE_IDX,01/07/2025,11:13:23,5412.68,0,0,0,0,0,0
UTILS.BSE_IDX,01/07/2025,11:13:31,5413.7,0,0,0,0,0,0
UTILS.BSE_IDX,01/07/2025,11:13:39,5413.74,0,0,0,0,0,0
UTILS.BSE_IDX,01/07/2025,11:13:47,5413.39,0,0,0,0,0,0
UTILS.BSE_IDX,01/07/2025,11:13:55,5414.73,0,0,0,0,0,0
UTILS.BSE_IDX,01/07/2025,11:14:03,5416.04,0,0,0,0,0,0
UTILS.BSE_IDX,01/07/2025,11:14:11,5416.84,0,0,0,0,0,0
UTILS.BSE_IDX,01/07/2025,11:14:19,5416.28,0,0,0,0,0,0
UTILS.BSE_IDX,01/07/2025,11:14:27,5417.28,0,0,0,0,0,0
UTILS.BSE_IDX,01/07/2025,11:14:35,5417.92,0,0,0,0,0,0
UTILS.BSE_IDX,01/07/2025,11:14:43,5416.96,0,0,0,0,0,0
UTILS.BSE_IDX,01/07/2025,11:14:51,5416.96,0,0,0,0,0,0
UTILS.BSE_IDX,01/07/2025,11:14:59,5416.66,0,0,0,0,0,0
UTILS.BSE_IDX,01/07/2025,11:15:07,5417.2,0,0,0,0,0,0
UTILS.BSE_IDX,01/07/2025,11:15:15,5417.98,0,0,0,0,0,0
UTILS.BSE_IDX,01/07/2025,11:15:23,5417.14,0,0,0,0,0,0
UTILS.BSE_IDX,01/07/2025,11:15:31,5416.63,0,0,0,0,0,0
UTILS.BSE_IDX,01/07/2025,11:15:39,5417.36,0,0,0,0,0,0
UTILS.BSE_IDX,01/07/2025,11:15:47,5418.43,0,0,0,0,0,0
UTILS.BSE_IDX,01/07/2025,11:15:56,5419.13,0,0,0,0,0,0
UTILS.BSE_IDX,01/07/2025,11:16:03,5419.26,0,0,0,0,0,0
UTILS.BSE_IDX,01/07/2025,11:16:11,5419.51,0,0,0,0,0,0
UTILS.BSE_IDX,01/07/2025,11:16:19,5419.33,0,0,0,0,0,0
UTILS.BSE_IDX,01/07/2025,11:16:27,5419.24,0,0,0,0,0,0
UTILS.BSE_IDX,01/07/2025,11:16:35,5419.39,0,0,0,0,0,0
UTILS.BSE_IDX,01/07/2025,11:16:43,5418.7,0,0,0,0,0,0
UTILS.BSE_IDX,01/07/2025,11:16:51,5418.15,0,0,0,0,0,0
UTILS.BSE_IDX,01/07/2025,11:16:59,5418.29,0,0,0,0,0,0
UTILS.BSE_IDX,01/07/2025,11:17:07,5419.36,0,0,0,0,0,0
UTILS.BSE_IDX,01/07/2025,11:17:15,5419.32,0,0,0,0,0,0
UTILS.BSE_IDX,01/07/2025,11:17:23,5419.37,0,0,0,0,0,0
UTILS.BSE_IDX,01/07/2025,11:17:31,5419.73,0,0,0,0,0,0
UTILS.BSE_IDX,01/07/2025,11:17:39,5420.14,0,0,0,0,0,0
UTILS.BSE_IDX,01/07/2025,11:17:47,5422.1,0,0,0,0,0,0
UTILS.BSE_IDX,01/07/2025,11:17:57,5422.3,0,0,0,0,0,0
UTILS.BSE_IDX,01/07/2025,11:18:03,5421.31,0,0,0,0,0,0
UTILS.BSE_IDX,01/07/2025,11:18:11,5420.02,0,0,0,0,0,0
UTILS.BSE_IDX,01/07/2025,11:18:19,5421.71,0,0,0,0,0,0
UTILS.BSE_IDX,01/07/2025,11:18:27,5421.79,0,0,0,0,0,0
UTILS.BSE_IDX,01/07/2025,11:18:35,5421.85,0,0,0,0,0,0
UTILS.BSE_IDX,01/07/2025,11:18:44,5421.46,0,0,0,0,0,0
UTILS.BSE_IDX,01/07/2025,11:18:51,5421.82,0,0,0,0,0,0
UTILS.BSE_IDX,01/07/2025,11:18:59,5420.85,0,0,0,0,0,0
UTILS.BSE_IDX,01/07/2025,11:19:08,5419.68,0,0,0,0,0,0
UTILS.BSE_IDX,01/07/2025,11:19:15,5420.3,0,0,0,0,0,0
UTILS.BSE_IDX,01/07/2025,11:19:23,5420.69,0,0,0,0,0,0
UTILS.BSE_IDX,01/07/2025,11:19:31,5419.03,0,0,0,0,0,0
UTILS.BSE_IDX,01/07/2025,11:19:39,5419.13,0,0,0,0,0,0
UTILS.BSE_IDX,01/07/2025,11:19:47,5418.78,0,0,0,0,0,0
UTILS.BSE_IDX,01/07/2025,11:19:55,5419.33,0,0,0,0,0,0
UTILS.BSE_IDX,01/07/2025,11:20:03,5420.37,0,0,0,0,0,0
UTILS.BSE_IDX,01/07/2025,11:20:11,5419.61,0,0,0,0,0,0
UTILS.BSE_IDX,01/07/2025,11:20:19,5419.24,0,0,0,0,0,0
UTILS.BSE_IDX,01/07/2025,11:20:27,5419.72,0,0,0,0,0,0
UTILS.BSE_IDX,01/07/2025,11:20:35,5419.38,0,0,0,0,0,0
UTILS.BSE_IDX,01/07/2025,11:20:43,5420.3,0,0,0,0,0,0
UTILS.BSE_IDX,01/07/2025,11:20:51,5420.5,0,0,0,0,0,0
UTILS.BSE_IDX,01/07/2025,11:20:59,5420.34,0,0,0,0,0,0
UTILS.BSE_IDX,01/07/2025,11:21:07,5421.7,0,0,0,0,0,0
UTILS.BSE_IDX,01/07/2025,11:21:15,5421.29,0,0,0,0,0,0
UTILS.BSE_IDX,01/07/2025,11:21:24,5421.6,0,0,0,0,0,0
UTILS.BSE_IDX,01/07/2025,11:21:31,5421.38,0,0,0,0,0,0
UTILS.BSE_IDX,01/07/2025,11:21:39,5418.81,0,0,0,0,0,0
UTILS.BSE_IDX,01/07/2025,11:21:47,5419.21,0,0,0,0,0,0
UTILS.BSE_IDX,01/07/2025,11:21:56,5419.06,0,0,0,0,0,0
UTILS.BSE_IDX,01/07/2025,11:22:03,5418.79,0,0,0,0,0,0
UTILS.BSE_IDX,01/07/2025,11:22:11,5418.12,0,0,0,0,0,0
UTILS.BSE_IDX,01/07/2025,11:22:19,5419.37,0,0,0,0,0,0
UTILS.BSE_IDX,01/07/2025,11:22:28,5420.33,0,0,0,0,0,0
UTILS.BSE_IDX,01/07/2025,11:22:35,5419.45,0,0,0,0,0,0
UTILS.BSE_IDX,01/07/2025,11:22:43,5420.37,0,0,0,0,0,0
UTILS.BSE_IDX,01/07/2025,11:22:51,5418.96,0,0,0,0,0,0
UTILS.BSE_IDX,01/07/2025,11:22:59,5419.71,0,0,0,0,0,0
UTILS.BSE_IDX,01/07/2025,11:23:07,5419.94,0,0,0,0,0,0
UTILS.BSE_IDX,01/07/2025,11:23:15,5419.25,0,0,0,0,0,0
UTILS.BSE_IDX,01/07/2025,11:23:23,5418.85,0,0,0,0,0,0
UTILS.BSE_IDX,01/07/2025,11:23:31,5417.19,0,0,0,0,0,0
UTILS.BSE_IDX,01/07/2025,11:23:39,5417.56,0,0,0,0,0,0
UTILS.BSE_IDX,01/07/2025,11:23:47,5418.56,0,0,0,0,0,0
UTILS.BSE_IDX,01/07/2025,11:23:55,5418.5,0,0,0,0,0,0
UTILS.BSE_IDX,01/07/2025,11:24:04,5418.06,0,0,0,0,0,0
UTILS.BSE_IDX,01/07/2025,11:24:11,5418.43,0,0,0,0,0,0
UTILS.BSE_IDX,01/07/2025,11:24:19,5418.71,0,0,0,0,0,0
UTILS.BSE_IDX,01/07/2025,11:24:27,5418.76,0,0,0,0,0,0
UTILS.BSE_IDX,01/07/2025,11:24:35,5418.67,0,0,0,0,0,0
UTILS.BSE_IDX,01/07/2025,11:24:43,5417.98,0,0,0,0,0,0
UTILS.BSE_IDX,01/07/2025,11:24:52,5418.86,0,0,0,0,0,0
UTILS.BSE_IDX,01/07/2025,11:25:00,5418.8,0,0,0,0,0,0
UTILS.BSE_IDX,01/07/2025,11:25:07,5417.58,0,0,0,0,0,0
UTILS.BSE_IDX,01/07/2025,11:25:15,5417.84,0,0,0,0,0,0
UTILS.BSE_IDX,01/07/2025,11:25:23,5417.73,0,0,0,0,0,0
UTILS.BSE_IDX,01/07/2025,11:25:31,5417.66,0,0,0,0,0,0
UTILS.BSE_IDX,01/07/2025,11:25:41,5416.41,0,0,0,0,0,0
UTILS.BSE_IDX,01/07/2025,11:25:47,5416.02,0,0,0,0,0,0
UTILS.BSE_IDX,01/07/2025,11:25:55,5416.43,0,0,0,0,0,0
UTILS.BSE_IDX,01/07/2025,11:26:03,5417.1,0,0,0,0,0,0
UTILS.BSE_IDX,01/07/2025,11:26:11,5418.33,0,0,0,0,0,0
UTILS.BSE_IDX,01/07/2025,11:26:19,5416.64,0,0,0,0,0,0
UTILS.BSE_IDX,01/07/2025,11:26:27,5416.91,0,0,0,0,0,0
UTILS.BSE_IDX,01/07/2025,11:26:35,5417.93,0,0,0,0,0,0
UTILS.BSE_IDX,01/07/2025,11:26:43,5417.94,0,0,0,0,0,0
UTILS.BSE_IDX,01/07/2025,11:26:51,5417.48,0,0,0,0,0,0
UTILS.BSE_IDX,01/07/2025,11:26:59,5418,0,0,0,0,0,0
UTILS.BSE_IDX,01/07/2025,11:27:07,5419.25,0,0,0,0,0,0
UTILS.BSE_IDX,01/07/2025,11:27:15,5417.97,0,0,0,0,0,0
UTILS.BSE_IDX,01/07/2025,11:27:23,5417.69,0,0,0,0,0,0
UTILS.BSE_IDX,01/07/2025,11:27:31,5417.93,0,0,0,0,0,0
UTILS.BSE_IDX,01/07/2025,11:27:39,5418.92,0,0,0,0,0,0
UTILS.BSE_IDX,01/07/2025,11:27:47,5418.83,0,0,0,0,0,0
UTILS.BSE_IDX,01/07/2025,11:27:55,5418.35,0,0,0,0,0,0
UTILS.BSE_IDX,01/07/2025,11:28:03,5418.75,0,0,0,0,0,0
UTILS.BSE_IDX,01/07/2025,11:28:11,5418.77,0,0,0,0,0,0
UTILS.BSE_IDX,01/07/2025,11:28:19,5418.05,0,0,0,0,0,0
UTILS.BSE_IDX,01/07/2025,11:28:27,5417.74,0,0,0,0,0,0
UTILS.BSE_IDX,01/07/2025,11:28:36,5418.57,0,0,0,0,0,0
UTILS.BSE_IDX,01/07/2025,11:28:43,5417.83,0,0,0,0,0,0
UTILS.BSE_IDX,01/07/2025,11:28:51,5417.65,0,0,0,0,0,0
UTILS.BSE_IDX,01/07/2025,11:28:59,5417.73,0,0,0,0,0,0
UTILS.BSE_IDX,01/07/2025,11:29:07,5418.25,0,0,0,0,0,0
UTILS.BSE_IDX,01/07/2025,11:29:16,5417.36,0,0,0,0,0,0
UTILS.BSE_IDX,01/07/2025,11:29:24,5416.79,0,0,0,0,0,0
UTILS.BSE_IDX,01/07/2025,11:29:31,5416.24,0,0,0,0,0,0
UTILS.BSE_IDX,01/07/2025,11:29:39,5416.15,0,0,0,0,0,0
UTILS.BSE_IDX,01/07/2025,11:29:47,5417.42,0,0,0,0,0,0
UTILS.BSE_IDX,01/07/2025,11:29:55,5416.86,0,0,0,0,0,0
UTILS.BSE_IDX,01/07/2025,11:30:03,5416.64,0,0,0,0,0,0
UTILS.BSE_IDX,01/07/2025,11:30:11,5416,0,0,0,0,0,0
UTILS.BSE_IDX,01/07/2025,11:30:19,5415.36,0,0,0,0,0,0
UTILS.BSE_IDX,01/07/2025,11:30:27,5416.18,0,0,0,0,0,0
UTILS.BSE_IDX,01/07/2025,11:30:35,5415.39,0,0,0,0,0,0
UTILS.BSE_IDX,01/07/2025,11:30:43,5416.44,0,0,0,0,0,0
UTILS.BSE_IDX,01/07/2025,11:30:51,5416.29,0,0,0,0,0,0
UTILS.BSE_IDX,01/07/2025,11:30:59,5414.19,0,0,0,0,0,0
UTILS.BSE_IDX,01/07/2025,11:31:07,5414.81,0,0,0,0,0,0
UTILS.BSE_IDX,01/07/2025,11:31:15,5413.54,0,0,0,0,0,0
UTILS.BSE_IDX,01/07/2025,11:31:23,5413.6,0,0,0,0,0,0
UTILS.BSE_IDX,01/07/2025,11:31:31,5414.18,0,0,0,0,0,0
UTILS.BSE_IDX,01/07/2025,11:31:39,5414.01,0,0,0,0,0,0
UTILS.BSE_IDX,01/07/2025,11:31:47,5413.4,0,0,0,0,0,0
UTILS.BSE_IDX,01/07/2025,11:31:55,5413.29,0,0,0,0,0,0
UTILS.BSE_IDX,01/07/2025,11:32:04,5413.97,0,0,0,0,0,0
UTILS.BSE_IDX,01/07/2025,11:32:11,5412.96,0,0,0,0,0,0
UTILS.BSE_IDX,01/07/2025,11:32:19,5412.23,0,0,0,0,0,0
UTILS.BSE_IDX,01/07/2025,11:32:27,5413.15,0,0,0,0,0,0
UTILS.BSE_IDX,01/07/2025,11:32:35,5413.09,0,0,0,0,0,0
UTILS.BSE_IDX,01/07/2025,11:32:43,5412.8,0,0,0,0,0,0
UTILS.BSE_IDX,01/07/2025,11:32:51,5411.66,0,0,0,0,0,0
UTILS.BSE_IDX,01/07/2025,11:32:59,5411.48,0,0,0,0,0,0
UTILS.BSE_IDX,01/07/2025,11:33:07,5411.04,0,0,0,0,0,0
UTILS.BSE_IDX,01/07/2025,11:33:15,5412.64,0,0,0,0,0,0
UTILS.BSE_IDX,01/07/2025,11:33:23,5412.03,0,0,0,0,0,0
UTILS.BSE_IDX,01/07/2025,11:33:31,5412.03,0,0,0,0,0,0
UTILS.BSE_IDX,01/07/2025,11:33:39,5412.56,0,0,0,0,0,0
UTILS.BSE_IDX,01/07/2025,11:33:47,5412.59,0,0,0,0,0,0
UTILS.BSE_IDX,01/07/2025,11:33:55,5412.51,0,0,0,0,0,0
UTILS.BSE_IDX,01/07/2025,11:34:03,5411.92,0,0,0,0,0,0
UTILS.BSE_IDX,01/07/2025,11:34:12,5413.21,0,0,0,0,0,0
UTILS.BSE_IDX,01/07/2025,11:34:19,5413.41,0,0,0,0,0,0
UTILS.BSE_IDX,01/07/2025,11:34:27,5412.89,0,0,0,0,0,0
UTILS.BSE_IDX,01/07/2025,11:34:35,5413.27,0,0,0,0,0,0
UTILS.BSE_IDX,01/07/2025,11:34:43,5413.01,0,0,0,0,0,0
UTILS.BSE_IDX,01/07/2025,11:34:51,5412.87,0,0,0,0,0,0
UTILS.BSE_IDX,01/07/2025,11:34:59,5412.62,0,0,0,0,0,0
UTILS.BSE_IDX,01/07/2025,11:35:07,5412.95,0,0,0,0,0,0
UTILS.BSE_IDX,01/07/2025,11:35:16,5413.83,0,0,0,0,0,0
UTILS.BSE_IDX,01/07/2025,11:35:23,5413.68,0,0,0,0,0,0
UTILS.BSE_IDX,01/07/2025,11:35:32,5413.78,0,0,0,0,0,0
UTILS.BSE_IDX,01/07/2025,11:35:39,5413.88,0,0,0,0,0,0
UTILS.BSE_IDX,01/07/2025,11:35:47,5413.79,0,0,0,0,0,0
UTILS.BSE_IDX,01/07/2025,11:35:55,5413.75,0,0,0,0,0,0
UTILS.BSE_IDX,01/07/2025,11:36:04,5414.19,0,0,0,0,0,0
UTILS.BSE_IDX,01/07/2025,11:36:11,5414.67,0,0,0,0,0,0
UTILS.BSE_IDX,01/07/2025,11:36:19,5414.71,0,0,0,0,0,0
UTILS.BSE_IDX,01/07/2025,11:36:28,5414.58,0,0,0,0,0,0
UTILS.BSE_IDX,01/07/2025,11:36:35,5413.07,0,0,0,0,0,0
UTILS.BSE_IDX,01/07/2025,11:36:43,5413.44,0,0,0,0,0,0
UTILS.BSE_IDX,01/07/2025,11:36:54,5413.82,0,0,0,0,0,0
UTILS.BSE_IDX,01/07/2025,11:36:59,5414.1,0,0,0,0,0,0
UTILS.BSE_IDX,01/07/2025,11:37:07,5413.72,0,0,0,0,0,0
UTILS.BSE_IDX,01/07/2025,11:37:15,5414.44,0,0,0,0,0,0
UTILS.BSE_IDX,01/07/2025,11:37:23,5414.44,0,0,0,0,0,0
UTILS.BSE_IDX,01/07/2025,11:37:31,5414.61,0,0,0,0,0,0
UTILS.BSE_IDX,01/07/2025,11:37:41,5414.29,0,0,0,0,0,0
UTILS.BSE_IDX,01/07/2025,11:37:47,5413.85,0,0,0,0,0,0
UTILS.BSE_IDX,01/07/2025,11:37:55,5414.16,0,0,0,0,0,0
UTILS.BSE_IDX,01/07/2025,11:38:03,5413.38,0,0,0,0,0,0
UTILS.BSE_IDX,01/07/2025,11:38:11,5413.7,0,0,0,0,0,0
UTILS.BSE_IDX,01/07/2025,11:38:20,5413.17,0,0,0,0,0,0
UTILS.BSE_IDX,01/07/2025,11:38:27,5413.07,0,0,0,0,0,0
UTILS.BSE_IDX,01/07/2025,11:38:35,5414.13,0,0,0,0,0,0
UTILS.BSE_IDX,01/07/2025,11:38:43,5414,0,0,0,0,0,0
UTILS.BSE_IDX,01/07/2025,11:38:51,5414.12,0,0,0,0,0,0
UTILS.BSE_IDX,01/07/2025,11:38:59,5413.67,0,0,0,0,0,0
UTILS.BSE_IDX,01/07/2025,11:39:07,5413.78,0,0,0,0,0,0
UTILS.BSE_IDX,01/07/2025,11:39:16,5414.29,0,0,0,0,0,0
UTILS.BSE_IDX,01/07/2025,11:39:23,5414.52,0,0,0,0,0,0
UTILS.BSE_IDX,01/07/2025,11:39:31,5415.65,0,0,0,0,0,0
UTILS.BSE_IDX,01/07/2025,11:39:39,5415.17,0,0,0,0,0,0
UTILS.BSE_IDX,01/07/2025,11:39:47,5413.63,0,0,0,0,0,0
UTILS.BSE_IDX,01/07/2025,11:39:55,5413.62,0,0,0,0,0,0
UTILS.BSE_IDX,01/07/2025,11:40:03,5413.67,0,0,0,0,0,0
UTILS.BSE_IDX,01/07/2025,11:40:11,5411.77,0,0,0,0,0,0
UTILS.BSE_IDX,01/07/2025,11:40:19,5412.08,0,0,0,0,0,0
UTILS.BSE_IDX,01/07/2025,11:40:27,5412.46,0,0,0,0,0,0
UTILS.BSE_IDX,01/07/2025,11:40:35,5412.36,0,0,0,0,0,0
UTILS.BSE_IDX,01/07/2025,11:40:43,5411.5,0,0,0,0,0,0
UTILS.BSE_IDX,01/07/2025,11:40:51,5411.5,0,0,0,0,0,0
UTILS.BSE_IDX,01/07/2025,11:41:00,5412.48,0,0,0,0,0,0
UTILS.BSE_IDX,01/07/2025,11:41:07,5412.5,0,0,0,0,0,0
UTILS.BSE_IDX,01/07/2025,11:41:15,5411.34,0,0,0,0,0,0
UTILS.BSE_IDX,01/07/2025,11:41:24,5411.18,0,0,0,0,0,0
UTILS.BSE_IDX,01/07/2025,11:41:32,5410.76,0,0,0,0,0,0
UTILS.BSE_IDX,01/07/2025,11:41:39,5410.98,0,0,0,0,0,0
UTILS.BSE_IDX,01/07/2025,11:41:48,5411.98,0,0,0,0,0,0
UTILS.BSE_IDX,01/07/2025,11:41:56,5411.07,0,0,0,0,0,0
UTILS.BSE_IDX,01/07/2025,11:42:04,5411.51,0,0,0,0,0,0
UTILS.BSE_IDX,01/07/2025,11:42:12,5411.64,0,0,0,0,0,0
UTILS.BSE_IDX,01/07/2025,11:42:20,5412.38,0,0,0,0,0,0
UTILS.BSE_IDX,01/07/2025,11:42:28,5412.88,0,0,0,0,0,0
UTILS.BSE_IDX,01/07/2025,11:42:36,5413.08,0,0,0,0,0,0
UTILS.BSE_IDX,01/07/2025,11:42:44,5412.91,0,0,0,0,0,0
UTILS.BSE_IDX,01/07/2025,11:42:52,5412.95,0,0,0,0,0,0
UTILS.BSE_IDX,01/07/2025,11:43:00,5412.07,0,0,0,0,0,0
UTILS.BSE_IDX,01/07/2025,11:43:08,5412.13,0,0,0,0,0,0
UTILS.BSE_IDX,01/07/2025,11:43:16,5412.13,0,0,0,0,0,0
UTILS.BSE_IDX,01/07/2025,11:43:24,5411.74,0,0,0,0,0,0
UTILS.BSE_IDX,01/07/2025,11:43:32,5412.36,0,0,0,0,0,0
UTILS.BSE_IDX,01/07/2025,11:43:40,5411,0,0,0,0,0,0
UTILS.BSE_IDX,01/07/2025,11:43:48,5411.62,0,0,0,0,0,0
UTILS.BSE_IDX,01/07/2025,11:43:56,5411.69,0,0,0,0,0,0
UTILS.BSE_IDX,01/07/2025,11:44:04,5411.84,0,0,0,0,0,0
UTILS.BSE_IDX,01/07/2025,11:44:12,5411.1,0,0,0,0,0,0
UTILS.BSE_IDX,01/07/2025,11:44:20,5411.52,0,0,0,0,0,0
UTILS.BSE_IDX,01/07/2025,11:44:28,5410.94,0,0,0,0,0,0
UTILS.BSE_IDX,01/07/2025,11:44:36,5409.46,0,0,0,0,0,0
UTILS.BSE_IDX,01/07/2025,11:44:44,5409.23,0,0,0,0,0,0
UTILS.BSE_IDX,01/07/2025,11:44:52,5409.64,0,0,0,0,0,0
UTILS.BSE_IDX,01/07/2025,11:45:00,5409.89,0,0,0,0,0,0
UTILS.BSE_IDX,01/07/2025,11:45:08,5409.84,0,0,0,0,0,0
UTILS.BSE_IDX,01/07/2025,11:45:16,5409.76,0,0,0,0,0,0
UTILS.BSE_IDX,01/07/2025,11:45:24,5410.15,0,0,0,0,0,0
UTILS.BSE_IDX,01/07/2025,11:45:32,5409.12,0,0,0,0,0,0
UTILS.BSE_IDX,01/07/2025,11:45:40,5409.46,0,0,0,0,0,0
UTILS.BSE_IDX,01/07/2025,11:45:48,5409.58,0,0,0,0,0,0
UTILS.BSE_IDX,01/07/2025,11:45:56,5410.32,0,0,0,0,0,0
UTILS.BSE_IDX,01/07/2025,11:46:04,5411.02,0,0,0,0,0,0
UTILS.BSE_IDX,01/07/2025,11:46:12,5412.1,0,0,0,0,0,0
UTILS.BSE_IDX,01/07/2025,11:46:20,5412.56,0,0,0,0,0,0
UTILS.BSE_IDX,01/07/2025,11:46:28,5412.19,0,0,0,0,0,0
UTILS.BSE_IDX,01/07/2025,11:46:36,5411.47,0,0,0,0,0,0
UTILS.BSE_IDX,01/07/2025,11:46:44,5410.9,0,0,0,0,0,0
UTILS.BSE_IDX,01/07/2025,11:46:52,5411.01,0,0,0,0,0,0
UTILS.BSE_IDX,01/07/2025,11:47:00,5412.44,0,0,0,0,0,0
UTILS.BSE_IDX,01/07/2025,11:47:08,5411.97,0,0,0,0,0,0
UTILS.BSE_IDX,01/07/2025,11:47:16,5410.4,0,0,0,0,0,0
UTILS.BSE_IDX,01/07/2025,11:47:24,5411.15,0,0,0,0,0,0
UTILS.BSE_IDX,01/07/2025,11:47:32,5410.53,0,0,0,0,0,0
UTILS.BSE_IDX,01/07/2025,11:47:40,5411.2,0,0,0,0,0,0
UTILS.BSE_IDX,01/07/2025,11:47:48,5410.72,0,0,0,0,0,0
UTILS.BSE_IDX,01/07/2025,11:47:56,5410.77,0,0,0,0,0,0
UTILS.BSE_IDX,01/07/2025,11:48:04,5409.82,0,0,0,0,0,0
UTILS.BSE_IDX,01/07/2025,11:48:12,5410.21,0,0,0,0,0,0
UTILS.BSE_IDX,01/07/2025,11:48:20,5410.33,0,0,0,0,0,0
UTILS.BSE_IDX,01/07/2025,11:48:28,5410.5,0,0,0,0,0,0
UTILS.BSE_IDX,01/07/2025,11:48:36,5411.73,0,0,0,0,0,0
UTILS.BSE_IDX,01/07/2025,11:48:44,5410.69,0,0,0,0,0,0
UTILS.BSE_IDX,01/07/2025,11:48:52,5411.16,0,0,0,0,0,0
UTILS.BSE_IDX,01/07/2025,11:49:01,5412.22,0,0,0,0,0,0
UTILS.BSE_IDX,01/07/2025,11:49:09,5412.83,0,0,0,0,0,0
UTILS.BSE_IDX,01/07/2025,11:49:16,5412.12,0,0,0,0,0,0
UTILS.BSE_IDX,01/07/2025,11:49:24,5412.09,0,0,0,0,0,0
UTILS.BSE_IDX,01/07/2025,11:49:32,5411.32,0,0,0,0,0,0
UTILS.BSE_IDX,01/07/2025,11:49:40,5410.83,0,0,0,0,0,0
UTILS.BSE_IDX,01/07/2025,11:49:49,5410.83,0,0,0,0,0,0
UTILS.BSE_IDX,01/07/2025,11:49:56,5410.74,0,0,0,0,0,0
UTILS.BSE_IDX,01/07/2025,11:50:04,5411.48,0,0,0,0,0,0
UTILS.BSE_IDX,01/07/2025,11:50:12,5411.37,0,0,0,0,0,0
UTILS.BSE_IDX,01/07/2025,11:50:20,5411.48,0,0,0,0,0,0
UTILS.BSE_IDX,01/07/2025,11:50:28,5411.28,0,0,0,0,0,0
UTILS.BSE_IDX,01/07/2025,11:50:36,5411.13,0,0,0,0,0,0
UTILS.BSE_IDX,01/07/2025,11:50:44,5411.28,0,0,0,0,0,0
UTILS.BSE_IDX,01/07/2025,11:50:52,5410.46,0,0,0,0,0,0
UTILS.BSE_IDX,01/07/2025,11:51:00,5410.78,0,0,0,0,0,0
UTILS.BSE_IDX,01/07/2025,11:51:08,5410.39,0,0,0,0,0,0
UTILS.BSE_IDX,01/07/2025,11:51:16,5411.35,0,0,0,0,0,0
UTILS.BSE_IDX,01/07/2025,11:51:24,5411.35,0,0,0,0,0,0
UTILS.BSE_IDX,01/07/2025,11:51:32,5410.52,0,0,0,0,0,0
UTILS.BSE_IDX,01/07/2025,11:51:40,5410.85,0,0,0,0,0,0
UTILS.BSE_IDX,01/07/2025,11:51:48,5411.93,0,0,0,0,0,0
UTILS.BSE_IDX,01/07/2025,11:51:56,5411.89,0,0,0,0,0,0
UTILS.BSE_IDX,01/07/2025,11:52:04,5411.87,0,0,0,0,0,0
UTILS.BSE_IDX,01/07/2025,11:52:12,5411.15,0,0,0,0,0,0
UTILS.BSE_IDX,01/07/2025,11:52:20,5411.03,0,0,0,0,0,0
UTILS.BSE_IDX,01/07/2025,11:52:28,5411.48,0,0,0,0,0,0
UTILS.BSE_IDX,01/07/2025,11:52:36,5411.49,0,0,0,0,0,0
UTILS.BSE_IDX,01/07/2025,11:52:44,5410.05,0,0,0,0,0,0
UTILS.BSE_IDX,01/07/2025,11:52:52,5410.68,0,0,0,0,0,0
UTILS.BSE_IDX,01/07/2025,11:53:00,5410.35,0,0,0,0,0,0
UTILS.BSE_IDX,01/07/2025,11:53:08,5410.17,0,0,0,0,0,0
UTILS.BSE_IDX,01/07/2025,11:53:16,5409.55,0,0,0,0,0,0
UTILS.BSE_IDX,01/07/2025,11:53:24,5409.75,0,0,0,0,0,0
UTILS.BSE_IDX,01/07/2025,11:53:32,5409.15,0,0,0,0,0,0
UTILS.BSE_IDX,01/07/2025,11:53:40,5409.59,0,0,0,0,0,0
UTILS.BSE_IDX,01/07/2025,11:53:48,5410.09,0,0,0,0,0,0
UTILS.BSE_IDX,01/07/2025,11:53:56,5409.56,0,0,0,0,0,0
UTILS.BSE_IDX,01/07/2025,11:54:04,5408.45,0,0,0,0,0,0
UTILS.BSE_IDX,01/07/2025,11:54:12,5408.59,0,0,0,0,0,0
UTILS.BSE_IDX,01/07/2025,11:54:20,5408.59,0,0,0,0,0,0
UTILS.BSE_IDX,01/07/2025,11:54:28,5408.98,0,0,0,0,0,0
UTILS.BSE_IDX,01/07/2025,11:54:36,5408.77,0,0,0,0,0,0
UTILS.BSE_IDX,01/07/2025,11:54:44,5408.41,0,0,0,0,0,0
UTILS.BSE_IDX,01/07/2025,11:54:52,5408.93,0,0,0,0,0,0
UTILS.BSE_IDX,01/07/2025,11:55:00,5408.72,0,0,0,0,0,0
UTILS.BSE_IDX,01/07/2025,11:55:08,5408.94,0,0,0,0,0,0
UTILS.BSE_IDX,01/07/2025,11:55:17,5409.39,0,0,0,0,0,0
UTILS.BSE_IDX,01/07/2025,11:55:24,5409.05,0,0,0,0,0,0
UTILS.BSE_IDX,01/07/2025,11:55:32,5409.49,0,0,0,0,0,0
UTILS.BSE_IDX,01/07/2025,11:55:40,5410.11,0,0,0,0,0,0
UTILS.BSE_IDX,01/07/2025,11:55:48,5409.34,0,0,0,0,0,0
UTILS.BSE_IDX,01/07/2025,11:55:56,5409.35,0,0,0,0,0,0
UTILS.BSE_IDX,01/07/2025,11:56:05,5409.51,0,0,0,0,0,0
UTILS.BSE_IDX,01/07/2025,11:56:12,5408.93,0,0,0,0,0,0
UTILS.BSE_IDX,01/07/2025,11:56:20,5409.32,0,0,0,0,0,0
UTILS.BSE_IDX,01/07/2025,11:56:28,5408.29,0,0,0,0,0,0
UTILS.BSE_IDX,01/07/2025,11:56:36,5408.91,0,0,0,0,0,0
UTILS.BSE_IDX,01/07/2025,11:56:44,5408.5,0,0,0,0,0,0
UTILS.BSE_IDX,01/07/2025,11:56:52,5407.92,0,0,0,0,0,0
UTILS.BSE_IDX,01/07/2025,11:57:00,5408.4,0,0,0,0,0,0
UTILS.BSE_IDX,01/07/2025,11:57:08,5408.35,0,0,0,0,0,0
UTILS.BSE_IDX,01/07/2025,11:57:16,5408.43,0,0,0,0,0,0
UTILS.BSE_IDX,01/07/2025,11:57:24,5408.54,0,0,0,0,0,0
UTILS.BSE_IDX,01/07/2025,11:57:32,5408.74,0,0,0,0,0,0
UTILS.BSE_IDX,01/07/2025,11:57:40,5407.83,0,0,0,0,0,0
UTILS.BSE_IDX,01/07/2025,11:57:48,5408.33,0,0,0,0,0,0
UTILS.BSE_IDX,01/07/2025,11:57:56,5408.62,0,0,0,0,0,0
UTILS.BSE_IDX,01/07/2025,11:58:04,5407.65,0,0,0,0,0,0
UTILS.BSE_IDX,01/07/2025,11:58:12,5407.47,0,0,0,0,0,0
UTILS.BSE_IDX,01/07/2025,11:58:20,5407.63,0,0,0,0,0,0
UTILS.BSE_IDX,01/07/2025,11:58:28,5406.85,0,0,0,0,0,0
UTILS.BSE_IDX,01/07/2025,11:58:36,5407.31,0,0,0,0,0,0
UTILS.BSE_IDX,01/07/2025,11:58:44,5407.85,0,0,0,0,0,0
UTILS.BSE_IDX,01/07/2025,11:58:52,5407.09,0,0,0,0,0,0
UTILS.BSE_IDX,01/07/2025,11:59:00,5408.14,0,0,0,0,0,0
UTILS.BSE_IDX,01/07/2025,11:59:08,5408.19,0,0,0,0,0,0
UTILS.BSE_IDX,01/07/2025,11:59:16,5406.93,0,0,0,0,0,0
UTILS.BSE_IDX,01/07/2025,11:59:24,5407.09,0,0,0,0,0,0
UTILS.BSE_IDX,01/07/2025,11:59:32,5407.78,0,0,0,0,0,0
UTILS.BSE_IDX,01/07/2025,11:59:40,5407.66,0,0,0,0,0,0
UTILS.BSE_IDX,01/07/2025,11:59:48,5408.39,0,0,0,0,0,0
UTILS.BSE_IDX,01/07/2025,11:59:56,5408.35,0,0,0,0,0,0
UTILS.BSE_IDX,01/07/2025,12:00:05,5408.86,0,0,0,0,0,0
UTILS.BSE_IDX,01/07/2025,12:00:12,5408.82,0,0,0,0,0,0
UTILS.BSE_IDX,01/07/2025,12:00:20,5406.92,0,0,0,0,0,0
UTILS.BSE_IDX,01/07/2025,12:00:28,5405.61,0,0,0,0,0,0
UTILS.BSE_IDX,01/07/2025,12:00:37,5405.09,0,0,0,0,0,0
UTILS.BSE_IDX,01/07/2025,12:00:44,5404.03,0,0,0,0,0,0
UTILS.BSE_IDX,01/07/2025,12:00:52,5404.06,0,0,0,0,0,0
UTILS.BSE_IDX,01/07/2025,12:01:00,5403.33,0,0,0,0,0,0
UTILS.BSE_IDX,01/07/2025,12:01:08,5403.29,0,0,0,0,0,0
UTILS.BSE_IDX,01/07/2025,12:01:16,5403.86,0,0,0,0,0,0
UTILS.BSE_IDX,01/07/2025,12:01:24,5403.68,0,0,0,0,0,0
UTILS.BSE_IDX,01/07/2025,12:01:32,5403.74,0,0,0,0,0,0
UTILS.BSE_IDX,01/07/2025,12:01:40,5403.88,0,0,0,0,0,0
UTILS.BSE_IDX,01/07/2025,12:01:48,5403.86,0,0,0,0,0,0
UTILS.BSE_IDX,01/07/2025,12:01:57,5403.87,0,0,0,0,0,0
UTILS.BSE_IDX,01/07/2025,12:02:04,5403.52,0,0,0,0,0,0
UTILS.BSE_IDX,01/07/2025,12:02:12,5404.14,0,0,0,0,0,0
UTILS.BSE_IDX,01/07/2025,12:02:20,5403.76,0,0,0,0,0,0
UTILS.BSE_IDX,01/07/2025,12:02:28,5402.82,0,0,0,0,0,0
UTILS.BSE_IDX,01/07/2025,12:02:36,5403.24,0,0,0,0,0,0
UTILS.BSE_IDX,01/07/2025,12:02:44,5403.64,0,0,0,0,0,0
UTILS.BSE_IDX,01/07/2025,12:02:52,5403.92,0,0,0,0,0,0
UTILS.BSE_IDX,01/07/2025,12:03:00,5401.95,0,0,0,0,0,0
UTILS.BSE_IDX,01/07/2025,12:03:08,5401.16,0,0,0,0,0,0
UTILS.BSE_IDX,01/07/2025,12:03:17,5400.73,0,0,0,0,0,0
UTILS.BSE_IDX,01/07/2025,12:03:24,5400.44,0,0,0,0,0,0
UTILS.BSE_IDX,01/07/2025,12:03:32,5400.9,0,0,0,0,0,0
UTILS.BSE_IDX,01/07/2025,12:03:40,5400.83,0,0,0,0,0,0
UTILS.BSE_IDX,01/07/2025,12:03:48,5400.67,0,0,0,0,0,0
UTILS.BSE_IDX,01/07/2025,12:03:56,5400.8,0,0,0,0,0,0
UTILS.BSE_IDX,01/07/2025,12:04:04,5401.87,0,0,0,0,0,0
UTILS.BSE_IDX,01/07/2025,12:04:12,5401.48,0,0,0,0,0,0
UTILS.BSE_IDX,01/07/2025,12:04:20,5401.63,0,0,0,0,0,0
UTILS.BSE_IDX,01/07/2025,12:04:28,5403.1,0,0,0,0,0,0
UTILS.BSE_IDX,01/07/2025,12:04:36,5403.29,0,0,0,0,0,0
UTILS.BSE_IDX,01/07/2025,12:04:44,5403.01,0,0,0,0,0,0
UTILS.BSE_IDX,01/07/2025,12:04:52,5402.53,0,0,0,0,0,0
UTILS.BSE_IDX,01/07/2025,12:05:01,5403.72,0,0,0,0,0,0
UTILS.BSE_IDX,01/07/2025,12:05:08,5403.32,0,0,0,0,0,0
UTILS.BSE_IDX,01/07/2025,12:05:16,5403.22,0,0,0,0,0,0
UTILS.BSE_IDX,01/07/2025,12:05:24,5403.89,0,0,0,0,0,0
UTILS.BSE_IDX,01/07/2025,12:05:32,5403.11,0,0,0,0,0,0
UTILS.BSE_IDX,01/07/2025,12:05:40,5403.22,0,0,0,0,0,0
UTILS.BSE_IDX,01/07/2025,12:05:48,5403.74,0,0,0,0,0,0
UTILS.BSE_IDX,01/07/2025,12:05:56,5403.17,0,0,0,0,0,0
UTILS.BSE_IDX,01/07/2025,12:06:04,5403.79,0,0,0,0,0,0
UTILS.BSE_IDX,01/07/2025,12:06:12,5403.05,0,0,0,0,0,0
UTILS.BSE_IDX,01/07/2025,12:06:20,5402.63,0,0,0,0,0,0
UTILS.BSE_IDX,01/07/2025,12:06:28,5402.44,0,0,0,0,0,0
UTILS.BSE_IDX,01/07/2025,12:06:36,5402.53,0,0,0,0,0,0
UTILS.BSE_IDX,01/07/2025,12:06:44,5402.37,0,0,0,0,0,0
UTILS.BSE_IDX,01/07/2025,12:06:53,5402.71,0,0,0,0,0,0
UTILS.BSE_IDX,01/07/2025,12:07:00,5402.76,0,0,0,0,0,0
UTILS.BSE_IDX,01/07/2025,12:07:08,5402.89,0,0,0,0,0,0
UTILS.BSE_IDX,01/07/2025,12:07:16,5403.33,0,0,0,0,0,0
UTILS.BSE_IDX,01/07/2025,12:07:24,5403.17,0,0,0,0,0,0
UTILS.BSE_IDX,01/07/2025,12:07:32,5402.63,0,0,0,0,0,0
UTILS.BSE_IDX,01/07/2025,12:07:40,5402.65,0,0,0,0,0,0
UTILS.BSE_IDX,01/07/2025,12:07:48,5404.07,0,0,0,0,0,0
UTILS.BSE_IDX,01/07/2025,12:07:56,5403.33,0,0,0,0,0,0
UTILS.BSE_IDX,01/07/2025,12:08:04,5403.38,0,0,0,0,0,0
UTILS.BSE_IDX,01/07/2025,12:08:12,5403.99,0,0,0,0,0,0
UTILS.BSE_IDX,01/07/2025,12:08:20,5403.02,0,0,0,0,0,0
UTILS.BSE_IDX,01/07/2025,12:08:28,5403.34,0,0,0,0,0,0
UTILS.BSE_IDX,01/07/2025,12:08:36,5402.46,0,0,0,0,0,0
UTILS.BSE_IDX,01/07/2025,12:08:44,5402.95,0,0,0,0,0,0
UTILS.BSE_IDX,01/07/2025,12:08:52,5404.66,0,0,0,0,0,0
UTILS.BSE_IDX,01/07/2025,12:09:00,5405.31,0,0,0,0,0,0
UTILS.BSE_IDX,01/07/2025,12:09:08,5405.01,0,0,0,0,0,0
UTILS.BSE_IDX,01/07/2025,12:09:16,5405.2,0,0,0,0,0,0
UTILS.BSE_IDX,01/07/2025,12:09:25,5405.95,0,0,0,0,0,0
UTILS.BSE_IDX,01/07/2025,12:09:32,5405.63,0,0,0,0,0,0
UTILS.BSE_IDX,01/07/2025,12:09:40,5406.73,0,0,0,0,0,0
UTILS.BSE_IDX,01/07/2025,12:09:48,5406.64,0,0,0,0,0,0
UTILS.BSE_IDX,01/07/2025,12:09:57,5406.7,0,0,0,0,0,0
UTILS.BSE_IDX,01/07/2025,12:10:05,5406.76,0,0,0,0,0,0
UTILS.BSE_IDX,01/07/2025,12:10:13,5406.42,0,0,0,0,0,0
UTILS.BSE_IDX,01/07/2025,12:10:22,5405.11,0,0,0,0,0,0
UTILS.BSE_IDX,01/07/2025,12:10:28,5404.47,0,0,0,0,0,0
UTILS.BSE_IDX,01/07/2025,12:10:36,5405.88,0,0,0,0,0,0
UTILS.BSE_IDX,01/07/2025,12:10:45,5406.02,0,0,0,0,0,0
UTILS.BSE_IDX,01/07/2025,12:10:52,5405.43,0,0,0,0,0,0
UTILS.BSE_IDX,01/07/2025,12:11:00,5405.39,0,0,0,0,0,0
UTILS.BSE_IDX,01/07/2025,12:11:08,5405.47,0,0,0,0,0,0
UTILS.BSE_IDX,01/07/2025,12:11:17,5405.28,0,0,0,0,0,0
UTILS.BSE_IDX,01/07/2025,12:11:24,5405.14,0,0,0,0,0,0
UTILS.BSE_IDX,01/07/2025,12:11:32,5405.72,0,0,0,0,0,0
UTILS.BSE_IDX,01/07/2025,12:11:40,5404.75,0,0,0,0,0,0
UTILS.BSE_IDX,01/07/2025,12:11:49,5404.88,0,0,0,0,0,0
UTILS.BSE_IDX,01/07/2025,12:11:57,5405.11,0,0,0,0,0,0
UTILS.BSE_IDX,01/07/2025,12:12:05,5405.44,0,0,0,0,0,0
UTILS.BSE_IDX,01/07/2025,12:12:13,5406.35,0,0,0,0,0,0
UTILS.BSE_IDX,01/07/2025,12:12:21,5405.98,0,0,0,0,0,0
UTILS.BSE_IDX,01/07/2025,12:12:29,5406.15,0,0,0,0,0,0
UTILS.BSE_IDX,01/07/2025,12:12:37,5405.98,0,0,0,0,0,0
UTILS.BSE_IDX,01/07/2025,12:12:45,5405.76,0,0,0,0,0,0
UTILS.BSE_IDX,01/07/2025,12:12:53,5406.43,0,0,0,0,0,0
UTILS.BSE_IDX,01/07/2025,12:13:01,5405.58,0,0,0,0,0,0
UTILS.BSE_IDX,01/07/2025,12:13:09,5406.21,0,0,0,0,0,0
UTILS.BSE_IDX,01/07/2025,12:13:17,5406.29,0,0,0,0,0,0
UTILS.BSE_IDX,01/07/2025,12:13:25,5405.9,0,0,0,0,0,0
UTILS.BSE_IDX,01/07/2025,12:13:33,5405.9,0,0,0,0,0,0
UTILS.BSE_IDX,01/07/2025,12:13:41,5405.74,0,0,0,0,0,0
UTILS.BSE_IDX,01/07/2025,12:13:49,5405.87,0,0,0,0,0,0
UTILS.BSE_IDX,01/07/2025,12:13:57,5405.79,0,0,0,0,0,0
UTILS.BSE_IDX,01/07/2025,12:14:05,5406.06,0,0,0,0,0,0
UTILS.BSE_IDX,01/07/2025,12:14:13,5405.59,0,0,0,0,0,0
UTILS.BSE_IDX,01/07/2025,12:14:21,5406,0,0,0,0,0,0
UTILS.BSE_IDX,01/07/2025,12:14:29,5405.31,0,0,0,0,0,0
UTILS.BSE_IDX,01/07/2025,12:14:37,5405.3,0,0,0,0,0,0
UTILS.BSE_IDX,01/07/2025,12:14:46,5405.64,0,0,0,0,0,0
UTILS.BSE_IDX,01/07/2025,12:14:54,5405.33,0,0,0,0,0,0
UTILS.BSE_IDX,01/07/2025,12:15:01,5405.34,0,0,0,0,0,0
UTILS.BSE_IDX,01/07/2025,12:15:09,5405.88,0,0,0,0,0,0
UTILS.BSE_IDX,01/07/2025,12:15:17,5406.23,0,0,0,0,0,0
UTILS.BSE_IDX,01/07/2025,12:15:25,5406.57,0,0,0,0,0,0
UTILS.BSE_IDX,01/07/2025,12:15:33,5406.13,0,0,0,0,0,0
UTILS.BSE_IDX,01/07/2025,12:15:41,5405.48,0,0,0,0,0,0
UTILS.BSE_IDX,01/07/2025,12:15:49,5405.81,0,0,0,0,0,0
UTILS.BSE_IDX,01/07/2025,12:15:57,5405.89,0,0,0,0,0,0
UTILS.BSE_IDX,01/07/2025,12:16:05,5405.53,0,0,0,0,0,0
UTILS.BSE_IDX,01/07/2025,12:16:13,5405.82,0,0,0,0,0,0
UTILS.BSE_IDX,01/07/2025,12:16:21,5406.88,0,0,0,0,0,0
UTILS.BSE_IDX,01/07/2025,12:16:29,5406.62,0,0,0,0,0,0
UTILS.BSE_IDX,01/07/2025,12:16:37,5406.68,0,0,0,0,0,0
UTILS.BSE_IDX,01/07/2025,12:16:45,5407.24,0,0,0,0,0,0
UTILS.BSE_IDX,01/07/2025,12:16:53,5407.26,0,0,0,0,0,0
UTILS.BSE_IDX,01/07/2025,12:17:01,5407.35,0,0,0,0,0,0
UTILS.BSE_IDX,01/07/2025,12:17:09,5407.39,0,0,0,0,0,0
UTILS.BSE_IDX,01/07/2025,12:17:17,5407.43,0,0,0,0,0,0
UTILS.BSE_IDX,01/07/2025,12:17:25,5405.56,0,0,0,0,0,0
UTILS.BSE_IDX,01/07/2025,12:17:33,5406.94,0,0,0,0,0,0
UTILS.BSE_IDX,01/07/2025,12:17:41,5407.16,0,0,0,0,0,0
UTILS.BSE_IDX,01/07/2025,12:17:49,5407.55,0,0,0,0,0,0
UTILS.BSE_IDX,01/07/2025,12:17:57,5407.68,0,0,0,0,0,0
UTILS.BSE_IDX,01/07/2025,12:18:05,5408,0,0,0,0,0,0
UTILS.BSE_IDX,01/07/2025,12:18:13,5408.11,0,0,0,0,0,0
UTILS.BSE_IDX,01/07/2025,12:18:21,5409.09,0,0,0,0,0,0
UTILS.BSE_IDX,01/07/2025,12:18:29,5408.92,0,0,0,0,0,0
UTILS.BSE_IDX,01/07/2025,12:18:37,5409.35,0,0,0,0,0,0
UTILS.BSE_IDX,01/07/2025,12:18:45,5409.37,0,0,0,0,0,0
UTILS.BSE_IDX,01/07/2025,12:18:53,5409.55,0,0,0,0,0,0
UTILS.BSE_IDX,01/07/2025,12:19:01,5410.74,0,0,0,0,0,0
UTILS.BSE_IDX,01/07/2025,12:19:09,5409.75,0,0,0,0,0,0
UTILS.BSE_IDX,01/07/2025,12:19:17,5410.31,0,0,0,0,0,0
UTILS.BSE_IDX,01/07/2025,12:19:25,5409.67,0,0,0,0,0,0
UTILS.BSE_IDX,01/07/2025,12:19:33,5410.65,0,0,0,0,0,0
UTILS.BSE_IDX,01/07/2025,12:19:41,5410.99,0,0,0,0,0,0
UTILS.BSE_IDX,01/07/2025,12:19:49,5411.64,0,0,0,0,0,0
UTILS.BSE_IDX,01/07/2025,12:19:57,5411.72,0,0,0,0,0,0
UTILS.BSE_IDX,01/07/2025,12:20:05,5411.25,0,0,0,0,0,0
UTILS.BSE_IDX,01/07/2025,12:20:13,5412.37,0,0,0,0,0,0
UTILS.BSE_IDX,01/07/2025,12:20:21,5412.4,0,0,0,0,0,0
UTILS.BSE_IDX,01/07/2025,12:20:29,5412.07,0,0,0,0,0,0
UTILS.BSE_IDX,01/07/2025,12:20:37,5411.87,0,0,0,0,0,0
UTILS.BSE_IDX,01/07/2025,12:20:45,5411.52,0,0,0,0,0,0
UTILS.BSE_IDX,01/07/2025,12:20:53,5412.16,0,0,0,0,0,0
UTILS.BSE_IDX,01/07/2025,12:21:01,5412.5,0,0,0,0,0,0
UTILS.BSE_IDX,01/07/2025,12:21:09,5411.17,0,0,0,0,0,0
UTILS.BSE_IDX,01/07/2025,12:21:17,5410.6,0,0,0,0,0,0
UTILS.BSE_IDX,01/07/2025,12:21:25,5411.42,0,0,0,0,0,0
UTILS.BSE_IDX,01/07/2025,12:21:33,5411.47,0,0,0,0,0,0
UTILS.BSE_IDX,01/07/2025,12:21:41,5413.07,0,0,0,0,0,0
UTILS.BSE_IDX,01/07/2025,12:21:49,5414.28,0,0,0,0,0,0
UTILS.BSE_IDX,01/07/2025,12:21:57,5414.48,0,0,0,0,0,0
UTILS.BSE_IDX,01/07/2025,12:22:05,5415.32,0,0,0,0,0,0
UTILS.BSE_IDX,01/07/2025,12:22:13,5415.42,0,0,0,0,0,0
UTILS.BSE_IDX,01/07/2025,12:22:21,5415.95,0,0,0,0,0,0
UTILS.BSE_IDX,01/07/2025,12:22:29,5415.44,0,0,0,0,0,0
UTILS.BSE_IDX,01/07/2025,12:22:37,5414.55,0,0,0,0,0,0
UTILS.BSE_IDX,01/07/2025,12:22:45,5414.84,0,0,0,0,0,0
UTILS.BSE_IDX,01/07/2025,12:22:53,5414.84,0,0,0,0,0,0
UTILS.BSE_IDX,01/07/2025,12:23:02,5415.02,0,0,0,0,0,0
UTILS.BSE_IDX,01/07/2025,12:23:09,5414.29,0,0,0,0,0,0
UTILS.BSE_IDX,01/07/2025,12:23:17,5414.28,0,0,0,0,0,0
UTILS.BSE_IDX,01/07/2025,12:23:25,5414.23,0,0,0,0,0,0
UTILS.BSE_IDX,01/07/2025,12:23:33,5414.33,0,0,0,0,0,0
UTILS.BSE_IDX,01/07/2025,12:23:41,5414.43,0,0,0,0,0,0
UTILS.BSE_IDX,01/07/2025,12:23:49,5415.59,0,0,0,0,0,0
UTILS.BSE_IDX,01/07/2025,12:23:57,5414.81,0,0,0,0,0,0
UTILS.BSE_IDX,01/07/2025,12:24:05,5414.84,0,0,0,0,0,0
UTILS.BSE_IDX,01/07/2025,12:24:13,5415.48,0,0,0,0,0,0
UTILS.BSE_IDX,01/07/2025,12:24:21,5415.45,0,0,0,0,0,0
UTILS.BSE_IDX,01/07/2025,12:24:29,5416.28,0,0,0,0,0,0
UTILS.BSE_IDX,01/07/2025,12:24:37,5415.45,0,0,0,0,0,0
UTILS.BSE_IDX,01/07/2025,12:24:45,5414.86,0,0,0,0,0,0
UTILS.BSE_IDX,01/07/2025,12:24:53,5414.62,0,0,0,0,0,0
UTILS.BSE_IDX,01/07/2025,12:25:01,5414.5,0,0,0,0,0,0
UTILS.BSE_IDX,01/07/2025,12:25:09,5414.89,0,0,0,0,0,0
UTILS.BSE_IDX,01/07/2025,12:25:17,5416.15,0,0,0,0,0,0
UTILS.BSE_IDX,01/07/2025,12:25:25,5415.71,0,0,0,0,0,0
UTILS.BSE_IDX,01/07/2025,12:25:33,5415.71,0,0,0,0,0,0
UTILS.BSE_IDX,01/07/2025,12:25:41,5415.48,0,0,0,0,0,0
UTILS.BSE_IDX,01/07/2025,12:25:49,5417.02,0,0,0,0,0,0
UTILS.BSE_IDX,01/07/2025,12:25:57,5416.55,0,0,0,0,0,0
UTILS.BSE_IDX,01/07/2025,12:26:05,5416.67,0,0,0,0,0,0
UTILS.BSE_IDX,01/07/2025,12:26:13,5416.81,0,0,0,0,0,0
UTILS.BSE_IDX,01/07/2025,12:26:21,5416.89,0,0,0,0,0,0
UTILS.BSE_IDX,01/07/2025,12:26:31,5417.22,0,0,0,0,0,0
UTILS.BSE_IDX,01/07/2025,12:26:37,5417.39,0,0,0,0,0,0
UTILS.BSE_IDX,01/07/2025,12:26:45,5417.32,0,0,0,0,0,0
UTILS.BSE_IDX,01/07/2025,12:26:53,5416.96,0,0,0,0,0,0
UTILS.BSE_IDX,01/07/2025,12:27:01,5416.69,0,0,0,0,0,0
UTILS.BSE_IDX,01/07/2025,12:27:09,5415.48,0,0,0,0,0,0
UTILS.BSE_IDX,01/07/2025,12:27:17,5415.75,0,0,0,0,0,0
UTILS.BSE_IDX,01/07/2025,12:27:25,5416.4,0,0,0,0,0,0
UTILS.BSE_IDX,01/07/2025,12:27:33,5416.12,0,0,0,0,0,0
UTILS.BSE_IDX,01/07/2025,12:27:41,5415.4,0,0,0,0,0,0
UTILS.BSE_IDX,01/07/2025,12:27:49,5415.84,0,0,0,0,0,0
UTILS.BSE_IDX,01/07/2025,12:27:57,5416.04,0,0,0,0,0,0
UTILS.BSE_IDX,01/07/2025,12:28:05,5415.97,0,0,0,0,0,0
UTILS.BSE_IDX,01/07/2025,12:28:13,5415.89,0,0,0,0,0,0
UTILS.BSE_IDX,01/07/2025,12:28:21,5415.56,0,0,0,0,0,0
UTILS.BSE_IDX,01/07/2025,12:28:29,5416.02,0,0,0,0,0,0
UTILS.BSE_IDX,01/07/2025,12:28:37,5415.14,0,0,0,0,0,0
UTILS.BSE_IDX,01/07/2025,12:28:45,5415.22,0,0,0,0,0,0
UTILS.BSE_IDX,01/07/2025,12:28:53,5415.53,0,0,0,0,0,0
UTILS.BSE_IDX,01/07/2025,12:29:01,5415.56,0,0,0,0,0,0
UTILS.BSE_IDX,01/07/2025,12:29:10,5415.65,0,0,0,0,0,0
UTILS.BSE_IDX,01/07/2025,12:29:18,5415.72,0,0,0,0,0,0
UTILS.BSE_IDX,01/07/2025,12:29:25,5416.15,0,0,0,0,0,0
UTILS.BSE_IDX,01/07/2025,12:29:33,5415.98,0,0,0,0,0,0
UTILS.BSE_IDX,01/07/2025,12:29:41,5414.37,0,0,0,0,0,0
UTILS.BSE_IDX,01/07/2025,12:29:49,5413.98,0,0,0,0,0,0
UTILS.BSE_IDX,01/07/2025,12:29:57,5414.4,0,0,0,0,0,0
UTILS.BSE_IDX,01/07/2025,12:30:05,5415.91,0,0,0,0,0,0
UTILS.BSE_IDX,01/07/2025,12:30:13,5416.93,0,0,0,0,0,0
UTILS.BSE_IDX,01/07/2025,12:30:22,5416.78,0,0,0,0,0,0
UTILS.BSE_IDX,01/07/2025,12:30:29,5416.34,0,0,0,0,0,0
UTILS.BSE_IDX,01/07/2025,12:30:37,5417.16,0,0,0,0,0,0
UTILS.BSE_IDX,01/07/2025,12:30:45,5417.37,0,0,0,0,0,0
UTILS.BSE_IDX,01/07/2025,12:30:53,5417.3,0,0,0,0,0,0
UTILS.BSE_IDX,01/07/2025,12:31:01,5417.9,0,0,0,0,0,0
UTILS.BSE_IDX,01/07/2025,12:31:09,5418.08,0,0,0,0,0,0
UTILS.BSE_IDX,01/07/2025,12:31:17,5419.27,0,0,0,0,0,0
UTILS.BSE_IDX,01/07/2025,12:31:25,5419.16,0,0,0,0,0,0
UTILS.BSE_IDX,01/07/2025,12:31:34,5418.31,0,0,0,0,0,0
UTILS.BSE_IDX,01/07/2025,12:31:41,5418.22,0,0,0,0,0,0
UTILS.BSE_IDX,01/07/2025,12:31:49,5418.44,0,0,0,0,0,0
UTILS.BSE_IDX,01/07/2025,12:31:57,5418.04,0,0,0,0,0,0
UTILS.BSE_IDX,01/07/2025,12:32:05,5419.39,0,0,0,0,0,0
UTILS.BSE_IDX,01/07/2025,12:32:13,5419.47,0,0,0,0,0,0
UTILS.BSE_IDX,01/07/2025,12:32:21,5419.41,0,0,0,0,0,0
UTILS.BSE_IDX,01/07/2025,12:32:29,5418.13,0,0,0,0,0,0
UTILS.BSE_IDX,01/07/2025,12:32:37,5418.04,0,0,0,0,0,0
UTILS.BSE_IDX,01/07/2025,12:32:45,5418.33,0,0,0,0,0,0
UTILS.BSE_IDX,01/07/2025,12:32:53,5417.65,0,0,0,0,0,0
UTILS.BSE_IDX,01/07/2025,12:33:01,5417.05,0,0,0,0,0,0
UTILS.BSE_IDX,01/07/2025,12:33:09,5417.67,0,0,0,0,0,0
UTILS.BSE_IDX,01/07/2025,12:33:17,5418.22,0,0,0,0,0,0
UTILS.BSE_IDX,01/07/2025,12:33:26,5417.13,0,0,0,0,0,0
UTILS.BSE_IDX,01/07/2025,12:33:33,5417.74,0,0,0,0,0,0
UTILS.BSE_IDX,01/07/2025,12:33:41,5417.91,0,0,0,0,0,0
UTILS.BSE_IDX,01/07/2025,12:33:49,5417.34,0,0,0,0,0,0
UTILS.BSE_IDX,01/07/2025,12:33:57,5417.45,0,0,0,0,0,0
UTILS.BSE_IDX,01/07/2025,12:34:05,5416.67,0,0,0,0,0,0
UTILS.BSE_IDX,01/07/2025,12:34:13,5417.19,0,0,0,0,0,0
UTILS.BSE_IDX,01/07/2025,12:34:21,5417.84,0,0,0,0,0,0
UTILS.BSE_IDX,01/07/2025,12:34:29,5417.66,0,0,0,0,0,0
UTILS.BSE_IDX,01/07/2025,12:34:37,5416.63,0,0,0,0,0,0
UTILS.BSE_IDX,01/07/2025,12:34:45,5416.26,0,0,0,0,0,0
UTILS.BSE_IDX,01/07/2025,12:34:53,5415.8,0,0,0,0,0,0
UTILS.BSE_IDX,01/07/2025,12:35:01,5416.39,0,0,0,0,0,0
UTILS.BSE_IDX,01/07/2025,12:35:09,5417.32,0,0,0,0,0,0
UTILS.BSE_IDX,01/07/2025,12:35:17,5417.29,0,0,0,0,0,0
UTILS.BSE_IDX,01/07/2025,12:35:25,5418.68,0,0,0,0,0,0
UTILS.BSE_IDX,01/07/2025,12:35:33,5418.65,0,0,0,0,0,0
UTILS.BSE_IDX,01/07/2025,12:35:41,5418.39,0,0,0,0,0,0
UTILS.BSE_IDX,01/07/2025,12:35:49,5419,0,0,0,0,0,0
UTILS.BSE_IDX,01/07/2025,12:35:57,5416.58,0,0,0,0,0,0
UTILS.BSE_IDX,01/07/2025,12:36:05,5416.69,0,0,0,0,0,0
UTILS.BSE_IDX,01/07/2025,12:36:13,5417.34,0,0,0,0,0,0
UTILS.BSE_IDX,01/07/2025,12:36:21,5417.48,0,0,0,0,0,0
UTILS.BSE_IDX,01/07/2025,12:36:29,5417.04,0,0,0,0,0,0
UTILS.BSE_IDX,01/07/2025,12:36:37,5417.28,0,0,0,0,0,0
UTILS.BSE_IDX,01/07/2025,12:36:45,5417.53,0,0,0,0,0,0
UTILS.BSE_IDX,01/07/2025,12:36:53,5418.2,0,0,0,0,0,0
UTILS.BSE_IDX,01/07/2025,12:37:01,5418.99,0,0,0,0,0,0
UTILS.BSE_IDX,01/07/2025,12:37:09,5418.21,0,0,0,0,0,0
UTILS.BSE_IDX,01/07/2025,12:37:17,5418.56,0,0,0,0,0,0
UTILS.BSE_IDX,01/07/2025,12:37:25,5418.58,0,0,0,0,0,0
UTILS.BSE_IDX,01/07/2025,12:37:33,5418.63,0,0,0,0,0,0
UTILS.BSE_IDX,01/07/2025,12:37:41,5418.63,0,0,0,0,0,0
UTILS.BSE_IDX,01/07/2025,12:37:49,5416.6,0,0,0,0,0,0
UTILS.BSE_IDX,01/07/2025,12:37:57,5416.08,0,0,0,0,0,0
UTILS.BSE_IDX,01/07/2025,12:38:05,5416.18,0,0,0,0,0,0
UTILS.BSE_IDX,01/07/2025,12:38:13,5416.33,0,0,0,0,0,0
UTILS.BSE_IDX,01/07/2025,12:38:22,5416.3,0,0,0,0,0,0
UTILS.BSE_IDX,01/07/2025,12:38:29,5415.83,0,0,0,0,0,0
UTILS.BSE_IDX,01/07/2025,12:38:39,5415.49,0,0,0,0,0,0
UTILS.BSE_IDX,01/07/2025,12:38:45,5415.16,0,0,0,0,0,0
UTILS.BSE_IDX,01/07/2025,12:38:53,5415.87,0,0,0,0,0,0
UTILS.BSE_IDX,01/07/2025,12:39:01,5415.51,0,0,0,0,0,0
UTILS.BSE_IDX,01/07/2025,12:39:10,5415.44,0,0,0,0,0,0
UTILS.BSE_IDX,01/07/2025,12:39:17,5415.78,0,0,0,0,0,0
UTILS.BSE_IDX,01/07/2025,12:39:25,5415.15,0,0,0,0,0,0
UTILS.BSE_IDX,01/07/2025,12:39:34,5414.66,0,0,0,0,0,0
UTILS.BSE_IDX,01/07/2025,12:39:42,5415.68,0,0,0,0,0,0
UTILS.BSE_IDX,01/07/2025,12:39:49,5414.62,0,0,0,0,0,0
UTILS.BSE_IDX,01/07/2025,12:39:57,5415.33,0,0,0,0,0,0
UTILS.BSE_IDX,01/07/2025,12:40:05,5415.75,0,0,0,0,0,0
UTILS.BSE_IDX,01/07/2025,12:40:14,5414.58,0,0,0,0,0,0
UTILS.BSE_IDX,01/07/2025,12:40:21,5416.15,0,0,0,0,0,0
UTILS.BSE_IDX,01/07/2025,12:40:29,5415.4,0,0,0,0,0,0
UTILS.BSE_IDX,01/07/2025,12:40:37,5415.23,0,0,0,0,0,0
UTILS.BSE_IDX,01/07/2025,12:40:45,5416.38,0,0,0,0,0,0
UTILS.BSE_IDX,01/07/2025,12:40:54,5416.47,0,0,0,0,0,0
UTILS.BSE_IDX,01/07/2025,12:41:01,5416.34,0,0,0,0,0,0
UTILS.BSE_IDX,01/07/2025,12:41:09,5416.57,0,0,0,0,0,0
UTILS.BSE_IDX,01/07/2025,12:41:17,5415.99,0,0,0,0,0,0
UTILS.BSE_IDX,01/07/2025,12:41:25,5415.47,0,0,0,0,0,0
UTILS.BSE_IDX,01/07/2025,12:41:33,5415.65,0,0,0,0,0,0
UTILS.BSE_IDX,01/07/2025,12:41:41,5414.79,0,0,0,0,0,0
UTILS.BSE_IDX,01/07/2025,12:41:49,5416.01,0,0,0,0,0,0
UTILS.BSE_IDX,01/07/2025,12:41:57,5414.64,0,0,0,0,0,0
UTILS.BSE_IDX,01/07/2025,12:42:05,5414.8,0,0,0,0,0,0
UTILS.BSE_IDX,01/07/2025,12:42:13,5415.59,0,0,0,0,0,0
UTILS.BSE_IDX,01/07/2025,12:42:21,5415.54,0,0,0,0,0,0
UTILS.BSE_IDX,01/07/2025,12:42:29,5415.75,0,0,0,0,0,0
UTILS.BSE_IDX,01/07/2025,12:42:37,5415.34,0,0,0,0,0,0
UTILS.BSE_IDX,01/07/2025,12:42:45,5414.99,0,0,0,0,0,0
UTILS.BSE_IDX,01/07/2025,12:42:53,5415.07,0,0,0,0,0,0
UTILS.BSE_IDX,01/07/2025,12:43:01,5415.82,0,0,0,0,0,0
UTILS.BSE_IDX,01/07/2025,12:43:10,5416.52,0,0,0,0,0,0
UTILS.BSE_IDX,01/07/2025,12:43:17,5416.34,0,0,0,0,0,0
UTILS.BSE_IDX,01/07/2025,12:43:26,5416.71,0,0,0,0,0,0
UTILS.BSE_IDX,01/07/2025,12:43:33,5416.47,0,0,0,0,0,0
UTILS.BSE_IDX,01/07/2025,12:43:41,5417.27,0,0,0,0,0,0
UTILS.BSE_IDX,01/07/2025,12:43:49,5416.91,0,0,0,0,0,0
UTILS.BSE_IDX,01/07/2025,12:43:58,5416.87,0,0,0,0,0,0
UTILS.BSE_IDX,01/07/2025,12:44:05,5416.45,0,0,0,0,0,0
UTILS.BSE_IDX,01/07/2025,12:44:14,5416.32,0,0,0,0,0,0
UTILS.BSE_IDX,01/07/2025,12:44:21,5415.87,0,0,0,0,0,0
UTILS.BSE_IDX,01/07/2025,12:44:29,5415.69,0,0,0,0,0,0
UTILS.BSE_IDX,01/07/2025,12:44:38,5414.32,0,0,0,0,0,0
UTILS.BSE_IDX,01/07/2025,12:44:45,5414.18,0,0,0,0,0,0
UTILS.BSE_IDX,01/07/2025,12:44:53,5413.94,0,0,0,0,0,0
UTILS.BSE_IDX,01/07/2025,12:45:01,5414.03,0,0,0,0,0,0
UTILS.BSE_IDX,01/07/2025,12:45:11,5414.5,0,0,0,0,0,0
UTILS.BSE_IDX,01/07/2025,12:45:17,5414.07,0,0,0,0,0,0
UTILS.BSE_IDX,01/07/2025,12:45:25,5414.05,0,0,0,0,0,0
UTILS.BSE_IDX,01/07/2025,12:45:34,5414.57,0,0,0,0,0,0
UTILS.BSE_IDX,01/07/2025,12:45:42,5413.82,0,0,0,0,0,0
UTILS.BSE_IDX,01/07/2025,12:45:50,5413.74,0,0,0,0,0,0
UTILS.BSE_IDX,01/07/2025,12:45:58,5414.05,0,0,0,0,0,0
UTILS.BSE_IDX,01/07/2025,12:46:06,5413.86,0,0,0,0,0,0
UTILS.BSE_IDX,01/07/2025,12:46:14,5413.9,0,0,0,0,0,0
UTILS.BSE_IDX,01/07/2025,12:46:22,5413.57,0,0,0,0,0,0
UTILS.BSE_IDX,01/07/2025,12:46:30,5412.92,0,0,0,0,0,0
UTILS.BSE_IDX,01/07/2025,12:46:38,5412.53,0,0,0,0,0,0
UTILS.BSE_IDX,01/07/2025,12:46:46,5413.04,0,0,0,0,0,0
UTILS.BSE_IDX,01/07/2025,12:46:54,5411.96,0,0,0,0,0,0
UTILS.BSE_IDX,01/07/2025,12:47:02,5411.61,0,0,0,0,0,0
UTILS.BSE_IDX,01/07/2025,12:47:10,5411.39,0,0,0,0,0,0
UTILS.BSE_IDX,01/07/2025,12:47:18,5411.47,0,0,0,0,0,0
UTILS.BSE_IDX,01/07/2025,12:47:26,5412.76,0,0,0,0,0,0
UTILS.BSE_IDX,01/07/2025,12:47:34,5412.54,0,0,0,0,0,0
UTILS.BSE_IDX,01/07/2025,12:47:42,5412.6,0,0,0,0,0,0
UTILS.BSE_IDX,01/07/2025,12:47:50,5412.37,0,0,0,0,0,0
UTILS.BSE_IDX,01/07/2025,12:47:58,5412.41,0,0,0,0,0,0
UTILS.BSE_IDX,01/07/2025,12:48:06,5412.37,0,0,0,0,0,0
UTILS.BSE_IDX,01/07/2025,12:48:14,5411.84,0,0,0,0,0,0
UTILS.BSE_IDX,01/07/2025,12:48:22,5412.98,0,0,0,0,0,0
UTILS.BSE_IDX,01/07/2025,12:48:30,5412.15,0,0,0,0,0,0
UTILS.BSE_IDX,01/07/2025,12:48:38,5411.87,0,0,0,0,0,0
UTILS.BSE_IDX,01/07/2025,12:48:46,5411.74,0,0,0,0,0,0
UTILS.BSE_IDX,01/07/2025,12:48:54,5411.53,0,0,0,0,0,0
UTILS.BSE_IDX,01/07/2025,12:49:02,5410.96,0,0,0,0,0,0
UTILS.BSE_IDX,01/07/2025,12:49:10,5411.51,0,0,0,0,0,0
UTILS.BSE_IDX,01/07/2025,12:49:18,5411.35,0,0,0,0,0,0
UTILS.BSE_IDX,01/07/2025,12:49:26,5410.46,0,0,0,0,0,0
UTILS.BSE_IDX,01/07/2025,12:49:34,5411.49,0,0,0,0,0,0
UTILS.BSE_IDX,01/07/2025,12:49:42,5411.59,0,0,0,0,0,0
UTILS.BSE_IDX,01/07/2025,12:49:50,5410.93,0,0,0,0,0,0
UTILS.BSE_IDX,01/07/2025,12:49:58,5411.2,0,0,0,0,0,0
UTILS.BSE_IDX,01/07/2025,12:50:06,5410.12,0,0,0,0,0,0
UTILS.BSE_IDX,01/07/2025,12:50:14,5409.65,0,0,0,0,0,0
UTILS.BSE_IDX,01/07/2025,12:50:22,5410.7,0,0,0,0,0,0
UTILS.BSE_IDX,01/07/2025,12:50:30,5412.18,0,0,0,0,0,0
UTILS.BSE_IDX,01/07/2025,12:50:38,5412.6,0,0,0,0,0,0
UTILS.BSE_IDX,01/07/2025,12:50:47,5412.32,0,0,0,0,0,0
UTILS.BSE_IDX,01/07/2025,12:50:54,5412.06,0,0,0,0,0,0
UTILS.BSE_IDX,01/07/2025,12:51:02,5411.96,0,0,0,0,0,0
UTILS.BSE_IDX,01/07/2025,12:51:10,5411.48,0,0,0,0,0,0
UTILS.BSE_IDX,01/07/2025,12:51:19,5411.48,0,0,0,0,0,0
UTILS.BSE_IDX,01/07/2025,12:51:26,5410.94,0,0,0,0,0,0
UTILS.BSE_IDX,01/07/2025,12:51:34,5411.43,0,0,0,0,0,0
UTILS.BSE_IDX,01/07/2025,12:51:42,5411.07,0,0,0,0,0,0
UTILS.BSE_IDX,01/07/2025,12:51:50,5410.81,0,0,0,0,0,0
UTILS.BSE_IDX,01/07/2025,12:51:58,5411.57,0,0,0,0,0,0
UTILS.BSE_IDX,01/07/2025,12:52:06,5411.71,0,0,0,0,0,0
UTILS.BSE_IDX,01/07/2025,12:52:14,5411.66,0,0,0,0,0,0
UTILS.BSE_IDX,01/07/2025,12:52:22,5410.43,0,0,0,0,0,0
UTILS.BSE_IDX,01/07/2025,12:52:30,5410.03,0,0,0,0,0,0
UTILS.BSE_IDX,01/07/2025,12:52:38,5409.44,0,0,0,0,0,0
UTILS.BSE_IDX,01/07/2025,12:52:46,5409.32,0,0,0,0,0,0
UTILS.BSE_IDX,01/07/2025,12:52:54,5410.85,0,0,0,0,0,0
UTILS.BSE_IDX,01/07/2025,12:53:02,5410.75,0,0,0,0,0,0
UTILS.BSE_IDX,01/07/2025,12:53:10,5410.77,0,0,0,0,0,0
UTILS.BSE_IDX,01/07/2025,12:53:18,5410.25,0,0,0,0,0,0
UTILS.BSE_IDX,01/07/2025,12:53:26,5410.25,0,0,0,0,0,0
UTILS.BSE_IDX,01/07/2025,12:53:34,5410.51,0,0,0,0,0,0
UTILS.BSE_IDX,01/07/2025,12:53:42,5410.75,0,0,0,0,0,0
UTILS.BSE_IDX,01/07/2025,12:53:50,5410.25,0,0,0,0,0,0
UTILS.BSE_IDX,01/07/2025,12:53:58,5410.26,0,0,0,0,0,0
UTILS.BSE_IDX,01/07/2025,12:54:06,5410.35,0,0,0,0,0,0
UTILS.BSE_IDX,01/07/2025,12:54:14,5410.15,0,0,0,0,0,0
UTILS.BSE_IDX,01/07/2025,12:54:22,5410.88,0,0,0,0,0,0
UTILS.BSE_IDX,01/07/2025,12:54:30,5411.16,0,0,0,0,0,0
UTILS.BSE_IDX,01/07/2025,12:54:38,5411.59,0,0,0,0,0,0
UTILS.BSE_IDX,01/07/2025,12:54:46,5410.79,0,0,0,0,0,0
UTILS.BSE_IDX,01/07/2025,12:54:54,5410.46,0,0,0,0,0,0
UTILS.BSE_IDX,01/07/2025,12:55:02,5410.64,0,0,0,0,0,0
UTILS.BSE_IDX,01/07/2025,12:55:10,5410.8,0,0,0,0,0,0
UTILS.BSE_IDX,01/07/2025,12:55:18,5411.03,0,0,0,0,0,0
UTILS.BSE_IDX,01/07/2025,12:55:26,5410.73,0,0,0,0,0,0
UTILS.BSE_IDX,01/07/2025,12:55:34,5410.64,0,0,0,0,0,0
UTILS.BSE_IDX,01/07/2025,12:55:42,5410.96,0,0,0,0,0,0
UTILS.BSE_IDX,01/07/2025,12:55:50,5411.09,0,0,0,0,0,0
UTILS.BSE_IDX,01/07/2025,12:55:58,5410.39,0,0,0,0,0,0
UTILS.BSE_IDX,01/07/2025,12:56:06,5411.38,0,0,0,0,0,0
UTILS.BSE_IDX,01/07/2025,12:56:15,5410.98,0,0,0,0,0,0
UTILS.BSE_IDX,01/07/2025,12:56:22,5411.24,0,0,0,0,0,0
UTILS.BSE_IDX,01/07/2025,12:56:30,5410.88,0,0,0,0,0,0
UTILS.BSE_IDX,01/07/2025,12:56:38,5410.32,0,0,0,0,0,0
UTILS.BSE_IDX,01/07/2025,12:56:46,5410.11,0,0,0,0,0,0
UTILS.BSE_IDX,01/07/2025,12:56:54,5409.24,0,0,0,0,0,0
UTILS.BSE_IDX,01/07/2025,12:57:02,5408.65,0,0,0,0,0,0
UTILS.BSE_IDX,01/07/2025,12:57:10,5408.38,0,0,0,0,0,0
UTILS.BSE_IDX,01/07/2025,12:57:18,5410.07,0,0,0,0,0,0
UTILS.BSE_IDX,01/07/2025,12:57:26,5409.83,0,0,0,0,0,0
UTILS.BSE_IDX,01/07/2025,12:57:34,5408.98,0,0,0,0,0,0
UTILS.BSE_IDX,01/07/2025,12:57:42,5409.16,0,0,0,0,0,0
UTILS.BSE_IDX,01/07/2025,12:57:51,5408.51,0,0,0,0,0,0
UTILS.BSE_IDX,01/07/2025,12:57:58,5408.64,0,0,0,0,0,0
UTILS.BSE_IDX,01/07/2025,12:58:06,5408.12,0,0,0,0,0,0
UTILS.BSE_IDX,01/07/2025,12:58:14,5409.13,0,0,0,0,0,0
UTILS.BSE_IDX,01/07/2025,12:58:22,5408.13,0,0,0,0,0,0
UTILS.BSE_IDX,01/07/2025,12:58:30,5408.53,0,0,0,0,0,0
UTILS.BSE_IDX,01/07/2025,12:58:38,5408.68,0,0,0,0,0,0
UTILS.BSE_IDX,01/07/2025,12:58:46,5408.38,0,0,0,0,0,0
UTILS.BSE_IDX,01/07/2025,12:58:54,5408.5,0,0,0,0,0,0
UTILS.BSE_IDX,01/07/2025,12:59:02,5407.96,0,0,0,0,0,0
UTILS.BSE_IDX,01/07/2025,12:59:10,5407.06,0,0,0,0,0,0
UTILS.BSE_IDX,01/07/2025,12:59:18,5407.27,0,0,0,0,0,0
UTILS.BSE_IDX,01/07/2025,12:59:26,5407.85,0,0,0,0,0,0
UTILS.BSE_IDX,01/07/2025,12:59:34,5407.74,0,0,0,0,0,0
UTILS.BSE_IDX,01/07/2025,12:59:42,5407.73,0,0,0,0,0,0
UTILS.BSE_IDX,01/07/2025,12:59:50,5407.58,0,0,0,0,0,0
UTILS.BSE_IDX,01/07/2025,12:59:58,5407.47,0,0,0,0,0,0
UTILS.BSE_IDX,01/07/2025,13:00:06,5407.94,0,0,0,0,0,0
UTILS.BSE_IDX,01/07/2025,13:00:14,5408.66,0,0,0,0,0,0
UTILS.BSE_IDX,01/07/2025,13:00:22,5407.9,0,0,0,0,0,0
UTILS.BSE_IDX,01/07/2025,13:00:30,5407.69,0,0,0,0,0,0
UTILS.BSE_IDX,01/07/2025,13:00:38,5407.08,0,0,0,0,0,0
UTILS.BSE_IDX,01/07/2025,13:00:46,5407.01,0,0,0,0,0,0
UTILS.BSE_IDX,01/07/2025,13:00:54,5407,0,0,0,0,0,0
UTILS.BSE_IDX,01/07/2025,13:01:02,5406.97,0,0,0,0,0,0
UTILS.BSE_IDX,01/07/2025,13:01:10,5405.89,0,0,0,0,0,0
UTILS.BSE_IDX,01/07/2025,13:01:18,5405.48,0,0,0,0,0,0
UTILS.BSE_IDX,01/07/2025,13:01:26,5405.89,0,0,0,0,0,0
UTILS.BSE_IDX,01/07/2025,13:01:35,5406,0,0,0,0,0,0
UTILS.BSE_IDX,01/07/2025,13:01:42,5405.61,0,0,0,0,0,0
UTILS.BSE_IDX,01/07/2025,13:01:50,5405.68,0,0,0,0,0,0
UTILS.BSE_IDX,01/07/2025,13:01:58,5406.27,0,0,0,0,0,0
UTILS.BSE_IDX,01/07/2025,13:02:06,5406.7,0,0,0,0,0,0
UTILS.BSE_IDX,01/07/2025,13:02:14,5406.57,0,0,0,0,0,0
UTILS.BSE_IDX,01/07/2025,13:02:22,5406.38,0,0,0,0,0,0
UTILS.BSE_IDX,01/07/2025,13:02:30,5406.51,0,0,0,0,0,0
UTILS.BSE_IDX,01/07/2025,13:02:39,5406.6,0,0,0,0,0,0
UTILS.BSE_IDX,01/07/2025,13:02:46,5406.37,0,0,0,0,0,0
